2546 3992
177 165 237 229 534
397 183 536 230 usuusnr
555 185 656 232 rursus
676 185 757 232 runis
778 186 924 234 cercuros.

178 284 453 348 ann04583ddem
463 285 519 348 iuit
527 286 722 367 efflagitatum
732 287 765 348 in
776 289 909 351 comitiis
918 289 995 354 Gleri
1005 291 1154 356 Gallicani

180 391 259 437 anno
270 378 359 438 1585.
373 375 449 438 Vide
463 375 520 438 elie
533 393 582 458 ap.
600 375 714 438 Bened.
733 379 819 454 XIV3
833 383 863 440 et
877 379 983 456 Bonis,
1001 380 1048 444 ue
1061 382 1155 465 Epis·

179 481 268 541 copo,
290 469 311 526 t.
328 468 368 540 Ξ,
384 483 415 546 p.
430 467 507 541 225,
521 471 578 526 etc.

217 551 304 624 Oudd
316 554 387 616 uero
401 552 577 616 hodiernam
592 554 694 618 Galiiae
703 557 953 620 consuetudinem
975 558 1151 625 ebsoumdi
1170 593 1174 598 ·

178 640 217 702 eb
230 641 334 705 haeresi
350 642 423 704 nolit
436 643 603 726 approbare
617 646 648 708 S.
665 643 768 721 Sedes,
783 651 864 729 petet
877 666 915 710 ex
925 647 961 710 iis
976 668 1045 730 quar
1060 651 1152 714 refert

178 737 280 792 auctor
293 733 393 812 operis
405 733 562 813 proscripti
577 751 584 794 :
599 733 740 798 Mimoire
752 755 805 797 sar
819 735 849 799 ia
862 737 1005 799 situation
1014 742 1154 820 possem

177 817 212 880 de
226 819 354 901 I'Eptise
369 819 522 883 Gallicane
544 821 747 886 relativement
769 843 808 886 aa
820 823 901 887 droit
918 829 1098 900 contererer.
1116 831 1150 892 in

178 927 238 988 quo
247 910 288 989 tp.
301 911 369 986 tot)
384 909 507 990 legitur:
527 930 544 969 r
563 909 602 973 Le
616 913 783 976 Gonciledc
796 916 895 992 Paris,
911 933 950 978 en
964 919 1151 999 proscrivant

177 1019 193 1056 o
217 995 337 1058 l'oeuvre
351 997 389 1060 de
403 998 430 1059 ia
440 999 642 1078 Misericorde‚
657 1003 734 1064 avait
746 1001 875 1066 de'fendu
891 1021 948 1068 aux
958 1007 1150 1072 confesseurs

177 1108 192 1144 n
216 1085 394 1149 d‘ebsoudre
408 1087 450 1150 les
463 1088 586 1171 adeptos
601 1089 640 1152 de
653 1097 730 1153 cette
745 1099 843 1172 secte,
859 1096 877 1156 d
895 1095 993 1158 moins
1005 1097 1095 1179 qu’ils
1108 1117 1149 1162 ne

177 1197 192 1232 n
216 1173 401 1238 donnessent
413 1177 467 1240 des
476 1197 602 1260 preuves
614 1180 825 1264 authentiques
838 1181 875 1246 de
888 1183 954 1247 leur
967 1187 1107 1268 repentia
1117 1193 1149 1251 et

177 1285 192 1320 n
217 1264 305 1345 qu'ds
319 1265 538 1345 n’abjurassent
559 1267 640 1332 leurs
657 1289 786 1334 erreurs.
808 1272 851 1334 Le
872 1275 1091 1356 congregation
1104 1279 1147 1341 du

177 1373 193 1410 »
217 1353 339 1416 concile
352 1354 531 1419 ademunde
545 1359 554 1394 ¹
568 1359 660 1440 qu'on
674 1361 788 1440 ajouttt
799 1366 875 1424 cette
886 1361 987 1426 clause
1001 1365 1025 1426 si
1041 1385 1144 1446 greum
1261 1408 1262 1427 r

178 1463 192 1498 n
216 1449 245 1502 et
257 1441 275 1502 ἁ
288 1443 380 1505 moins
392 1465 447 1526 que
466 1445 494 1507 le
506 1447 668 1528 consesseur
681 1449 757 1510 a'ait
770 1449 874 1512 obtenu
888 1451 929 1515 les
952 1454 1077 1534 fceaite‘s
1096 1459 1147 1517 ue'·

178 1553 192 1588 n
216 1532 352 1593 cessaires
365 1533 403 1594 da
417 1533 504 1616 Sie'qe
516 1535 704 1620 Apostoiique
721 1539 791 1616 (nisi
804 1541 1019 1623 iasuperiidem
1031 1543 1147 1606 anima-

178 1642 192 1678 »
218 1639 283 1680 rom
296 1629 444 1685 curatores
461 1633 636 1700 opportunas
659 1626 692 1688 ia
707 1626 741 1690 id
760 1627 913 1692 facultates
925 1629 964 1692 ab
979 1631 1147 1705 Apertaiied

183 1728 197 1765 ι
222 1706 297 1769 Sede
307 1707 506 1786 obtinuerint).
523 1733 538 1770 a
555 1713 943 1794 HaecinsuperconstentG.
956 1720 1045 1801 Apost
1073 1722 1146 1785 Sed.

221 1795 295 1857 Vide
314 1815 363 1876 ap.
380 1797 475 1859 Bouix
491 1797 524 1882 (t.
545 1804 575 1862 2.
600 1821 629 1882 p.
654 1803 726 1884 233)
742 1804 931 1869 solutionem
950 1812 1154 1890 quarumdam

181 1883 399 1961 objectionum.

220 1972 323 2044 Ouoed
339 1981 514 2055 potestatem
525 1997 616 2061 quem
631 1981 743 2044 hubent
765 1983 916 2066 Episcopi,
932 2003 986 2068 per
999 1991 1089 2052 seret
1101 2012 1152 2070 per

181 2059 345 2140 Vicinium,
368 2063 539 2130 absotvendi
559 2069 596 2131 ab
617 2068 722 2133 haeresi
752 2072 784 2133 in
813 2075 994 2153 quibusdam
1020 2079 1153 2149 casibus,

181 2149 316 2213 dicemus
329 2149 406 2216 inira
422 2151 537 2236 (rios).
549 2159 636 2238 etc),
652 2159 807 2242 loquendo
819 2161 858 2225 de
868 2165 985 2246 Vicerio
1000 2169 1139 2232 (teneruit

611 2311 630 2394 g
648 2313 725 2378 XIII.

308 2440 355 2504 De
362 2451 507 2525 potestate
520 2447 662 2532 Episcopi
675 2471 756 2517 casus
768 2455 828 2519 siti
840 2463 1018 2528 reservandi.

220 2603 289 2665 999.
317 2601 436 2665 Certum
458 2610 504 2666 est
520 2613 691 2688 competere
714 2611 870 2696 Episcopis
892 2623 1067 2699 potestatem
1093 2621 1151 2685 sibi

181 2707 268 2752 cesus
281 2691 462 2755 reservandi.
491 2693 562 2757 Vide
584 2697 697 2761 Concil.
722 2701 869 2783 Trident.‚
888 2725 961 2770 sess.
977 2711 1035 2786 tt,
1050 2717 1149 2792 cept.

218 2777 964 2873 convenientidsautemEpiscopihencpotestetem
972 2805 1110 2862 exercent
1118 2800 1150 2862 in

179 2866 303 2948 synodo
314 2883 323 2927 τ
334 2875 443 2950 praeter
454 2871 549 2936 varias
560 2875 691 2940 rationes
705 2897 780 2960 quas
793 2879 877 2944 affert
892 2885 1002 2948 Bened.
1013 2887 1078 2949 XIV
1092 2889 1151 2968 (De

178 2954 1149 3055 Syra,lib.5‚cap.i‚n⁰3)haecpracsertimestponderandazrlu

178 3065 194 3102 r
219 3045 342 3126 Synodo
353 3042 430 3109 teca
442 3048 622 3132 (reservatio)
637 3053 734 3118 induit
745 3064 881 3123 usturam
892 3062 1051 3146 legisque,
1063 3065 1149 3130 nulio

179 3153 196 3192 a
219 3132 457 3214 contradicente,
471 3145 615 3220 perpetue
628 3149 688 3223 est,
703 3153 748 3226 ct,
758 3149 893 3230 quandiu
904 3171 966 3215 uon
979 3166 1146 3238 revocetur,

145 3331 149 3340 ,
210 3289 249 3334 ⁰«
267 3285 370 3339 Locutio
388 3289 441 3341 heo
458 3306 474 3343 a
492 3293 608 3346 demendi
626 3306 739 3352 accurata
761 3315 810 3352 non
827 3308 878 3365 est,
896 3304 976 3372 nquit
997 3305 1073 3358 Bouir
1086 3307 1145 3374 (it,

183 3377 193 3408 r
209 3374 234 3425 p.
246 3357 311 3419 232).
324 3358 401 3422 Hauc,
413 3361 556 3427 intendes,
565 3368 741 3421 correctionem
751 3371 884 3424 iaciendum
894 3375 1040 3441 significarit
1049 3380 1074 3432 S.
1084 3381 1146 3434 Ceu·

182 3448 193 3478 r
209 3429 329 3494 gregatis,
342 3445 388 3482 nec
396 3431 455 3484 lieet
463 3435 623 3488 conciliarum
636 3441 821 3494 Prouincialium
833 3445 928 3496 decreta
937 3448 1018 3512 edere,
1027 3452 1074 3503 nisi
1086 3467 1143 3509 cum

183 3517 194 3547 ι
212 3499 380 3552 indicatist.
393 3502 693 3570 Congraorrectionibus.
704 3513 753 3563 »m
766 3529 911 3567 severacum
919 3518 1145 3578 hicemeudstiane

181 3571 245 3621 edita
257 3571 326 3622 tuere
338 3571 434 3624 decretu
445 3574 538 3626 concii.
552 3576 694 3630 Perisiensis
703 3584 759 3630 enni
772 3584 843 3644 isse
855 3586 914 3640 Vide
924 3603 997 3656 cupre
1009 3593 1070 3657 (86).
