2588 3994
183 184 242 248 too
404 162 541 248 umorue
560 202 662 250 nonus
682 165 764 250 rums
784 201 931 248 cruorum.

183 297 315 360 Sanchez
328 298 392 377 (m,
411 318 441 360 n.
466 303 503 362 42
526 307 556 364 et
575 300 640 380 55t3
656 299 709 362 sed
730 297 838 362 merito
856 296 983 379 ipsemet
1001 294 1161 375 Sanchez‚

183 404 253 448 cum
269 386 436 450 innumeris
450 388 530 466 alin,
545 388 780 473 propositionem
790 392 892 448 tuetur
901 388 963 448 tum
972 405 1026 468 pro
1040 386 1164 448 interno

184 477 275 556 qutm
291 495 346 558 pro
359 485 498 540 externo:
517 499 532 537 c
546 479 637 554 Quia,
652 478 767 559 inquit,
778 475 1042 554 eademetmajom
1053 475 1164 538 incon·
1274 459 1275 480 ³

183 587 199 624 t>
223 566 387 643 uenientia,
404 573 434 628 et
447 567 586 630 scandula
600 571 780 648 sequuntur,
792 565 816 626 si
826 571 909 646 gestu
923 563 952 626 in
967 563 1031 626 foro
1041 564 1162 626 interno
1274 571 1275 648 t

184 677 199 713 r
226 655 306 717 nulla
322 661 436 732 essent,
451 675 487 719 ac
501 657 524 718 si
539 663 621 738 gesta
631 658 661 718 in
676 656 741 718 foro
755 661 897 728 externo,
909 675 923 712 u
942 661 972 715 et
983 653 1067 735 quod
1079 655 1164 716 valet

184 763 239 894 pro
252 743 317 806 foro
332 751 470 824 externo,
486 746 563 808 volet
582 751 612 810 et
632 765 687 830 pro
708 744 841 822 interno,
857 743 914 806 nisi
928 741 965 806 sit
977 743 1053 805 ratio
1068 761 1162 806 secus

206 833 352 896 ccidendi.
1274 833 1275 862 ⁴

225 953 293 1012 297.
317 949 432 1012 Dicitur
448 955 498 1012 4⁰:
522 950 607 1012 Modo
627 950 738 1012 existat
758 967 842 1010 error
858 945 1027 1017 communis,
1045 952 1076 1008 et
1086 965 1160 1029 pro-

189 1037 294 1099 tatius
306 1039 385 1100 circo
404 1039 509 1100 uitium
525 1039 618 1101 tituli.
639 1038 716 1102 lilud
731 1042 848 1102 constat
865 1055 902 1110 ex
917 1035 975 1118 leg.
992 1035 1161 1099 Barbarus

187 1134 215 1188 et
230 1146 296 1188 can.
322 1127 447 1210 Infantis
468 1148 560 1211 supra
581 1129 688 1192 citatis.
713 1131 780 1190 Non
801 1126 952 1189 sufficeret
975 1144 1047 1206 crgo
1073 1144 1160 1188 error

185 1215 278 1278 unius
287 1216 332 1278 rel
340 1217 478 1296 nterim,
493 1219 563 1300 quia
577 1237 613 1281 ex
626 1218 678 1280 tuti
697 1236 797 1280 errore
812 1235 872 1278 non
894 1215 1182 1298 sequunturincon·

188 1305 334 1368 venientia
343 1307 536 1385 ascendam,
552 1308 663 1390 quibus
676 1307 770 1370 voluit
782 1323 942 1369 occurrere
952 1306 1020 1385 jus,
1035 1302 1159 1385 quando
1274 1341 1275 1348 ι

188 1413 271 1456 error
290 1403 370 1459 esset
395 1398 585 1470 communis;
608 1397 690 1460 unde
710 1395 861 1459 sufficiens
884 1413 946 1458 non
972 1399 1051 1456 esset
1075 1412 1159 1457 orror
1274 1429 1275 1474 t

188 1484 280 1547 solius
297 1486 490 1549 concedentis
502 1487 624 1550 titulum
638 1485 833 1548 existimantis
846 1483 931 1547 illum
949 1483 998 1546 cui
1020 1483 1159 1546 concedit
1274 1493 1275 1514 ³

133 1615 139 1624 ·
188 1565 253 1636 c'sse
267 1574 408 1636 habilem.
424 1575 601 1638 Referemus
614 1581 714 1638 tumen
730 1574 805 1637 inire
814 1573 995 1636 decisionem
1005 1574 1036 1636 S.
1047 1574 1155 1654 Congr.
1274 1575 1275 1660 ἶ

188 1665 294 1742 Cone,
310 1683 379 1746 qum
392 1665 509 1727 videtur
523 1666 707 1728 contrarium
722 1683 892 1746 supponere
907 1665 1017 1742 (4366).
1119 1701 1131 1712 -

228 1779 296 1838 298.
325 1799 340 1835 c
360 1779 426 1838 Non
440 1776 549 1839 suflicit
561 1794 645 1840 error
659 1777 829 1839 communis
844 1777 868 1838 si
883 1793 1001 1838 crassus
1014 1775 1059 1837 vei
1075 1772 1157 1856 supi·
1274 1817 1275 1862 ἶ

189 1886 203 1922 ν)
228 1883 286 1926 nus
306 1865 344 1927 sit
363 1865 427 1942 (scd
448 1873 565 1948 oportet
585 1885 649 1928 csse
668 1865 884 1947 probabilem),
902 1864 973 1944 quia
999 1864 1048 1926 ille
1075 1883 1157 1926 error
1274 1863 1275 1900 ³

189 1976 203 2012 n
228 1953 359 2016 scicntiae
372 1955 584 2036 comparatur,
595 1959 647 2018 ic.
657 1961 687 2034 2,
698 1956 732 2018 dc
744 1955 882 2030 Constit,
892 1954 922 2015 in
932 1958 964 2016 θ’
976 1973 983 2014 :
995 1960 1029 2015 ut
1042 1952 1067 2015 si
1081 1953 1111 2014 in
1121 1972 1157 2016 co

189 2063 204 2101 u
229 2043 338 2125 oppido
354 2042 474 2125 publice
494 2045 602 2127 aliquis
623 2045 783 2108 damnatus
797 2050 889 2120 esset,
905 2043 951 2106 vel
963 2042 1158 2106 denuntiatus

189 2155 204 2191 u
228 2131 266 2194 de
285 2132 385 2214 aliquo
406 2134 635 2216 impedimento,
661 2135 700 2196 ob
721 2133 803 2216 quod
820 2139 899 2196 essct
918 2133 1044 2216 incapax
1067 2131 1158 2194 ofiicii

189 2243 204 2280 ν)
229 2220 347 2284 iliius.»
366 2225 524 2303 (Scnchez‚
540 2223 595 2302 tu,
612 2236 646 2286 ννο
661 2224 703 2307 8.)

229 2340 297 2399 299.
313 2335 347 2398 in
359 2335 528 2399 cssumodt
540 2338 557 2398 t
568 2335 806 2413 Scnchezaiiato,
820 2335 937 2397 videtur
947 2335 994 2417 agi
1007 2333 1045 2397 de
1057 2353 1158 2399 erroro

187 2426 263 2503 juris
290 2445 351 2506 quo
374 2426 528 2506 ignoratur
542 2443 581 2487 nn
601 2425 686 2507 quis,
704 2431 826 2508 propter
839 2423 991 2487 desectum
1005 2423 1155 2506 aliquem,
1274 2421 1275 2462 i

191 2513 327 2576 inhabilis
341 2513 393 2576 fiat
406 2535 413 2590 ;
427 2517 517 2596 porro
533 2515 634 2598 piures
647 2515 772 2596 exigunt
785 2512 867 2596 quod
883 2531 966 2575 error
986 2515 1158 2578 communis

190 2601 357 2682 legitimans
384 2604 504 2666 titulum
532 2603 720 2686 putativum,
736 2605 774 2666 sit
792 2621 875 2666 error
902 2601 1064 2684 probabilis
1083 2603 1158 2685 sacti
1274 2621 1275 2628 ¹

187 2692 272 2772 juxta
292 2693 428 2774 regulam
447 2695 534 2774 iuris,
558 2695 615 2770 13,
639 2693 669 2754 in
692 2697 743 2755 6⁰:
763 2715 779 2753 u
797 2691 971 2775 concientia·
985 2692 1078 2775 sacti,
1100 2713 1158 2755 non

189 2801 204 2838 a
222 2779 306 2860 juris
319 2791 447 2844 excusat.
463 2803 479 2842 n
498 2785 534 2844 V.
550 2783 711 2864 Loquetur,
726 2794 760 2844 ννο
773 2787 812 2846 60
824 2829 832 2860 ,
842 2793 873 2844 v⁰
884 2780 987 2844 Plures
995 2797 1009 2858 ,·
1019 2780 1154 2845 Prolem.
1274 2795 1275 2860 j

189 2868 224 2930 S.
235 2869 376 2953 Sulpicii,
392 2881 436 2933 n⁰·
451 2874 595 2936 uso-258.
612 2875 705 2935 Secus
717 2873 900 2954 opinaturD.
910 2870 1003 2933 Bouix
1013 2871 1061 2946 ‚cle
1074 2871 1159 2934 ludi·

188 2957 243 3020 ciis
261 2957 303 3041 (p.
319 2959 392 3036 13³,
407 2965 430 3022 t.
448 2962 493 3042 t),
508 2961 560 3023 ubi
575 2961 855 3024 asseritEcciesiam
870 2961 1010 3042 supplere
1020 2961 1158 3040 J'urisdio

190 3045 302 3109 tionem
316 3048 346 3110 in
361 3067 434 3112 cusu
443 3051 552 3112 erroris
563 3052 734 3114 communis
743 3051 829 3130 juris.

229 3153 297 3213 300.
320 3149 437 3214 Suiiicit
450 3152 533 3234 quod
546 3171 629 3215 error
642 3153 681 3215 sit
694 3152 864 3216 communis
877 3152 908 3214 in
925 3152 992 3216 loco
1006 3153 1057 3217 ubi
1072 3161 1157 3218 nctus

189 3245 291 3320 gestus
304 3239 374 3316 fuit,
385 3242 522 3322 quamvis
536 3242 566 3304 in
580 3242 637 3306 alio
651 3243 786 3306 notorius
795 3248 887 3315 essct,
898 3242 990 3306 modo
1004 3243 1044 3306 ito
1050 3244 1088 3306 sit
1100 3245 1158 3307 dis·

142 3341 147 3352 ’
188 3335 256 3390 tens
270 3328 319 3392 hic
332 3329 435 3408 locus,
451 3337 485 3393 ut
499 3331 695 3394 verisimiliter
715 3331 818 3394 notitia
832 3349 893 3394 non
913 3333 1044 3413 potuerit
1056 3335 1157 3397 venire
1274 3367 1275 3372 κ

189 3418 226 3480 ad
241 3417 342 3480 iocum
357 3418 408 3480 ubi
422 3425 506 3482 nctus
521 3427 659 3501 peractus
671 3419 729 3482 fuit
741 3421 875 3497 (Senon,
888 3421 943 3498 in,
953 3435 986 3482 n⁰
996 3421 1157 3502 9).-im‹t

189 3505 304 3568 etiamsi
328 3509 462 3570 notorius
480 3507 582 3572 fuisset
596 3511 668 3570 olim
691 3510 722 3571 in
742 3509 809 3572 loco
823 3509 874 3571 ubi
888 3517 1026 3592 peractus
1040 3511 1115 3590 fuit,
1131 3513 1155 3576 si
1274 3509 1275 3586 Ξ

189 3596 306 3658 tontum
320 3597 462 3677 temporie
482 3595 611 3676 spatium
632 3595 845 3660 intercessisset
864 3604 899 3660 ut
914 3599 977 3676 jem
998 3599 1036 3660 eb
1057 3597 1155 3665 homi·
1274 3599 1275 3616 ¹
