2578 4008
514 335 601 383 tiara
621 335 739 385 antuus.
1055 326 1112 389 303

24 459 25 464 ¹
142 454 158 497 ι
183 434 260 497 nicae
273 452 345 498 cum
364 439 455 498 cantu
477 430 521 496 val
535 433 618 510 sint,
635 435 750 516 absque
763 435 822 499 alit
835 436 954 500 licentia
968 439 1113 521 parochi?

182 545 197 583 a
224 529 275 586 15·
296 527 343 586 An
363 524 392 586 in
412 523 500 585 dictis
514 524 651 586 oratoriis
666 524 787 606 privatis
801 525 839 587 sit
851 525 931 588 licita
951 527 1111 591 celebratio

144 637 159 678 r
183 613 283 677 missae
296 613 434 697 privatae,
459 614 639 676 assentiente
659 613 816 678 ordinario
838 615 896 678 loci
916 623 946 679 et
959 615 1110 681 contradi-

32 776 35 780 ·
143 725 158 764 a
182 711 269 770 cente
283 702 440 786 parocho?

180 816 195 853 a
222 797 272 855 16ο
301 797 347 854 An
375 793 522 876 capellani
548 793 829 858 confraternitatum
855 795 971 878 possint
997 797 1110 878 populo

140 906 155 942 o
180 881 358 945 denuntiare
379 881 549 946 festivitates
568 891 598 946 el
611 884 726 966 vigilias
740 892 934 950 occurrentes
947 885 979 946 in
999 883 1110 948 hebdo-
1222 949 1226 957 ,

139 993 154 1031 a
179 972 287 1048 madi,
303 972 417 1054 absque
431 973 552 1035 licentii
565 973 712 1056 parochi?

178 1085 192 1119 a
219 1067 269 1122 l'l⁰
284 1066 330 1122 rin
351 1062 514 1143 parochus,
535 1063 634 1125 invitis
654 1062 868 1136 confratribus,
890 1064 1000 1128 dooere
1016 1066 1110 1147 possit

137 1173 152 1210 a
179 1149 346 1214 doctrinam
361 1151 557 1213 Christianam
572 1153 602 1214 in
618 1151 768 1233 praediotia
781 1153 916 1217 ecclesiis
928 1161 958 1216 et
972 1154 1109 1218 oratoriis

137 1264 151 1300 a
177 1241 305 1323 publicis
317 1241 364 1304 vel
379 1242 498 1324 privatis
512 1259 530 1303 a
544 1241 706 1323 parochiali
719 1242 820 1304 divisis
834 1249 864 1304 et
876 1244 1049 1324 separatis?

176 1353 190 1387 a
217 1334 267 1393 l8⁰
288 1333 334 1393 An
350 1329 380 1392 in
401 1347 480 1412 saepe
503 1329 591 1393 dictis
612 1330 746 1392 ecclesiis
765 1331 890 1413 publicis
910 1331 1107 1395 confraterni-

136 1441 150 1480 a
176 1425 270 1482 tatum
293 1421 409 1503 possint
438 1419 540 1482 haberi
568 1420 697 1502 publicae
725 1421 907 1498 conciones,
935 1423 1026 1483 etiarn
1053 1442 1107 1503 per

135 1532 150 1568 a
175 1515 403 1573 totumoursum
418 1509 661 1592 Quadragesimae
674 1509 720 1572 rel
737 1509 889 1572 hdvcntirs
901 1527 973 1573 cunr
987 1510 1107 1576 licentia

135 1621 150 1658 a
174 1598 322 1661 Ordinarii
337 1607 366 1662 et
380 1600 494 1681 absque
509 1599 629 1662 licentia
642 1599 789 1682 parochi?

173 1711 188 1744 a
215 1693 265 1751 111ο
281 1693 327 1750 An
344 1689 374 1750 in
395 1688 500 1751 iisdem
515 1689 649 1752 ecclesiis
669 1689 763 1772 possit
780 1689 924 1752 celebrari
939 1689 1031 1752 missa
1044 1691 1107 1756 sive

133 1799 149 1838 a
175 1777 249 1840 lecta
264 1778 324 1841 sire
335 1785 469 1858 cantata,
485 1787 554 1842 ante
568 1779 692 1841 missam
706 1779 909 1862 parochialem
922 1779 983 1843 sire
996 1779 1106 1845 lectam

133 1889 149 1928 r
174 1869 235 1930 sire
250 1869 427 1930 cantatam?

173 1981 188 2016 a
213 1961 265 2020 20⁰
290 1961 336 2019 An
351 1957 389 2020 ad
407 1959 572 2041 parochum
587 1963 701 2040 spectet
721 1957 818 2020 iacere
832 1957 965 2022 officium
979 1958 1106 2024 funebre

132 2068 149 2107 r
174 2065 265 2129 super
278 2047 473 2110 cadaveribus
488 2047 669 2130 sepeliendis
687 2047 718 2108 in
733 2065 813 2128 saepe
826 2047 914 2110 dictis
927 2048 1062 2112 ecclesiis
1074 2056 1106 2112 et

131 2159 147 2198 a
172 2136 309 2199 oratoriis
324 2137 452 2219 publicis
465 2135 744 2198 confraternitatum
759 2136 774 2196 ?

172 2249 187 2286 a
212 2229 264 2288 2l⁰
286 2231 332 2288 An
357 2226 435 2288 intra
454 2225 601 2287 ambitum
623 2224 798 2287 earumdem
820 2225 1015 2288 ecelesiarum
1039 2227 1103 2291 llari

131 2341 146 2376 a
172 2315 288 2399 possint
313 2315 522 2398 processiones
550 2315 635 2394 juxta
671 2315 819 2395 cujusque
855 2314 1104 2379 confraternitatis

131 2429 146 2464 a
172 2406 360 2482 institutum,
377 2405 491 2486 absque
508 2404 677 2466 interventu
689 2403 735 2465 rel
750 2403 869 2465 licentia
882 2403 1026 2484 parochi?

171 2517 186 2553 a
211 2499 261 2556 22·
285 2497 331 2556 An
346 2493 461 2556 eaedem
478 2491 685 2574 processiones
699 2491 763 2554 fieri
780 2491 896 2574 possint
909 2497 991 2554 extra
1006 2493 1102 2556 ambi-

130 2607 146 2646 »
170 2582 396 2646 tumdictarum
406 2582 613 2657 ecclesiarum,
628 2581 743 2664 absque
754 2581 875 2643 licentia
889 2581 1009 2643 illorum
1019 2601 1104 2665 paro-

130 2697 145 2734 r
172 2673 300 2736 chorum
310 2692 363 2755 per
376 2689 509 2755 quorum
522 2669 705 2733 territorium
719 2669 939 2732 transeundum
948 2671 1016 2732 est?

171 2789 186 2823 a
211 2767 262 2825 13ο
284 2767 332 2824 An
362 2763 393 2824 in
417 2761 506 2824 dictis
526 2759 786 2843 processionibus,
814 2757 961 2841 capellani
982 2759 1103 2826 confra-

129 2875 145 2916 a
170 2853 345 2916 ternitatum
358 2851 473 2934 possint
487 2849 602 2912 deferre
616 2848 752 2911 stolam?

169 2965 185 3004 a
209 2946 261 3004 ito
283 2945 330 3004 dn
340 2941 489 3023 Episcopo
503 2937 665 3002 accedente
678 2937 717 3000 ad
730 2937 871 3001 ecclesias
884 2938 1020 3022 publicas
1032 2961 1103 3007 mir·

129 3053 145 3091 a
170 3032 390 3094 fraternitatum
402 3047 470 3112 quaa
485 3026 1102 3115 nonsintregularium‚nequeproprium

131 3143 145 3179 a
171 3129 320 3184 rectorem
333 3118 547 3182 beneficiatum
558 3115 705 3192 babeant,
720 3115 938 3198 porrigendum
952 3120 990 3182 sit
1000 3139 1100 3204 asper-

131 3233 146 3270 r
171 3211 285 3273 soriam
308 3212 325 3272 a
346 3207 478 3292 parocho
500 3207 531 3268 in
554 3205 642 3285 cuius
662 3205 811 3269 territorio
831 3213 904 3269 sunt
922 3209 987 3272 sita
1013 3210 1099 3276 diota

74 3311 77 3318 ’
130 3299 330 3362 aecclesiae?

170 3411 186 3446 r>
211 3393 263 3451 250
286 3393 332 3450 hn
354 3386 529 3450 earumdem
549 3383 746 3448 ecclesiarum
771 3391 802 3449 at
822 3385 1100 3454 confraternitatum

130 3502 145 3538 r
171 3485 303 3540 rectores
316 3483 346 3540 et
355 3476 526 3559 capellanos
537 3475 630 3557 possit
647 3475 806 3556 parochus,
822 3481 959 3538 cessante
979 3477 1100 3558 speciali

129 3591 146 3629 r
170 3586 207 3630 ac
226 3567 359 3648 legitimo
376 3565 462 3628 tilulo
476 3571 506 3628 et
528 3583 564 3628 ex
585 3563 649 3626 solo
668 3563 734 3642 jure
748 3563 993 3647 parochialitalis,
1015 3584 1100 3629 com·

129 3656 281 3739 »pellere
302 3656 410 3718 invitos
437 3653 475 3716 ad
501 3652 702 3717 assistendum
731 3651 936 3716 functionibus
966 3653 1100 3722 ecclesia

130 3743 376 3824 sparnemalla?
