2506 3984
462 215 547 264 arana
569 213 685 265 carnus.
1001 197 1055 263 601

90 337 106 377 s
129 315 334 398 Episcopus...
357 315 506 379 concessit
525 314 572 377 vel
592 316 738 397 expressit
758 315 875 398 aliquos
896 333 984 379 casus
998 335 1063 398 spe·

90 427 105 462 a
131 405 206 468 ciale
219 405 395 469 mandatum
405 403 604 486 requirentes,
615 404 730 485 adjecta
739 412 806 486 post
819 402 944 472 modum
961 405 990 467 in
1005 405 1062 468 lor·

90 517 106 552 n
131 493 212 557 mula
228 513 237 556 :
251 514 287 557 aa
302 493 439 556 omnicet
457 492 574 574 stapulo
587 493 718 574 fouendi
730 504 759 554 et
767 492 933 569 omittendi,
947 493 1064 557 etiamsi

91 605 106 642 a
130 583 245 664 majora
260 583 386 666 pterim,
397 591 500 666 etque
512 581 684 644 amedaeum
697 583 821 664 em'qout
833 581 995 664 speciae...
1011 601 1064 664 po

92 695 106 732 1
131 673 199 734 terit
212 672 347 736 Vicarius
360 673 451 734 etiam
475 671 534 734 alia
555 670 653 734 facere
673 689 742 752 quae
763 671 924 752 requirunt
936 672 1064 752 speciale

48 786 50 790 ·
92 760 325 838 amandatum,
349 760 517 824 dummodo
546 777 608 823 non
636 761 697 822 sint
719 760 856 841 graviora
880 759 925 824 rel
951 761 1064 840 majora

93 871 108 908 s
132 851 309 933 expressis.»
322 851 470 927 Ferratus,
484 859 513 914 v·
524 849 659 912 Vicorius
675 848 833 918 Generalis,
850 854 906 910 art.
918 853 948 926 2,
966 857 998 910 n⁰
1013 853 1062 912 st.

133 939 164 1001 Si
178 945 246 1022 post
267 939 421 1022 praelatam
440 939 600 1002 ionnulam
615 941 661 1016 (uc
679 938 792 1014 omnia,
811 939 885 1017 etc.)
900 939 1066 1020 Episcopus

94 1027 224 1109 aliquem
238 1046 342 1091 casum
360 1028 489 1110 excipiat
502 1027 679 1090 mandatum
697 1026 825 1110 speciale
843 1028 1064 1110 requirentem,

94 1119 322 1180 controvertitur
342 1118 421 1179 inter
440 1118 503 1178 llll.
523 1123 627 1180 utrum
648 1115 681 1177 in
700 1122 807 1179 caetera
828 1116 967 1198 specialia
981 1116 1067 1178 Vica-

95 1205 157 1270 rius
168 1207 408 1286 iurisdictionem
429 1205 536 1268 habeat
549 1207 703 1283 (Lauren,
725 1204 767 1266 lle
792 1203 926 1280 Viecrio,
942 1224 1009 1286 cap.
1026 1209 1063 1275 3,

141 1405 157 1444 1
176 1387 221 1447 Ex
234 1385 341 1462 dictis,
358 1385 458 1466 inquit
470 1383 508 1445 l).
530 1382 624 1445 Bouix
639 1381 737 1459 (ibid,
759 1399 791 1463 p.
815 1384 896 1460 420),
912 1382 1068 1464 pmdentis

96 1497 112 1532 n
136 1474 191 1537 erit
204 1473 345 1557 Episcopi
360 1474 391 1536 in
405 1471 595 1536 conficiendo
608 1469 776 1533 Vicariatds
789 1469 942 1534 Generalis
960 1469 1069 1534 instru-

97 1587 111 1620 n
137 1569 257 1642 mento,
272 1563 371 1644 primo
393 1563 562 1644 exprimere
579 1561 679 1642 aliqua
699 1558 821 1639 majoris
839 1559 985 1622 momenti
1004 1578 1070 1642 spc

98 1675 112 1712 a
136 1653 222 1716 cialia
238 1672 246 1714 :
262 1651 396 1716 secundo
416 1649 527 1714 addere
540 1648 705 1712 clausulam
719 1647 826 1710 etalio
843 1649 958 1726 omnia,
977 1649 1069 1710 etiam

99 1766 113 1800 a
137 1743 271 1824 speciale,
287 1750 364 1804 etc:
384 1741 473 1803 tertio
485 1740 624 1821 expresse
636 1737 708 1800 dein
727 1737 866 1818 excipere
882 1754 918 1799 ea
931 1737 1070 1819 specialia

100 1855 115 1888 n
138 1851 206 1912 quae
219 1837 342 1912 excepta
353 1829 490 1892 voluerit.
505 1851 521 1890 n

141 1923 231 1982 1166.
253 1919 332 1980 Nota
345 1937 416 1982 cum
428 1917 584 1983 Monaoelli
599 1915 680 1998 apud
697 1914 842 1978 Analecta
857 1913 943 1996 juris
959 1914 1068 1998 pontis.

102 2016 162 2088 (27⁸
178 2010 241 2086 lin,
257 2009 315 2072 col.
330 2012 410 2086 863),
432 2006 514 2088 quod
535 2005 748 2068 «Generaliter
761 2003 931 2085 loquendo,
945 2003 1070 2085 Episco-

102 2126 115 2156 ιι
141 2117 213 2181 pus,
228 2098 317 2160 etiam
332 2115 368 2158 ea
381 2115 487 2177 quae...
503 2101 539 2158 ut
560 2093 697 2177 specialis
709 2093 869 2173 Delegatus
884 2092 1071 2173 spostolicae

103 2213 116 2246 ‚a
142 2205 231 2269 agere
244 2191 357 2268 potest,
378 2203 434 2248 suo
447 2183 566 2246 vicario
584 2181 721 2245 Generali
738 2181 816 2242 valet
834 2181 1021 2244 committere
1041 2188 1071 2244 et

103 2301 117 2335 n
142 2275 359 2356 subdelegato,
383 2291 420 2335 ex
433 2271 547 2354 vulgari
568 2271 672 2352 regula
684 2268 766 2351 qudd
784 2269 942 2350 Delegatus
957 2269 1070 2333 Princi-

103 2390 118 2424 n
144 2367 189 2448 pis
210 2369 310 2446 potest
328 2361 542 2442 subdelegare‚
570 2359 628 2422 nisi
651 2358 683 2421 in
709 2358 855 2440 rescripto
876 2357 1071 2439 delegationis

103 2480 117 2514 a
143 2455 228 2518 aliter
240 2468 418 2535 expressum
430 2448 611 2532 reperiatur,
633 2451 686 2510 aut
698 2465 736 2510 ex
748 2452 853 2510 tenore
867 2453 898 2508 et
915 2447 944 2508 vi
965 2447 1069 2510 verbo·

112 2559 127 2592 n
152 2555 219 2598 rum
241 2537 395 2615 designata
417 2548 446 2598 et
469 2539 563 2600 electa
584 2547 742 2601 censeatur
763 2536 908 2597 industria
936 2549 1076 2611 personas

112 2647 126 2683 n
151 2624 290 2704 Episcopi
298 2623 807 2707 (Cap.ult.‚5Hisactem,de0ffleio
822 2621 1072 2697 Vtcariqntluan·

111 2713 224 2776 donam
240 2711 312 2775 read
323 2721 482 2775 censeatur
495 2717 591 2780 electa
608 2734 745 2792 personae
757 2709 896 2790 Epismpi
912 2707 1073 2780 industria,
1110 2750 1115 2761 .

108 2803 173 2866 vide
186 2821 277 2886 supra
290 2801 370 2866 dicta
383 2803 473 2881 (308).
498 2797 534 2860 V.
551 2794 631 2858 inlra
645 2812 719 2876 app.
736 2791 788 2855 xl.

149 2895 237 2954 1166.
261 2893 382 2964 (luerit.
405 2893 436 2952 2⁰
458 2891 602 2962 Quaenam
623 2886 760 2950 Vicarius
781 2886 934 2951 Generalis
955 2889 1074 2973 explere

109 2985 240 3063 nequeat
251 2981 341 3044 etiam
354 2997 425 3044 cum
439 2977 560 3060 speciali
573 2975 715 3039 mandato
727 2975 890 3058 Episcopi?

148 3073 237 3152 Resp.
251 3069 414 3151 Sequentia
428 3064 599 3129 enumerari
614 3083 622 3126 1
639 3069 670 3126 1·
683 3064 794 3145 Nequit
806 3065 973 3148 Episcopus
986 3067 1072 3130 Vica-

109 3161 154 3224 rio
168 3177 223 3223 suo
241 3157 377 3223 conterre
390 3161 567 3240 potestatem
584 3152 756 3216 absolvendi
768 3153 808 3216 ab
826 3153 932 3218 haeresi
945 3159 1074 3218 saleriis

107 3248 243 3332 prolati,
258 3265 324 3332 pute
336 3265 393 3309 non
405 3247 446 3307 sit
464 3242 586 3307 deducta
598 3241 638 3304 od
650 3241 782 3304 tribuual
794 3241 938 3326 Episcopi
949 3245 1071 3324 (Concil.

109 3337 256 3415 Trident,
270 3354 343 3400 sess.
359 3339 409 3410 st,
424 3352 491 3417 cap.
504 3321 540 3410 63
553 3331 639 3394 Bulla
653 3329 761 3404 Cone,
773 3331 855 3414 apud
869 3332 980 3395 Bened.
995 3335 1072 3410 XIV,

112 3428 155 3492 De
167 3427 265 3511 Spa„
288 3424 342 3489 lib.
359 3427 399 3501 9,
422 3441 490 3507 cap.
513 3425 582 3484 let
601 3423 632 3498 6;
657 3421 688 3483 8.
704 3421 840 3503 Lignea,
860 3419 913 3484 lib.
928 3425 964 3497 ’1,
979 3419 1073 3484 11¹·82

110 3522 141 3580 et
152 3519 214 3582 63.

155 3629 170 3665 r
190 3519 222 3670 ὲ.
238 3605 310 3670 Pius
330 3605 374 3681 V,
398 3601 558 3686 Gregorius
571 3602 638 3665 llll]
650 3605 679 3662 et
693 3597 831 3660 Clemens
844 3599 909 3660 vill
928 3599 963 3660 et
986 3598 1022 3660 de
1041 3615 1073 3661 ra

887 3701 955 3762 11”
