2588 3994
513 255 737 304 rnoncaonmn.
981 313 985 320 ⁴
1074 247 1113 307 8³

32 411 34 428 ζ
171 349 242 413 Vid.
257 351 333 414 alias
345 349 511 413 divisiones
524 370 573 434 ap.
597 353 684 416 Suar.
701 349 842 435 (ib.,cap.
858 357 878 416 6
892 361 921 417 et
934 359 980 430 'll3
999 354 1118 426 Andre..

33 494 40 513 .
136 441 230 506 Cours
244 440 280 502 de
298 440 379 502 droit
393 460 494 554 panon,
512 449 542 502 ν·
558 439 769 524 Ρνίυἰίερὶυηκ
786 441 892 520 Bonis,
907 443 942 506 de
956 443 1111 526 Regulum,

135 536 157 594 ι’
172 535 259 682 {le
270 536 449 692 gagga?
465 619 562 702 Aquo
575 620 699 684 concedi
715 619 809 701 possit
822 621 1035 704 privilegium?

175 711 268 790 ltesp.
285 707 416 770 Concedi
432 726 519 791 posse
533 709 572 770 ab
585 709 668 770 omni
684 717 712 772 et
727 710 792 772 solo
805 709 858 792 qui
870 710 950 792 leges
959 712 1034 773 valet
1044 729 1115 774 con-

22 843 25 894 3
137 797 219 864 dere.
242 798 330 860 ilatio
349 808 395 860 est
416 799 487 879 quia
510 805 554 860 est
568 799 626 872 lex,
649 799 787 880 quamvis
800 799 933 880 privata,
948 799 1115 863 eximenst

137 888 294 950 communi
307 887 387 967 jure,
402 887 449 950 rel
464 885 577 970 aliquid
591 906 682 970 supra
693 888 744 968 jus
756 888 946 962 concedens,
958 889 1116 970 ipsamque

136 978 386 1040 communitatem
395 975 1021 1060 obligansadseruandumprivilegiumipsi
1029 978 1117 1058 privi-

138 1065 1113 1149 legiatn;porrdadhocmanifesterequiriturpotestaslegislativa.

176 1155 267 1218 Solus
277 1156 358 1237 l‘apa
368 1155 523 1237 privilegia
532 1155 646 1238 ubique
657 1163 761 1218 contra
767 1156 817 1235 jus
830 1164 925 1238 potest
935 1155 1113 1220 concedere.

136 1243 167 1308 ld
183 1254 312 1327 possunt
332 1245 470 1327 Episcopi
494 1245 615 1306 relative
634 1243 672 1308 ad
693 1245 815 1326 propria
835 1253 957 1315 statuta,
972 1245 1019 1308 ael
1033 1245 1065 1307 in
1079 1245 1116 1308 ils

136 1353 205 1416 quta
222 1353 284 1395 nim
295 1343 366 1396 sunl
379 1343 483 1396 contra
495 1335 565 1414 jus,
580 1333 690 1416 singuli
707 1333 737 1394 in
751 1336 805 1395 sua
818 1333 952 1396 dioecesi.

176 1425 311 1500 Revera,
328 1422 358 1484 in
373 1423 554 1506 quibusdam
570 1424 660 1484 ctiam
672 1423 750 1503 juris
763 1424 936 1485 communis
948 1423 1047 1486 valent
1059 1423 1117 1486 dis

137 1531 280 1595 pensam.
295 1532 325 1572 r.
341 1533 371 1593 g.
385 1513 416 1574 in
430 1513 611 1574 abstinentia
625 1519 655 1574 et
671 1512 795 1592 jejuniis
812 1532 819 1574 :
836 1511 888 1574 sed
904 1511 969 1576 liaeo
982 1516 1117 1576 tenenti

137 1603 169 1664 S.
186 1601 345 1664 Pontiam.
363 1605 425 1663 Nec
439 1601 522 1664 ullibi
539 1603 590 1681 jus
604 1601 677 1683 ipsis
690 1601 829 1664 concedit
842 1601 997 1685 privilegia
1007 1621 1116 1665 conce·

137 1689 229 1752 denda
246 1698 352 1752 contra
362 1691 427 1769 jus;
442 1691 599 1752 concessio
613 1691 696 1751 enim
710 1690 857 1772 privilegii
872 1699 917 1752 est
930 1693 1004 1774 quid
1019 1693 1117 1772 majus

138 1798 232 1863 quam
247 1778 482 1861 dispensationis
496 1783 594 1857 (Suar.
612 1777 669 1854 iu,
685 1797 752 1860 cap.
769 1782 787 1842 8
800 1827 808 1854 ,
826 1791 858 1840 n·
872 1782 914 1858 9).

181 1870 304 1950 ¹lequiri
322 1869 413 1930 ctiam
428 1875 524 1950 potest
540 1867 729 1950 privilegium
738 1867 871 1950 legitima
885 1869 1115 1950 consuetudine,

138 1961 161 2022 si
177 1967 284 2034 agatur
304 1957 585 2033 (leconnnunitate;
601 1959 625 2019 si
641 1959 711 2019 rerd
725 1967 864 2038 ageretur
877 1957 915 2019 de
925 1960 1038 2040 privata
1048 1977 1116 2042 per-

137 2053 225 2112 scira.
242 2048 357 2129 acquiri
368 2055 465 2129 potest
475 2066 528 2129 por
541 2045 798 2129 praescriptionem
810 2047 922 2125 (Suae,
938 2047 989 2109 lib.
1001 2052 1069 2120 8‚c.
1085 2054 1115 2128 t,

139 2149 173 2198 n⁰
193 2142 236 2209 5).
261 2139 341 2198 lnter
363 2136 517 2216 regulares
536 2137 700 2217 aequiritur
718 2136 809 2198 etiam
832 2153 886 2217 per
907 2137 1116 2201 communica·

138 2227 271 2292 tionem.
287 2235 319 2288 ut
333 2225 470 2288 dicemus
486 2224 562 2288 infra
576 2229 688 2303 (attat).

179 2311 1117 2396 luaourcrii.aoniorequiraturutprivilegiurnderogetjuri

137 2404 322 2467 communi?

180 2497 270 2574 llesp.
293 2517 307 2550 u
317 2496 353 2557 Ut
362 2493 553 2576 privilegium
564 2491 688 2574 deroget
699 2491 759 2572 juri
770 2489 926 2554 communi
940 2507 1003 2552 non
1013 2495 1118 2575 requi-

138 2609 154 2643 »
179 2583 257 2646 ritui·
277 2583 410 2645 clausula
426 2581 633 2663 derogatorin;
659 2581 853 2664 praesumitur
873 2580 955 2642 enim
977 2583 1119 2666 princeps

138 2698 153 2734 u
176 2676 240 2752 jam
256 2674 334 2735 scire
343 2673 424 2753 leges
431 2689 621 2734 communes.
634 2673 787 2753 Excipitur
801 2679 914 2732 minen.
930 2689 937 2731 τ
951 2675 980 2733 l⁰
991 2671 1118 2744 Quando

138 2787 154 2822 ,υ
181 2761 371 2844 privilegium
387 2779 448 2822 non
468 2769 567 2842 posset
590 2779 680 2824 suuni
701 2759 840 2822 ellectum
864 2759 960 2822 sortiri
981 2761 1047 2824 sine
1061 2762 1118 2826 hac

138 2875 153 2912 n
180 2854 323 2932 expressi
335 2849 550 2931 derogationc;
567 2853 599 2912 2⁰
623 2850 647 2912 si
663 2850 693 2911 in
709 2850 774 2930 lege
791 2849 839 2911 cui
859 2847 1020 2932 derogatur
1040 2859 1118 2915 esset

138 2965 154 3000 u
180 2942 318 3022 apposita
330 2939 484 3018 clausula,
507 2959 567 3002 non
588 2939 719 3002 obstante
736 2959 911 3022 quodamque
928 2941 1115 3023 pn'ullepio:

138 3053 155 3088 u
179 3029 238 3092 lioc
256 3029 432 3108 intelligitur
445 3027 612 3093 dummodo
627 3030 659 3090 in
674 3029 829 3112 privilegio
844 3047 906 3090 non
924 3037 1018 3092 exstet
1031 3030 1117 3095 clau-

139 3139 156 3178 »
181 3119 245 3182 sula
269 3138 308 3180 ea
329 3118 409 3182 nertii
426 3121 572 3195 scientio,
596 3119 642 3181 vel
656 3139 695 3181 ex
704 3117 890 3201 plenitudine
909 3121 1114 3200 potestatis...

140 3231 156 3268 u
180 3208 1117 3290 3⁰Quandoprivilegiumcstcontraaliquamconsuetudinem

140 3320 156 3357 u
181 3309 232 3360 aut
246 3299 344 3378 legem
358 3298 590 3379 municipalem,
606 3299 652 3360 tiis
667 3317 728 3360 non
743 3297 904 3378 derogatur
923 3300 978 3360 nisi
1000 3299 1037 3362 da
1059 3301 1117 3363 illis

141 3409 157 3448 a
180 3389 349 3470 specialiter
359 3390 473 3449 mentio
482 3389 543 3450 liat.
559 3409 575 3447 o
594 3391 626 3451 S.
642 3389 777 3471 Lignor„
788 3385 823 3448 de
834 3387 989 3468 l’rim'leg.¹
1009 3397 1042 3448 n·
1057 3391 1087 3450 2.

181 3483 309 3559 Quando
323 3486 531 3566 restringenda
540 3485 937 3566 esljurisdiclioOrdinaria‚
949 3503 985 3545 ex
995 3483 1116 3550 decreto

143 3575 332 3638 attendentes
346 3577 463 3637 Martini
475 3577 499 3634 V
510 3583 594 3654 (sess.
605 3581 657 3654 43,
672 3578 764 3638 Conc.
777 3576 944 3646 Constant.)
955 3571 1117 3649 requiritur

145 3672 175 3726 ut
189 3663 376 3729 audianturii
390 3682 522 3746 quorum
533 3665 675 3728 interest:
690 3685 705 3724 a
719 3665 787 3726 Non
797 3659 982 3722 intendimus
994 3675 1115 3739 exeinp-
