2546 3992
482 326 570 376 orara
591 319 710 377 miuus.
1023 312 1079 376 tor

106 445 125 512 ¹³.
147 425 268 490 menica
281 424 381 508 agitur
394 423 432 487 de
442 423 614 487 deliniendo
624 425 776 506 dogmate,
785 426 849 506 jam
862 430 949 488 arrtca
959 424 1085 490 delinito

105 536 121 575 o
146 515 163 576 a
187 517 268 596 Papa
281 515 327 578 rel
350 513 471 582 abelis
493 513 632 576 Consiliis
651 513 862 592 ueneratione,
878 515 1018 596 Episcopi
1046 515 1084 578 ita

106 627 122 663 o
146 609 216 667 sunt
228 604 344 684 judices
358 609 391 665 ut
414 609 573 664 teneantur
593 601 729 683 iudicare
749 602 832 684 quod
848 603 911 683 jem
925 602 1083 666 delinitum

106 715 121 752 u
146 701 209 770 est;
224 693 249 754 si
262 699 369 774 agatur
385 692 424 755 de
437 691 610 754 deliniendo
624 691 765 773 dogmate
779 691 917 755 nondum
937 690 1082 769 delinito,

106 804 121 842 o
147 783 186 844 ita
199 782 399 862 suntjudices
412 786 564 844 uteorum
576 780 726 862 judicium
736 780 797 842 vim
811 780 997 843 delinitionis
1014 797 1086 842 con-

106 894 121 930 a
146 872 302 935 scientiam
317 869 477 953 obligantis
504 889 565 932 noo
587 869 708 940 habeat,
729 870 785 932 nisi
807 889 862 952 per
884 887 1040 932 assensum
1055 875 1085 932 et

106 983 122 1020 a
146 961 408 1023 confirmationem
432 961 463 1022 S.
485 957 663 1034 Pontificis;
690 959 714 1020 si
738 965 843 1040 agatur
865 957 904 1021 dc
926 956 1085 1021 condenda

106 1071 121 1108 o
146 1048 333 1132 disciplinari
351 1050 433 1131 lege,
458 1048 499 1108 ita
521 1054 592 1110 sunt
607 1046 725 1126 judices
745 1053 775 1108 et
788 1046 972 1128 legislatores
985 1054 1019 1108 ut
1032 1065 1083 1109 co-

106 1161 122 1196 »
143 1157 212 1202 rum
234 1137 280 1200 lex
302 1157 364 1200 non
379 1136 511 1216 obliget,
527 1135 584 1199 nisi
598 1138 616 1196 a
632 1138 711 1216 Papa
726 1135 815 1198 luerit
829 1135 957 1199 firmata.
977 1157 993 1195 o
1009 1135 1085 1199 Vide
1148 1135 1151 1140 “

106 1227 171 1289 hacc
185 1227 332 1309 explicata
346 1232 375 1288 et
388 1225 513 1305 probata
526 1223 607 1305 apud
621 1225 763 1286 eumdem
779 1224 854 1302 (ib).

147 1319 216 1377 878.
240 1315 362 1388 Quaerit.
376 1315 412 1374 ’1ο
437 1316 484 1373 An
507 1313 624 1394 possint
637 1313 667 1372 in
682 1311 788 1374 eodem
802 1312 923 1375 dioecesi
943 1314 1083 1377 constitui

107 1403 168 1466 duo
184 1403 345 1485 Episcopi?

146 1496 236 1574 Resp.
252 1491 415 1573 Negabat,
431 1489 607 1572 regulariter
625 1489 798 1571 loquendo,
814 1491 927 1572 quippe
948 1489 978 1552 id
998 1490 1084 1553 luitis

109 1582 241 1651 Concilio
255 1584 393 1645 lateran
408 1583 448 1644 lv
462 1579 647 1663 prohibitum
659 1579 706 1642 bis
718 1579 835 1642 verbis:
857 1602 872 1638 u
887 1579 1084 1642 Prohibemus

105 1693 121 1732 a
145 1678 246 1735 aulem
273 1671 400 1734 omnino
419 1688 457 1734 na
471 1687 531 1733 una
555 1667 722 1750 eademque
737 1667 839 1732 civitas
857 1669 918 1731 sive
939 1671 1083 1732 Dioecesis

106 1783 121 1824 a
146 1761 279 1826 diversos
293 1761 454 1824 Pontifices
479 1759 606 1836 habeat,
631 1765 776 1840 tunquam
794 1777 892 1821 unum
913 1775 1022 1840 corpus
1035 1758 1082 1820 di-

106 1872 121 1910 a
146 1869 229 1913 versa
243 1849 452 1934 capita‚quasi
468 1855 671 1910 monstrum.»
685 1849 757 1929 Cap.
770 1847 924 1926 Quoniam,
940 1845 973 1908 de
989 1847 1079 1931 Offic.

103 1938 204 2004 dedic.
218 1939 323 2003 Ordin.
343 1941 411 2004 lam
425 1938 506 2000 idem
520 1937 615 2000 luerat
628 1937 752 2000 vetitum
766 1955 784 2000 a
797 1937 930 2001 Concilio
943 1937 1081 2016 Nicaeno,

106 2047 175 2092 can.
191 2032 223 2092 8.

145 2116 323 2199 Excipiendi
348 2121 419 2178 sunt
435 2121 537 2176 tamen
558 2117 588 2175 l⁰
604 2114 696 2175 Casus
714 2113 766 2174 ubi
789 2115 939 2196 Episcopo
960 2115 1082 2177 infirmo

106 2208 152 2270 vel
167 2207 224 2268 alia
238 2204 410 2267 difficultate
423 2203 568 2264 laboranti
582 2249 589 2274 ,
603 2202 721 2264 dandus
735 2209 779 2264 est
795 2203 950 2282 coadjutor
962 2223 970 2280 ;
984 2207 1017 2264 2⁰
1027 2207 1082 2266 Ca-

107 2315 158 2358 sus
173 2295 224 2357 ubi
239 2296 270 2356 in
284 2293 400 2356 civitate
413 2299 464 2354 aut
476 2290 599 2354 dioecesi
618 2298 718 2352 essent
737 2289 798 2352 duo
822 2291 924 2372 populi
944 2292 1019 2354 ritus
1032 2301 1082 2356 aut

107 2385 257 2446 idiomatis
270 2383 389 2445 diversi.

147 2476 215 2536 879.
240 2475 314 2535 ltcm
334 2470 511 2552 regulariter
531 2468 584 2532 uni
607 2468 757 2550 Episcopo
770 2467 916 2530 committi
932 2486 993 2530 non
1013 2487 1081 2552 pos-

107 2569 177 2626 sunt
203 2561 264 2626 duo
291 2560 337 2622 vel
362 2560 464 2642 plures
490 2558 646 2621 dioeceses.
670 2560 712 2619 lta
734 2575 770 2620 ex
795 2556 908 2619 Concil.
934 2558 1080 2632 Trident,

108 2671 180 2716 sess.
196 2657 226 2725 7,
238 2669 304 2733 cap.
317 2648 397 2728 Ede
407 2647 590 2729 resono.;-
603 2647 697 2710 Bouix
708 2694 717 2725 ,
728 2645 772 2708 Dc
785 2645 943 2728 Episcopo,
959 2653 1034 2708 tom.
1052 2653 1080 2726 l,

107 2761 128 2824 p
147 2833 191 2892 En
205 2828 417 2890 constitutione
431 2825 544 2888 bened.
562 2827 627 2888 lllV
642 2825 715 2888 Etsi
728 2825 914 2902 Pastorolis,
934 2824 1081 2905 ffiiettl,

108 2918 247 3001 Episcopi
264 2915 346 2978 latini
358 2913 598 2996 jurisdictionem
609 2913 912 2975 ordinariamhabent
923 2913 953 2974 in
964 2914 1083 2977 Graecos

107 3016 136 3070 ct
155 3006 336 3068 libanenses
352 3005 383 3066 in
400 3004 463 3066 suis
480 3002 659 3065 dioecesibus
673 3009 914 3064 commorantes:
931 3002 982 3064 sed
996 3005 1082 3085 Epis-

108 3096 176 3178 copi
190 3095 279 3178 graeci
294 3093 402 3155 latinos
416 3091 555 3154 ordinare
569 3098 723 3171 nequeunt
738 3090 795 3152 sub
809 3094 899 3173 piena
910 3093 1082 3172 suspensio·

3 3237 4 3250 ,
109 3185 167 3248 nis.
183 3187 220 3247 V.
233 3184 379 3260 Ferraris,
395 3190 425 3244 νο
436 3181 617 3262 Episcopus,
633 3186 688 3240 art.
705 3183 742 3256 6,
757 3188 790 3240 n⁰
810 3183 884 3257 133,
900 3187 957 3243 etc.
974 3183 1083 3244 Decer-

110 3277 191 3337 nitur
204 3273 235 3335 in
251 3271 385 3334 Concilio
398 3269 590 3332 Lateranensi
604 3270 655 3345 lv,
671 3277 704 3330 ut
719 3268 761 3339 si,
778 3269 810 3330 in
825 3268 930 3332 aldem
945 3271 1081 3347 civitate,

109 3361 243 3425 habitent
257 3360 358 3443 populi
368 3358 463 3434 mixti,
476 3357 611 3420 moribus
624 3363 653 3419 ct
663 3357 767 3439 lingua
781 3357 906 3436 diversi,
918 3359 1084 3439 Episcopus

111 3452 168 3514 sibi
183 3451 326 3530 adiungat
344 3451 369 3510 V
373 3448 496 3510 icarium
511 3447 562 3528 qui
577 3446 697 3528 populis
718 3453 904 3508 sacramento
924 3447 1081 3508 ministret.

112 3539 341 3709 ὅὶἳὲὃῗνωίεετ.
357 3538 392 3600 S.
413 3535 544 3610 Sulpico,
568 3544 601 3595 ιι·
617 3539 674 3597 l28
690 3534 813 3614 iatine,
828 3533 1084 3598 etiniradiccnda
