2546 3992
174 131 231 196 508
394 139 531 188 uenuste
550 136 652 183 rarius
672 133 753 180 runis
773 125 922 177 canonici.

14 197 63 324 [i
105 205 106 208 Ἴ
173 241 266 304 teneri
280 239 364 323 sequi
378 235 513 302 consilia.
530 235 573 296 lta
586 231 699 314 pluries
712 225 879 292 decisuml
896 225 929 287 S.
944 221 980 285 G.
994 223 1104 296 conc,
1120 225 1153 282 et

45 351 50 360 ·
78 331 81 338 '
173 331 354 412 specialiter,
370 345 452 390 anno
470 327 557 400 1585,
573 322 604 384 in
618 317 756 392 Oscensi,
769 315 821 380 ubi
837 335 845 377 :
861 309 1013 374 «Censuit
1025 310 1154 392 Episco-

97 399 104 412 ’
173 440 188 479 r
213 437 286 502 pum
307 419 471 480 oscensem
489 430 560 476 cum
579 409 706 474 consilio
722 407 936 489 deputatorum
949 399 1068 478 teneri,
1086 407 1152 460 tam

173 530 188 568 a
212 508 292 572 circa
311 506 546 579 institutionem,
567 498 757 582 disciplinam
776 501 806 558 et
826 510 926 555 mores
947 489 1151 564 clericorum,

9 567 38 606 ³'
108 615 114 624 ⁴
177 599 307 680 aquam
326 595 408 658 circa
420 590 634 676 temporalium
651 603 753 650 rerum
767 580 1056 646 administrationem
1077 595 1153 659 pro-

58 735 59 738 .
177 709 188 742 ι
214 686 314 749 videre
330 705 338 746 :
355 683 493 746 sufficere
506 689 607 743 tamen
621 674 702 759 quod
714 674 881 755 Episcopus
895 667 1067 748 hujusmodi
1078 685 1154 728 con·

23 777 26 790 “
176 795 189 834 ο
215 775 316 837 silium
343 772 495 855 requirat,
527 783 694 847 eorumque
720 761 847 826 consilio
878 757 1031 835 adhibito,
1060 774 1153 838 posse

179 886 191 924 r
215 863 399 946 Episcopum
422 865 553 921 statuere
579 863 609 918 et
631 853 796 916 deliberare
818 867 888 931 quae
910 865 965 928 pro
988 843 1153 928 prudentia

175 973 190 1010 r
215 955 270 1013 sut
290 950 386 1031 magis
409 947 551 1028 expedire
569 941 756 1024 iudicaverit.
774 960 791 998 r
808 936 884 999 Vide
897 953 947 1018 ap.
970 933 1082 1010 Bouix,
1104 933 1153 996 De

177 1039 342 1120 Capitulis,
358 1057 389 1119 p.
405 1041 476 1112 tro,
492 1042 549 1097 etc.

217 1129 275 1189 Pro
289 1126 380 1190 modo
390 1124 521 1208 practico
529 1115 758 1186 administrandi
767 1133 838 1180 cum
847 1112 995 1196 praedictis
1004 1112 1152 1175 Commis-

174 1219 319 1296 sronibus‚
334 1218 400 1282 vide
413 1219 494 1281 Acta
507 1210 621 1276 Erotes.
638 1205 809 1277 Mediolon..
820 1222 868 1285 ap.
879 1201 986 1280 Boulx,
1001 1201 1045 1264 De
1055 1200 1152 1284 Capi·

176 1308 433 1460 trggzpksougffi
449 1393 559 1455 mutmi
579 1397 609 1452 et
622 1385 768 1450 removeri
790 1383 870 1448 haud
884 1399 972 1464 posse
989 1379 1054 1444 sine
1065 1381 1149 1460 just-l

11 1485 12 1488 ’
26 1507 30 1512 ’
50 1515 51 1518 “
174 1489 279 1560 causa,
297 1504 353 1548 uec
367 1502 419 1547 eos
433 1482 485 1564 qui
499 1499 554 1563 pro
568 1477 713 1560 spirituali
726 1472 998 1548 administratione,
1008 1488 1066 1532 nec
1080 1470 1149 1532 illos

175 1575 226 1654 qui
241 1571 464 1656 protemporali
481 1567 730 1631 commissionem
743 1562 939 1625 constituunt.
955 1561 996 1621 lta
1008 1557 1148 1620 decisum

175 1663 192 1722 l
206 1665 236 1722 S.
255 1664 363 1741 Congr.
377 1659 511 1728 Concilii,
527 1655 616 1718 refert
631 1657 666 1716 D.
682 1652 788 1722 Bouix.
808 1651 851 1712 Dc
865 1647 1030 1730 Capitulis,
1040 1667 1071 1730 p.
1086 1652 1147 1710 tta

174 1753 287 1811 etl83.
308 1771 323 1806 «
337 1751 388 1809 Est
402 1753 501 1831 autem
517 1762 607 1806 causa
628 1742 780 1824 legitima,
806 1745 964 1814 senectus,
988 1735 1147 1798 infirmitas

175 1859 190 1894 n
215 1843 244 1897 et
257 1835 363 1897 similis
376 1835 444 1896 alia.
460 1854 475 1892 n
494 1833 542 1894 Sic
556 1831 692 1893 decisum
710 1834 728 1892 5
744 1833 819 1910 sept.
836 1829 926 1889 lona.
941 1824 1016 1888 Vide
1031 1826 1145 1902 Bouix,

177 1923 230 2001 ilc,
246 1943 276 2005 p.
292 1927 363 1986 475.
379 1924 433 1984 Hae
447 1929 547 1984 autem
561 1937 659 1982 causae
674 1937 735 1980 nnn
753 1915 907 1980 sufiiciunt
919 1933 974 1998 pro
987 1931 1143 1977 remonon·

176 2011 222 2074 dis
244 2011 457 2097 beneficiariis,
473 2015 508 2073 ut
521 2009 763 2090 supradiximus.

214 2103 293 2166 Sunt
307 2120 380 2183 crgo
393 2104 601 2166 inemeribiles
621 2105 753 2185 deputati
775 2109 811 2169 ad
826 2111 1028 2191 recipiendam
1045 2115 1139 2182 retio-

99 2213 100 2218 ’
177 2209 248 2254 nem
262 2192 431 2254 reddituum
453 2195 630 2274 seminarii,
644 2195 793 2278 quidquid
812 2197 891 2263 dicat
912 2201 948 2264 D.
965 2203 1079 2281 Bonix,
1097 2207 1140 2272 Β,

177 2277 341 2364 Capitulis,
357 2300 386 2363 p.
402 2287 472 2346 lul.

215 2383 284 2480 935.
308 2383 429 2454 Quaerit.
445 2389 477 2446 2⁰
492 2389 540 2448 An
554 2390 719 2455 seminaria
728 2396 876 2460 committi
890 2401 1143 2486 possintregends

175 2467 333 2549 Religiosis
346 2473 658 2556 Congregationibus'l

92 2593 93 2596 κ
185 2556 301 2656 desp.
324 2559 525 2641 nutrimine,
548 2565 823 2635 observetistemen
843 2575 1023 2656 quibusdam
1036 2582 1138 2645 condi-

173 2646 303 2744 tionibus
319 2673 325 2708 :
343 2651 413 2712 clun
428 2652 510 2714 enim
526 2654 680 2736 Religiusae
693 2659 827 2726 Familiae
840 2682 903 2726 non
917 2667 1032 2732 soleant
1045 2671 1143 2736 Semi·

173 2749 325 2796 uariorum
341 2740 475 2818 regimen
489 2743 643 2826 accipere,
663 2747 719 2810 nisi
740 2749 797 2812 sub
818 2753 990 2818 conditione
1008 2759 1089 2839 qudd
1103 2765 1141 2826 ad

170 2838 275 2884 eorum
290 2823 482 2926 Superiorem
499 2832 673 2896 Generalem
684 2837 844 2919 pertinebit
861 2843 1018 2907 Rectorem
1035 2849 1138 2929 Magis-

173 2917 291 3005 trosquc
306 2913 463 2978 Seminarii
485 2919 594 3001 eligere
608 2929 639 2985 et
658 2925 822 3006 deputarc;
838 2931 981 3014 quodque
993 2933 1023 2996 hi
1040 2937 1136 3000 admi-

169 2998 340 3097 nistrabunt
359 3001 472 3085 absque
486 3009 615 3088 praelatis
629 3013 913 3095 Gornmrssionibus3
931 3039 987 3085 nec
1008 3022 1046 3085 ab
1065 3025 1138 3105 ipsis

170 3100 225 3187 nrsr
243 3103 281 3147 ex
299 3093 408 3164 causa,
431 3097 540 3174 poterit
556 3100 692 3179 regimen
711 3104 820 3166 auferri
839 3115 869 3168 et
887 3109 952 3172 aliis
970 3113 1131 3190 conunitti;

167 3175 375 3276 cumquefllraec
388 3184 510 3278 orriolo,
525 3191 558 3248 ut
572 3195 661 3267 putet,
675 3195 825 3256 contraria
838 3199 898 3257 sint
910 3215 999 3279 supra
1020 3205 1133 3281 exposi-

168 3264 204 3321 tis
218 3261 342 3365 Conorln
356 3268 437 3330 Tnd.
453 3269 718 3356 dispositionibus;
735 3299 791 3344 nec
800 3286 893 3363 possit
901 3287 1065 3368 Episcopus
1072 3290 1133 3366 juri

166 3365 319 3413 commum
333 3353 477 3436 derogare
491 3367 542 3422 uut
556 3362 647 3440 ligare
660 3383 784 3431 suorum
799 3372 1012 3436 successorum
1032 3386 1131 3456 potes-

166 3441 272 3535 tatem,
289 3445 456 3506 necessario
470 3445 649 3512 intervenire
668 3453 757 3517 debet
769 3458 855 3521 Sedis
869 3462 1044 3540 Apostolicae
1056 3483 1129 3529 auc·

103 3617 104 3620 Ἴ
167 3527 276 3585 toritas.
300 3529 410 3607 Porro,
430 3532 461 3592 in
485 3531 542 3596 hoc
565 3539 703 3616 negotiu,
724 3545 887 3608 recurritur
903 3546 942 3608 ad
962 3550 993 3610 S.
1015 3553 1125 3632 congr.
