2586 3988
215 311 233 383 Ξ
435 337 576 386 munior
597 337 701 385 rorrns
720 311 805 386 rnnrs'
822 336 970 390 onuorror.

250 446 285 501 t·
304 442 363 502 Pro
374 439 630 522 jurisprudentia,
645 442 829 504 seusoientitt
837 445 931 522 juris,
945 444 1188 511 etsiostudentes'

210 529 455 611 jurisprudentiae
469 529 611 592 dicuntur
618 529 690 611 juri
701 531 858 594 studentes.
871 543 873 548 '

251 622 284 679 5⁰
308 619 443 700 Denique
453 637 508 702 pro
516 619 582 700 lego
593 638 646 682 seu
654 619 865 702 complexione
875 621 993 704 legum
1007 625 1186 689 siodioitur:

213 705 326 789 Corpus
333 708 418 790 juris
432 709 578 780 cononici,
596 709 717 783 civilis;
724 709 779 790 jus
792 712 948 785 naturale,
965 719 1023 776 etc.
1039 715 1102 776 Hoc
1117 734 1188 797 pos·

211 796 312 858 teriori
334 815 442 874 sensu,
468 816 581 860 nornen
595 798 649 880 jus
662 805 824 880 usurpatur
842 800 874 862 in
895 803 1035 882 praesonti
1055 803 1188 867 Menunli

137 887 139 892 ⁴
212 885 259 961 (V.
272 886 380 962 bouis,
395 887 440 950 lie
454 886 630 970 Principiis,
648 906 715 970 cap.
726 889 768 966 5).

664 1073 683 1155 ς
702 1076 738 1136 u.

278 1287 280 1292 Ι
376 1205 460 1268 duris
475 1203 506 1266 in
520 1204 619 1268 varios
632 1223 698 1266 suos
711 1206 819 1287 species
833 1206 1015 1269 distributio.

250 1359 281 1420 3.
304 1391 343 1403 -
365 1361 395 1419 1⁰
417 1359 472 1422 Jus
485 1356 626 1419 dividitur
640 1357 673 1418 in
686 1357 822 1419 naturale
832 1363 861 1420 et
868 1359 1048 1440 positivum:
1062 1382 1076 1418 r
1091 1359 1187 1422 Notu-

212 1468 227 1504 s
251 1445 314 1509 rote
328 1453 445 1509 constat
458 1446 494 1508 iis
508 1445 625 1526 legibus
638 1465 692 1510 seu
705 1446 938 1526 obligationibus
951 1467 1019 1530 quae
1029 1449 1068 1510 itu
1084 1467 1186 1510 neers

213 1557 226 1592 n
251 1537 329 1598 sarid
344 1535 487 1598 fluunter
498 1535 551 1596 Dei
561 1540 590 1596 et
600 1543 806 1596 ereaturarum
816 1540 939 1614 naturit,
955 1544 987 1598 ut
999 1537 1186 1620 nonpossint

213 1645 226 1682 n
252 1641 313 1686 non
331 1625 468 1686 existere.
492 1623 671 1697 Potiti-uum,
693 1623 810 1704 legibus
831 1623 924 1686 liberd
938 1625 1108 1703 voluntate,
1124 1627 1185 1688 sire

212 1734 227 1772 n
250 1713 322 1784 Dei,
339 1714 399 1775 siue
414 1712 572 1774 hominum
585 1712 764 1774 constitutis.
780 1737 792 1768 s
810 1712 928 1792 (Bouix,
944 1713 1018 1774 ibid.
1034 1735 1065 1797 p.
1081 1718 1122 1794 6).

251 1805 282 1863 2⁰
304 1802 467 1864 Positivurn
478 1800 676 1863 subdividitur
690 1801 721 1862 in
735 1800 868 1864 diuinum
878 1813 906 1864 et
915 1801 1083 1874 demonum,
1096 1811 1184 1885 prout

212 1891 306 1952 libert
320 1892 373 1953 Dei
388 1891 434 1954 vel
448 1889 607 1952 lrorninunr
622 1890 775 1952 voluntate
789 1891 937 1954 statuitur.

251 1983 282 2041 8⁰
292 1982 374 2042 iuris
383 1979 508 2044 humani
519 1987 579 2042 tres
589 1987 659 2042 sunt
670 1979 801 2062 species:
814 1979 1037 2042 ecclesiasticum
1045 2000 1094 2042 seu
1103 2000 1184 2042 cono

212 2068 308 2128 uicum
317 2116 326 2143 ,
333 2068 388 2150 jos
401 2068 532 2151 pontium
547 2076 577 2131 et
583 2068 638 2149 jus
651 2067 749 2132 civile.
766 2071 782 2133 J
784 2087 820 2131 us
832 2071 963 2151 potitium
977 2076 1099 2132 vocatur
1111 2067 1184 2132 illud

212 2179 273 2241 quo
287 2165 413 2221 utuntur
422 2177 529 2221 ornnes
539 2159 584 2221 vel
595 2157 657 2221 iero
668 2176 774 2222 omnes
783 2167 898 2240 gentes.
910 2163 965 2222 Jus
974 2158 1061 2220 rioilo
1069 2165 1184 2221 constat

212 2247 328 2330 legibus
339 2248 472 2330 positivis
485 2248 523 2310 nb
538 2249 712 2312 auctoritato
725 2248 805 2311 civili
817 2249 986 2311 constitutis
996 2265 1051 2331 pro
1064 2254 1184 2329 tempo-

30 2333 33 2338 “
94 2349 96 2354 ·
212 2337 560 2420 rolibunoreipubticoe.

252 2430 295 2491 De
312 2429 381 2507 jure
404 2427 606 2492 ecclesiastico
626 2445 680 2491 seu
698 2406 845 2490 canonico
870 2426 958 2500 nobis
978 2425 1027 2490 hto
1048 2432 1093 2488 est
1106 2431 1183 2490 troo·

211 2517 348 2580 tondum.

654 2656 672 2738 §
691 2658 740 2719 111.

496 2793 575 2872 Quid
590 2791 632 2858 sit
643 2793 698 2876 jus
715 2791 905 2856 sanwicum?

251 2946 282 3006 t.
305 2940 411 3016 Quoad
423 2959 524 3004 nomen
534 2941 585 3020 J'us
603 2938 784 3002 canonicum
798 2936 948 2999 derivatur
966 2937 984 2998 b
1001 2954 1074 2999 voco
1087 2935 1184 3018 greci

213 3031 287 3092 sodi
308 3052 362 3096 seu
388 3031 493 3114 reguis
522 3031 583 3112 qud
602 3034 728 3092 utuntur
759 3025 888 3090 artifices
910 3024 948 3088 nd
977 3023 1073 3090 linens
1110 3023 1183 3086 diri·

234 3122 338 3186 endas.

213 3145 233 3206 g
257 3235 272 3271 u
282 3211 397 3274 Dicitur
408 3211 498 3274 etiam
506 3209 728 3272 ecclesiasticum
741 3211 770 3268 et
778 3223 890 3267 socrum
898 3221 912 3280 ,·
921 3205 1065 3286 quoninrn
1076 3204 1137 3285 agit
1147 3203 1184 3266 de

214 3323 229 3362 n
253 3301 391 3384 personis
404 3300 555 3381 rebusque
569 3299 662 3362 sacris
676 3303 764 3377 atque
779 3293 1003 3370 ecclesiasticis;
1018 3295 1089 3357 item
1102 3292 1185 3375 quod

214 3413 229 3450 n
253 3389 469 3466 eeclesiastico,
486 3389 543 3450 hoo
556 3395 620 3465 est,
636 3387 720 3448 suern
735 3389 879 3465 potestate
893 3384 932 3444 sit
945 3380 1049 3445 latum.

258 3501 272 3538 u
293 3480 408 3542 Dicitur
426 3485 456 3541 et
468 3477 672 3560 pontificium,
692 3480 758 3535 tum
778 3471 860 3553 qudd
880 3476 990 3553 magnit
1010 3490 1046 3533 ex
1067 3470 1185 3552 ported

214 3593 228 3631 u
254 3569 398 3633 Romanis
419 3566 612 3629 Pontificibus
629 3561 823 3628 constitutum
845 3567 904 3630 est,
920 3568 986 3622 tum
1007 3566 1040 3622 ut
1057 3561 1075 3620 d
1093 3575 1184 3620 orosa·

214 3683 229 3720 s
253 3677 322 3736 reo,
337 3677 399 3720 sne
412 3655 490 3720 civili
501 3655 570 3734 Jure
585 3653 797 3733 distinguatur.
812 3671 826 3710 s
850 3647 954 3714 novor
973 3648 1054 3712 Prot.
1069 3665 1136 3728 cop.
1152 3649 1183 3709 3.

216 3745 364 3832 sxxvn
