<?xml version="1.0" encoding="UTF-8"?>
<!DOCTYPE html PUBLIC "-//W3C//DTD XHTML 1.0 Transitional//EN"
    "http://www.w3.org/TR/xhtml1/DTD/xhtml1-transitional.dtd">
<html xmlns="http://www.w3.org/1999/xhtml" xml:lang="en" lang="en">
 <head>
  <title>
</title>
<meta http-equiv="Content-Type" content="text/html;charset=utf-8" />
  <meta name='ocr-system' content='tesseract 3.04.00' />
  <meta name='ocr-capabilities' content='ocr_page ocr_carea ocr_par ocr_line ocrx_word'/>
</head>
<body>
  <div class='ocr_page' id='page_1' title='image "./manualetotiusju03craigoog_0579.png"; bbox 0 0 2546 3992; ppageno 0'>
   <div class='ocr_carea' id='block_1_1' title="bbox 177 257 1169 341">
    <p class='ocr_par' dir='ltr' id='par_1_1' title="bbox 177 257 1169 341">
     <span class='ocr_line' id='line_1_1' title="bbox 177 257 1169 341; baseline -0.007 -21"><span class='ocrx_word' id='word_1_1' title='bbox 177 257 237 320; x_wconf 72' lang='lat'>⁶56</span> <span class='ocrx_word' id='word_1_2' title='bbox 398 269 536 317; x_wconf 76' lang='lat' dir='ltr'>annuam</span> <span class='ocrx_word' id='word_1_3' title='bbox 555 271 656 320; x_wconf 86' lang='lat' dir='ltr'>ronus</span> <span class='ocrx_word' id='word_1_4' title='bbox 674 269 757 317; x_wconf 83' lang='lat' dir='ltr'>rurus</span> <span class='ocrx_word' id='word_1_5' title='bbox 776 267 925 316; x_wconf 77' lang='lat' dir='ltr'>aaronica.</span> <span class='ocrx_word' id='word_1_6' title='bbox 1164 287 1169 341; x_wconf 57' lang='lat'><em>5</em></span> 
     </span>
    </p>
   </div>
   <div class='ocr_carea' id='block_1_2' title="bbox 142 348 1166 3043">
    <p class='ocr_par' dir='ltr' id='par_1_2' title="bbox 142 348 1166 3043">
     <span class='ocr_line' id='line_1_2' title="bbox 171 348 1166 457; baseline -0.006 -22"><span class='ocrx_word' id='word_1_7' title='bbox 171 377 303 457; x_wconf 88' lang='lat' dir='ltr'>possunt</span> <span class='ocrx_word' id='word_1_8' title='bbox 321 371 435 454; x_wconf 83' lang='lat' dir='ltr'>aliquid</span> <span class='ocrx_word' id='word_1_9' title='bbox 454 371 587 452; x_wconf 88' lang='lat' dir='ltr'>recipere</span> <span class='ocrx_word' id='word_1_10' title='bbox 606 375 698 432; x_wconf 88' lang='lat' dir='ltr'>allam</span> <span class='ocrx_word' id='word_1_11' title='bbox 717 378 824 450; x_wconf 86' lang='lat' dir='ltr'>sponte</span> <span class='ocrx_word' id='word_1_12' title='bbox 836 365 972 429; x_wconf 89' lang='lat' dir='ltr'>oblatum</span> <span class='ocrx_word' id='word_1_13' title='bbox 991 381 1047 448; x_wconf 89' lang='lat' dir='ltr'>pro</span> <span class='ocrx_word' id='word_1_14' title='bbox 1058 348 1166 430; x_wconf 81' lang='lat' dir='ltr'>colla·¹</span> 
     </span>
     <span class='ocr_line' id='line_1_3' title="bbox 176 453 1157 538; baseline -0.003 -16"><span class='ocrx_word' id='word_1_15' title='bbox 176 461 258 524; x_wconf 86' lang='lat' dir='ltr'>tione</span> <span class='ocrx_word' id='word_1_16' title='bbox 272 459 430 534; x_wconf 86' lang='lat' dir='ltr'>ordinum,</span> <span class='ocrx_word' id='word_1_17' title='bbox 454 467 486 523; x_wconf 92' lang='lat' dir='ltr'>et</span> <span class='ocrx_word' id='word_1_18' title='bbox 501 459 591 522; x_wconf 91' lang='lat' dir='ltr'>etiam</span> <span class='ocrx_word' id='word_1_19' title='bbox 611 464 763 534; x_wconf 74' lang='lat' dir='ltr'>tonsurae,</span> <span class='ocrx_word' id='word_1_20' title='bbox 787 473 844 518; x_wconf 91' lang='lat' dir='ltr'>nec</span> <span class='ocrx_word' id='word_1_21' title='bbox 863 473 920 538; x_wconf 93' lang='lat' dir='ltr'>pro</span> <span class='ocrx_word' id='word_1_22' title='bbox 933 453 1071 518; x_wconf 72' lang='lat' dir='ltr'>facultate</span> <span class='ocrx_word' id='word_1_23' title='bbox 1084 455 1157 519; x_wconf 76' lang='lat' dir='ltr'>data</span> 
     </span>
     <span class='ocr_line' id='line_1_4' title="bbox 177 543 1158 631; baseline -0.004 -19"><span class='ocrx_word' id='word_1_24' title='bbox 177 549 343 631; x_wconf 89' lang='lat' dir='ltr'>accipiendi</span> <span class='ocrx_word' id='word_1_25' title='bbox 356 549 477 613; x_wconf 82' lang='lat' dir='ltr'>ordines</span> <span class='ocrx_word' id='word_1_26' title='bbox 490 547 528 611; x_wconf 90' lang='lat' dir='ltr'>ab</span> <span class='ocrx_word' id='word_1_27' title='bbox 542 548 600 610; x_wconf 90' lang='lat' dir='ltr'>alio</span> <span class='ocrx_word' id='word_1_28' title='bbox 613 547 773 630; x_wconf 78' lang='lat' dir='ltr'>Episcopo,</span> <span class='ocrx_word' id='word_1_29' title='bbox 782 552 835 608; x_wconf 87' lang='lat' dir='ltr'>aut</span> <span class='ocrx_word' id='word_1_30' title='bbox 847 543 994 608; x_wconf 81' lang='lat' dir='ltr'>similibus</span> <span class='ocrx_word' id='word_1_31' title='bbox 1007 545 1059 627; x_wconf 86' lang='lat' dir='ltr'>qui</span> <span class='ocrx_word' id='word_1_32' title='bbox 1075 544 1158 608; x_wconf 88' lang='lat' dir='ltr'>ordi·</span> 
     </span>
     <span class='ocr_line' id='line_1_5' title="bbox 178 633 1157 722; baseline -0.003 -21"><span class='ocrx_word' id='word_1_33' title='bbox 178 639 331 702; x_wconf 88' lang='lat' dir='ltr'>nationem</span> <span class='ocrx_word' id='word_1_34' title='bbox 354 639 519 722; x_wconf 88' lang='lat' dir='ltr'>respiciunt</span> <span class='ocrx_word' id='word_1_35' title='bbox 537 636 662 700; x_wconf 89' lang='lat' dir='ltr'>actibus.</span> <span class='ocrx_word' id='word_1_36' title='bbox 678 639 780 698; x_wconf 89' lang='lat' dir='ltr'>Potest</span> <span class='ocrx_word' id='word_1_37' title='bbox 797 641 899 697; x_wconf 91' lang='lat' dir='ltr'>tamen</span> <span class='ocrx_word' id='word_1_38' title='bbox 913 633 1064 698; x_wconf 87' lang='lat' dir='ltr'>Ordinans</span> <span class='ocrx_word' id='word_1_39' title='bbox 1077 635 1157 698; x_wconf 85' lang='lat' dir='ltr'>reci·</span> 
     </span>
     <span class='ocr_line' id='line_1_6' title="bbox 179 723 1157 810; baseline -0.002 -20"><span class='ocrx_word' id='word_1_40' title='bbox 179 745 250 810; x_wconf 88' lang='lat' dir='ltr'>pere</span> <span class='ocrx_word' id='word_1_41' title='bbox 262 728 445 793; x_wconf 86' lang='lat' dir='ltr'>oblationem</span> <span class='ocrx_word' id='word_1_42' title='bbox 457 727 548 804; x_wconf 84' lang='lat' dir='ltr'>cerei,</span> <span class='ocrx_word' id='word_1_43' title='bbox 564 733 597 789; x_wconf 91' lang='lat' dir='ltr'>ut</span> <span class='ocrx_word' id='word_1_44' title='bbox 609 725 734 788; x_wconf 88' lang='lat' dir='ltr'>habetur</span> <span class='ocrx_word' id='word_1_45' title='bbox 747 725 780 786; x_wconf 85' lang='lat' dir='ltr'>‘m</span> <span class='ocrx_word' id='word_1_46' title='bbox 793 723 971 798; x_wconf 82' lang='lat' dir='ltr'>Pontificali,</span> <span class='ocrx_word' id='word_1_47' title='bbox 987 723 1157 806; x_wconf 86' lang='lat' dir='ltr'>etquidem</span> 
     </span>
     <span class='ocr_line' id='line_1_7' title="bbox 178 813 1155 900; baseline -0.003 -21"><span class='ocrx_word' id='word_1_48' title='bbox 178 817 243 896; x_wconf 75' lang='lat' dir='ltr'>eius</span> <span class='ocrx_word' id='word_1_49' title='bbox 254 817 403 900; x_wconf 69' lang='lat' dir='ltr'>qualitatis</span> <span class='ocrx_word' id='word_1_50' title='bbox 415 823 445 879; x_wconf 92' lang='lat' dir='ltr'>et</span> <span class='ocrx_word' id='word_1_51' title='bbox 457 814 599 898; x_wconf 89' lang='lat' dir='ltr'>ponderis</span> <span class='ocrx_word' id='word_1_52' title='bbox 613 833 682 897; x_wconf 77' lang='lat' dir='ltr'>quaa</span> <span class='ocrx_word' id='word_1_53' title='bbox 695 814 733 878; x_wconf 86' lang='lat' dir='ltr'>ab</span> <span class='ocrx_word' id='word_1_54' title='bbox 742 813 901 876; x_wconf 86' lang='lat' dir='ltr'>Ordinario</span> <span class='ocrx_word' id='word_1_55' title='bbox 909 819 1016 876; x_wconf 87' lang='lat' dir='ltr'>statuta</span> <span class='ocrx_word' id='word_1_56' title='bbox 1029 813 1155 876; x_wconf 85' lang='lat' dir='ltr'>luerint.</span> 
     </span>
     <span class='ocr_line' id='line_1_8' title="bbox 177 902 1155 989; baseline -0.002 -21"><span class='ocrx_word' id='word_1_57' title='bbox 177 907 242 969; x_wconf 86' lang='lat' dir='ltr'>lmd</span> <span class='ocrx_word' id='word_1_58' title='bbox 262 907 384 989; x_wconf 83' lang='lat' dir='ltr'>aliquod</span> <span class='ocrx_word' id='word_1_59' title='bbox 397 906 586 968; x_wconf 89' lang='lat' dir='ltr'>moderatum</span> <span class='ocrx_word' id='word_1_60' title='bbox 608 910 715 986; x_wconf 89' lang='lat' dir='ltr'>sponte</span> <span class='ocrx_word' id='word_1_61' title='bbox 732 903 866 966; x_wconf 85' lang='lat' dir='ltr'>oblatum</span> <span class='ocrx_word' id='word_1_62' title='bbox 878 949 886 980; x_wconf 94' lang='lat'>,</span> <span class='ocrx_word' id='word_1_63' title='bbox 898 903 1006 965; x_wconf 87' lang='lat' dir='ltr'>collato</span> <span class='ocrx_word' id='word_1_64' title='bbox 1023 902 1155 984; x_wconf 90' lang='lat' dir='ltr'>ordine,</span> 
     </span>
     <span class='ocr_line' id='line_1_9' title="bbox 178 991 1154 1077; baseline 0 -21"><span class='ocrx_word' id='word_1_65' title='bbox 178 1012 265 1076; x_wconf 92' lang='lat' dir='ltr'>posse</span> <span class='ocrx_word' id='word_1_66' title='bbox 283 995 378 1076; x_wconf 87' lang='lat' dir='ltr'>accipi</span> <span class='ocrx_word' id='word_1_67' title='bbox 400 993 592 1077; x_wconf 72' lang='lat' dir='ltr'>probabiliter</span> <span class='ocrx_word' id='word_1_68' title='bbox 605 997 690 1075; x_wconf 88' lang='lat' dir='ltr'>putat</span> <span class='ocrx_word' id='word_1_69' title='bbox 709 993 740 1056; x_wconf 89' lang='lat' dir='ltr'>S.</span> <span class='ocrx_word' id='word_1_70' title='bbox 756 993 898 1073; x_wconf 84' lang='lat' dir='ltr'>Liguor.,</span> <span class='ocrx_word' id='word_1_71' title='bbox 913 991 966 1054; x_wconf 89' lang='lat' dir='ltr'>lib.</span> <span class='ocrx_word' id='word_1_72' title='bbox 981 996 1018 1066; x_wconf 88' lang='lat'>3,</span> <span class='ocrx_word' id='word_1_73' title='bbox 1033 1000 1067 1054; x_wconf 84' lang='lat' dir='ltr'>n⁰</span> <span class='ocrx_word' id='word_1_74' title='bbox 1083 995 1154 1072; x_wconf 84' lang='lat' dir='ltr'>loa,</span> 
     </span>
     <span class='ocr_line' id='line_1_10' title="bbox 179 1081 1157 1164; baseline 0.002 -21"><span class='ocrx_word' id='word_1_75' title='bbox 179 1101 240 1143; x_wconf 90' lang='lat' dir='ltr'>non</span> <span class='ocrx_word' id='word_1_76' title='bbox 255 1082 393 1146; x_wconf 85' lang='lat' dir='ltr'>obstante</span> <span class='ocrx_word' id='word_1_77' title='bbox 405 1101 472 1164; x_wconf 89' lang='lat' dir='ltr'>cap.</span> <span class='ocrx_word' id='word_1_78' title='bbox 489 1087 504 1144; x_wconf 90' lang='lat' dir='ltr'>l</span> <span class='ocrx_word' id='word_1_79' title='bbox 520 1082 645 1146; x_wconf 84' lang='lat' dir='ltr'>Concilii</span> <span class='ocrx_word' id='word_1_80' title='bbox 656 1081 789 1146; x_wconf 85' lang='lat' dir='ltr'>Trident.</span> <span class='ocrx_word' id='word_1_81' title='bbox 806 1099 878 1144; x_wconf 89' lang='lat' dir='ltr'>sess.</span> <span class='ocrx_word' id='word_1_82' title='bbox 894 1085 945 1158; x_wconf 66' lang='lat' dir='ltr'>tl,</span> <span class='ocrx_word' id='word_1_83' title='bbox 960 1082 1001 1144; x_wconf 94' lang='lat' dir='ltr'>ob</span> <span class='ocrx_word' id='word_1_84' title='bbox 1023 1100 1157 1145; x_wconf 88' lang='lat' dir='ltr'>consue-</span> 
     </span>
     <span class='ocr_line' id='line_1_11' title="bbox 178 1171 1152 1254; baseline 0.002 -22"><span class='ocrx_word' id='word_1_85' title='bbox 178 1171 314 1234; x_wconf 81' lang='lat' dir='ltr'>tudinem</span> <span class='ocrx_word' id='word_1_86' title='bbox 336 1191 404 1254; x_wconf 83' lang='lat' dir='ltr'>quae</span> <span class='ocrx_word' id='word_1_87' title='bbox 417 1172 608 1254; x_wconf 68' lang='lat' dir='ltr'>praesumitur</span> <span class='ocrx_word' id='word_1_88' title='bbox 622 1173 701 1252; x_wconf 81' lang='lat' dir='ltr'>juata</span> <span class='ocrx_word' id='word_1_89' title='bbox 714 1173 804 1234; x_wconf 79' lang='lat' dir='ltr'>causti</span> <span class='ocrx_word' id='word_1_90' title='bbox 823 1171 1002 1235; x_wconf 89' lang='lat' dir='ltr'>introducta.</span> <span class='ocrx_word' id='word_1_91' title='bbox 1018 1171 1094 1235; x_wconf 86' lang='lat' dir='ltr'>Vide</span> <span class='ocrx_word' id='word_1_92' title='bbox 1109 1173 1152 1234; x_wconf 84' lang='lat' dir='ltr'>in</span> 
     </span>
     <span class='ocr_line' id='line_1_12' title="bbox 178 1259 1059 1341; baseline 0.015 -20"><span class='ocrx_word' id='word_1_93' title='bbox 178 1259 360 1324; x_wconf 69' lang='lat' dir='ltr'>{radicanda</span> <span class='ocrx_word' id='word_1_94' title='bbox 374 1264 484 1341; x_wconf 77' lang='grc'><strong>(6186).</strong></span> <span class='ocrx_word' id='word_1_95' title='bbox 1055 1307 1059 1314; x_wconf 83' lang='lat'><em>·</em></span> 
     </span>
     <span class='ocr_line' id='line_1_13' title="bbox 218 1349 1158 1433; baseline 0.002 -21"><span class='ocrx_word' id='word_1_96' title='bbox 218 1349 1158 1433; x_wconf 73' lang='lat' dir='ltr'>2⁰Nihilpossuntexigerevelaccipereiidemprooollationebe.</span> 
     </span>
     <span class='ocr_line' id='line_1_14' title="bbox 180 1439 1157 1522; baseline 0.006 -19"><span class='ocrx_word' id='word_1_97' title='bbox 180 1439 760 1504; x_wconf 82' lang='lat' dir='ltr'>neliciommautimmissioneineorum</span> <span class='ocrx_word' id='word_1_98' title='bbox 768 1440 1157 1522; x_wconf 80' lang='lat' dir='ltr'>possessionem3nibilitem</span> 
     </span>
     <span class='ocr_line' id='line_1_15' title="bbox 142 1527 1156 1616; baseline 0.006 -26"><span class='ocrx_word' id='word_1_99' title='bbox 142 1529 146 1536; x_wconf 86' lang='lat'>&#39;</span> <span class='ocrx_word' id='word_1_100' title='bbox 179 1547 234 1611; x_wconf 88' lang='lat' dir='ltr'>pro</span> <span class='ocrx_word' id='word_1_101' title='bbox 248 1531 333 1593; x_wconf 84' lang='lat' dir='ltr'>noris</span> <span class='ocrx_word' id='word_1_102' title='bbox 346 1528 580 1600; x_wconf 86' lang='lat' dir='ltr'>fundationibus,</span> <span class='ocrx_word' id='word_1_103' title='bbox 596 1527 797 1592; x_wconf 83' lang='lat' dir='ltr'>erectionibus</span> <span class='ocrx_word' id='word_1_104' title='bbox 810 1527 1038 1608; x_wconf 81' lang='lat' dir='ltr'>beneficiorum,</span> <span class='ocrx_word' id='word_1_105' title='bbox 1051 1535 1156 1616; x_wconf 87' lang='lat' dir='ltr'>capel-</span> 
     </span>
     <span class='ocr_line' id='line_1_16' title="bbox 179 1617 1158 1696; baseline 0.01 -17"><span class='ocrx_word' id='word_1_106' title='bbox 179 1619 338 1696; x_wconf 87' lang='lat' dir='ltr'>laniarum,</span> <span class='ocrx_word' id='word_1_107' title='bbox 349 1618 618 1695; x_wconf 86' lang='lat' dir='ltr'>benedictionibus,</span> <span class='ocrx_word' id='word_1_108' title='bbox 629 1617 916 1696; x_wconf 88' lang='lat' dir='ltr'>consecrationibus,</span> <span class='ocrx_word' id='word_1_109' title='bbox 925 1619 1093 1684; x_wconf 84' lang='lat' dir='ltr'>visitatione</span> <span class='ocrx_word' id='word_1_110' title='bbox 1102 1632 1158 1689; x_wconf 88' lang='lat' dir='ltr'>aut</span> 
     </span>
     <span class='ocr_line' id='line_1_17' title="bbox 177 1707 1156 1790; baseline 0.004 -19"><span class='ocrx_word' id='word_1_111' title='bbox 177 1709 392 1788; x_wconf 79' lang='lat' dir='ltr'>approbatione</span> <span class='ocrx_word' id='word_1_112' title='bbox 401 1708 603 1772; x_wconf 83' lang='lat' dir='ltr'>Ecclesiamm</span> <span class='ocrx_word' id='word_1_113' title='bbox 612 1713 641 1769; x_wconf 89' lang='lat' dir='ltr'>et</span> <span class='ocrx_word' id='word_1_114' title='bbox 650 1707 865 1784; x_wconf 85' lang='lat' dir='ltr'>Oratoriorum;</span> <span class='ocrx_word' id='word_1_115' title='bbox 877 1725 935 1771; x_wconf 88' lang='lat' dir='ltr'>nec</span> <span class='ocrx_word' id='word_1_116' title='bbox 944 1727 998 1790; x_wconf 92' lang='lat' dir='ltr'>pro</span> <span class='ocrx_word' id='word_1_117' title='bbox 1005 1712 1156 1776; x_wconf 85' lang='lat' dir='ltr'>executio-</span> 
     </span>
     <span class='ocr_line' id='line_1_18' title="bbox 182 1795 1156 1882; baseline 0.006 -22"><span class='ocrx_word' id='word_1_118' title='bbox 182 1813 216 1860; x_wconf 86' lang='lat' dir='ltr'>ue</span> <span class='ocrx_word' id='word_1_119' title='bbox 226 1797 485 1878; x_wconf 90' lang='lat' dir='ltr'>dispensationum</span> <span class='ocrx_word' id='word_1_120' title='bbox 494 1795 1013 1879; x_wconf 88' lang='lat' dir='ltr'>apostolicarum‚veldispensatione</span> <span class='ocrx_word' id='word_1_121' title='bbox 1022 1800 1156 1882; x_wconf 89' lang='lat' dir='ltr'>publica-</span> 
     </span>
     <span class='ocr_line' id='line_1_19' title="bbox 181 1885 1153 1971; baseline 0.008 -25"><span class='ocrx_word' id='word_1_122' title='bbox 181 1885 296 1948; x_wconf 89' lang='lat' dir='ltr'>lionum</span> <span class='ocrx_word' id='word_1_123' title='bbox 305 1885 1153 1971; x_wconf 81' lang='lat' dir='ltr'>maumonii,prolicentiacontrahendtternporevetito,</span> 
     </span>
     <span class='ocr_line' id='line_1_20' title="bbox 179 1973 1155 2057; baseline 0.006 -21"><span class='ocrx_word' id='word_1_124' title='bbox 179 1981 248 2050; x_wconf 90' lang='lat' dir='ltr'>etc.;</span> <span class='ocrx_word' id='word_1_125' title='bbox 275 1973 348 2037; x_wconf 92' lang='lat' dir='ltr'>nihil</span> <span class='ocrx_word' id='word_1_126' title='bbox 371 1975 481 2057; x_wconf 85' lang='lat' dir='ltr'>pariter</span> <span class='ocrx_word' id='word_1_127' title='bbox 503 1975 594 2037; x_wconf 89' lang='lat' dir='ltr'>etiam</span> <span class='ocrx_word' id='word_1_128' title='bbox 608 1981 715 2056; x_wconf 93' lang='lat' dir='ltr'>sponte</span> <span class='ocrx_word' id='word_1_129' title='bbox 728 1975 882 2053; x_wconf 89' lang='lat' dir='ltr'>oblatum,</span> <span class='ocrx_word' id='word_1_130' title='bbox 900 1993 956 2057; x_wconf 86' lang='lat' dir='ltr'>pro</span> <span class='ocrx_word' id='word_1_131' title='bbox 969 1977 1155 2056; x_wconf 82' lang='lat' dir='ltr'>admissione</span> 
     </span>
     <span class='ocr_line' id='line_1_21' title="bbox 177 2063 1154 2145; baseline 0.007 -20"><span class='ocrx_word' id='word_1_132' title='bbox 177 2063 355 2126; x_wconf 89' lang='lat' dir='ltr'>monialium</span> <span class='ocrx_word' id='word_1_133' title='bbox 368 2064 407 2127; x_wconf 89' lang='lat' dir='ltr'>ad</span> <span class='ocrx_word' id='word_1_134' title='bbox 420 2063 555 2126; x_wconf 90' lang='lat' dir='ltr'>habitum</span> <span class='ocrx_word' id='word_1_135' title='bbox 568 2073 621 2126; x_wconf 87' lang='lat' dir='ltr'>aut</span> <span class='ocrx_word' id='word_1_136' title='bbox 633 2063 866 2145; x_wconf 86' lang='lat' dir='ltr'>professionem,</span> <span class='ocrx_word' id='word_1_137' title='bbox 882 2064 972 2126; x_wconf 90' lang='lat' dir='ltr'>etiam</span> <span class='ocrx_word' id='word_1_138' title='bbox 986 2066 1018 2128; x_wconf 91' lang='lat' dir='ltr'>iu</span> <span class='ocrx_word' id='word_1_139' title='bbox 1031 2085 1154 2132; x_wconf 87' lang='lat' dir='ltr'>conser-</span> 
     </span>
     <span class='ocr_line' id='line_1_22' title="bbox 178 2152 1153 2235; baseline 0.008 -21"><span class='ocrx_word' id='word_1_140' title='bbox 178 2153 296 2214; x_wconf 87' lang='lat' dir='ltr'>vetoriis</span> <span class='ocrx_word' id='word_1_141' title='bbox 305 2155 442 2235; x_wconf 90' lang='lat' dir='ltr'>(possunt</span> <span class='ocrx_word' id='word_1_142' title='bbox 451 2153 550 2216; x_wconf 90' lang='lat' dir='ltr'>sollrm</span> <span class='ocrx_word' id='word_1_143' title='bbox 559 2153 694 2234; x_wconf 89' lang='lat' dir='ltr'>accipere</span> <span class='ocrx_word' id='word_1_144' title='bbox 705 2152 899 2216; x_wconf 87' lang='lat' dir='ltr'>comestibilia</span> <span class='ocrx_word' id='word_1_145' title='bbox 909 2154 934 2216; x_wconf 92' lang='lat' dir='ltr'>si</span> <span class='ocrx_word' id='word_1_146' title='bbox 946 2157 1153 2223; x_wconf 77' lang='lat' dir='ltr'>amonialibus</span> 
     </span>
     <span class='ocr_line' id='line_1_23' title="bbox 177 2241 1154 2324; baseline 0.01 -21"><span class='ocrx_word' id='word_1_147' title='bbox 177 2249 282 2322; x_wconf 86' lang='lat' dir='ltr'>sponte</span> <span class='ocrx_word' id='word_1_148' title='bbox 300 2243 492 2320; x_wconf 81' lang='lat' dir='ltr'>offerantur),</span> <span class='ocrx_word' id='word_1_149' title='bbox 507 2249 558 2304; x_wconf 88' lang='lat' dir='ltr'>aut</span> <span class='ocrx_word' id='word_1_150' title='bbox 579 2259 635 2324; x_wconf 94' lang='lat' dir='ltr'>pro</span> <span class='ocrx_word' id='word_1_151' title='bbox 648 2241 713 2304; x_wconf 89' lang='lat' dir='ltr'>aliis</span> <span class='ocrx_word' id='word_1_152' title='bbox 728 2241 845 2304; x_wconf 89' lang='lat' dir='ltr'>actibus</span> <span class='ocrx_word' id='word_1_153' title='bbox 862 2241 899 2304; x_wconf 91' lang='lat' dir='ltr'>ad</span> <span class='ocrx_word' id='word_1_154' title='bbox 913 2244 1088 2309; x_wconf 87' lang='lat' dir='ltr'>earumdem</span> <span class='ocrx_word' id='word_1_155' title='bbox 1107 2269 1154 2313; x_wconf 85' lang='lat' dir='ltr'>re·</span> 
     </span>
     <span class='ocr_line' id='line_1_24' title="bbox 176 2329 1154 2414; baseline 0.011 -22"><span class='ocrx_word' id='word_1_156' title='bbox 176 2331 278 2410; x_wconf 78' lang='lat' dir='ltr'>gimen</span> <span class='ocrx_word' id='word_1_157' title='bbox 300 2329 616 2414; x_wconf 82' lang='lat' dir='ltr'>spectantibusldem</span> <span class='ocrx_word' id='word_1_158' title='bbox 637 2330 800 2394; x_wconf 90' lang='lat' dir='ltr'>dicendum</span> <span class='ocrx_word' id='word_1_159' title='bbox 820 2349 875 2413; x_wconf 90' lang='lat' dir='ltr'>pro</span> <span class='ocrx_word' id='word_1_160' title='bbox 894 2331 1154 2404; x_wconf 80' lang='lat' dir='ltr'>administratione</span> 
     </span>
     <span class='ocr_line' id='line_1_25' title="bbox 177 2419 1153 2502; baseline 0.013 -24"><span class='ocrx_word' id='word_1_161' title='bbox 177 2419 326 2500; x_wconf 90' lang='lat' dir='ltr'>baptismi,</span> <span class='ocrx_word' id='word_1_162' title='bbox 342 2420 590 2494; x_wconf 84' lang='lat' dir='ltr'>confirmationis,</span> <span class='ocrx_word' id='word_1_163' title='bbox 606 2420 800 2502; x_wconf 74' lang='lat' dir='ltr'>peanitentiae,</span> <span class='ocrx_word' id='word_1_164' title='bbox 810 2420 1007 2500; x_wconf 76' lang='lat' dir='ltr'>eucharistia,</span> <span class='ocrx_word' id='word_1_165' title='bbox 1018 2432 1153 2492; x_wconf 85' lang='lat' dir='ltr'>etextre-</span> 
     </span>
     <span class='ocr_line' id='line_1_26' title="bbox 177 2509 1151 2592; baseline 0.011 -23"><span class='ocrx_word' id='word_1_166' title='bbox 177 2527 257 2570; x_wconf 88' lang='lat' dir='ltr'>mae·</span> <span class='ocrx_word' id='word_1_167' title='bbox 268 2510 438 2587; x_wconf 89' lang='lat' dir='ltr'>unctionis,</span> <span class='ocrx_word' id='word_1_168' title='bbox 453 2516 505 2572; x_wconf 87' lang='lat' dir='ltr'>aui</span> <span class='ocrx_word' id='word_1_169' title='bbox 517 2527 573 2592; x_wconf 92' lang='lat' dir='ltr'>pro</span> <span class='ocrx_word' id='word_1_170' title='bbox 593 2509 713 2572; x_wconf 79' lang='lat' dir='ltr'>licentia</span> <span class='ocrx_word' id='word_1_171' title='bbox 726 2509 831 2571; x_wconf 88' lang='lat' dir='ltr'>eadem</span> <span class='ocrx_word' id='word_1_172' title='bbox 854 2520 1040 2578; x_wconf 86' lang='lat' dir='ltr'>sacramenta</span> <span class='ocrx_word' id='word_1_173' title='bbox 1052 2517 1151 2580; x_wconf 89' lang='lat' dir='ltr'>admi-</span> 
     </span>
     <span class='ocr_line' id='line_1_27' title="bbox 177 2598 1153 2681; baseline 0.012 -23"><span class='ocrx_word' id='word_1_174' title='bbox 177 2598 320 2660; x_wconf 89' lang='lat' dir='ltr'>nistrandi</span> <span class='ocrx_word' id='word_1_175' title='bbox 333 2647 340 2676; x_wconf 86' lang='lat'><strong>‚</strong></span> <span class='ocrx_word' id='word_1_176' title='bbox 356 2605 408 2662; x_wconf 88' lang='lat' dir='ltr'>aut</span> <span class='ocrx_word' id='word_1_177' title='bbox 420 2617 476 2681; x_wconf 85' lang='lat' dir='ltr'>pro</span> <span class='ocrx_word' id='word_1_178' title='bbox 488 2599 627 2661; x_wconf 87' lang='lat' dir='ltr'>examine</span> <span class='ocrx_word' id='word_1_179' title='bbox 640 2606 671 2660; x_wconf 90' lang='lat' dir='ltr'>et</span> <span class='ocrx_word' id='word_1_180' title='bbox 681 2598 896 2681; x_wconf 84' lang='lat' dir='ltr'>approbatione</span> <span class='ocrx_word' id='word_1_181' title='bbox 911 2603 949 2664; x_wconf 89' lang='lat' dir='ltr'>ad</span> <span class='ocrx_word' id='word_1_182' title='bbox 961 2602 1043 2666; x_wconf 87' lang='lat' dir='ltr'>illam</span> <span class='ocrx_word' id='word_1_183' title='bbox 1056 2607 1153 2670; x_wconf 88' lang='lat' dir='ltr'>admi·</span> 
     </span>
     <span class='ocr_line' id='line_1_28' title="bbox 176 2686 1151 2779; baseline 0.014 -33"><span class='ocrx_word' id='word_1_184' title='bbox 176 2688 383 2751; x_wconf 89' lang='lat' dir='ltr'>nistrationem</span> <span class='ocrx_word' id='word_1_185' title='bbox 409 2687 634 2771; x_wconf 80' lang='lat' dir='ltr'>praerequisitis.</span> <span class='ocrx_word' id='word_1_186' title='bbox 662 2689 737 2750; x_wconf 92' lang='lat' dir='ltr'>ltem</span> <span class='ocrx_word' id='word_1_187' title='bbox 764 2686 839 2750; x_wconf 93' lang='lat' dir='ltr'>nibil</span> <span class='ocrx_word' id='word_1_188' title='bbox 865 2690 944 2773; x_wconf 75' lang='lat' dir='ltr'>exigi</span> <span class='ocrx_word' id='word_1_189' title='bbox 971 2699 1069 2775; x_wconf 88' lang='lat' dir='ltr'>polest</span> <span class='ocrx_word' id='word_1_190' title='bbox 1094 2716 1151 2779; x_wconf 90' lang='lat' dir='ltr'>pro</span> 
     </span>
     <span class='ocr_line' id='line_1_29' title="bbox 176 2774 1152 2868; baseline 0.013 -31"><span class='ocrx_word' id='word_1_191' title='bbox 176 2774 384 2840; x_wconf 89' lang='lat' dir='ltr'>benedictione</span> <span class='ocrx_word' id='word_1_192' title='bbox 397 2795 466 2859; x_wconf 82' lang='lat' dir='ltr'>quae</span> <span class='ocrx_word' id='word_1_193' title='bbox 486 2777 642 2859; x_wconf 87' lang='lat' dir='ltr'>puerperis</span> <span class='ocrx_word' id='word_1_194' title='bbox 664 2777 807 2860; x_wconf 84' lang='lat' dir='ltr'>impertiri</span> <span class='ocrx_word' id='word_1_195' title='bbox 831 2778 922 2856; x_wconf 89' lang='lat' dir='ltr'>solet,</span> <span class='ocrx_word' id='word_1_196' title='bbox 937 2783 1060 2861; x_wconf 91' lang='lat' dir='ltr'>quando</span> <span class='ocrx_word' id='word_1_197' title='bbox 1082 2795 1152 2868; x_wconf 91' lang='lat' dir='ltr'>post</span> 
     </span>
     <span class='ocr_line' id='line_1_30' title="bbox 177 2865 1150 2956; baseline 0.015 -32"><span class='ocrx_word' id='word_1_198' title='bbox 177 2872 295 2946; x_wconf 87' lang='lat' dir='ltr'>partum</span> <span class='ocrx_word' id='word_1_199' title='bbox 313 2865 477 2928; x_wconf 85' lang='lat' dir='ltr'>Ecclesiam</span> <span class='ocrx_word' id='word_1_200' title='bbox 497 2869 595 2949; x_wconf 77' lang='lat' dir='ltr'>prima</span> <span class='ocrx_word' id='word_1_201' title='bbox 620 2865 684 2928; x_wconf 86' lang='lat' dir='ltr'>vioe</span> <span class='ocrx_word' id='word_1_202' title='bbox 710 2865 931 2947; x_wconf 80' lang='lat' dir='ltr'>ingrediuntur.</span> <span class='ocrx_word' id='word_1_203' title='bbox 954 2872 1016 2935; x_wconf 88' lang='lat' dir='ltr'>Nec</span> <span class='ocrx_word' id='word_1_204' title='bbox 1036 2893 1091 2956; x_wconf 92' lang='lat' dir='ltr'>pro</span> <span class='ocrx_word' id='word_1_205' title='bbox 1111 2877 1150 2939; x_wconf 92' lang='lat' dir='ltr'>li·</span> 
     </span>
     <span class='ocr_line' id='line_1_31' title="bbox 177 2953 1150 3043; baseline 0.015 -28"><span class='ocrx_word' id='word_1_206' title='bbox 177 2955 274 3016; x_wconf 78' lang='lat' dir='ltr'>centia</span> <span class='ocrx_word' id='word_1_207' title='bbox 303 2953 504 3036; x_wconf 80' lang='lat' dir='ltr'>predicandi,</span> <span class='ocrx_word' id='word_1_208' title='bbox 533 2961 586 3017; x_wconf 91' lang='lat' dir='ltr'>aut</span> <span class='ocrx_word' id='word_1_209' title='bbox 609 2973 664 3038; x_wconf 91' lang='lat' dir='ltr'>pro</span> <span class='ocrx_word' id='word_1_210' title='bbox 690 2955 914 3037; x_wconf 82' lang='lat' dir='ltr'>recognitione,</span> <span class='ocrx_word' id='word_1_211' title='bbox 934 2962 1150 3043; x_wconf 86' lang='lat' dir='ltr'>approbatione</span> 
     </span>
    </p>
   </div>
   <div class='ocr_carea' id='block_1_3' title="bbox 177 3042 1259 3124">
    <p class='ocr_par' dir='ltr' id='par_1_3' title="bbox 177 3042 1259 3124">
     <span class='ocr_line' id='line_1_32' title="bbox 177 3042 1259 3124; baseline 0.016 -21"><span class='ocrx_word' id='word_1_212' title='bbox 177 3049 205 3104; x_wconf 91' lang='lat' dir='ltr'>et</span> <span class='ocrx_word' id='word_1_213' title='bbox 232 3042 432 3124; x_wconf 85' lang='lat' dir='ltr'>publicatione</span> <span class='ocrx_word' id='word_1_214' title='bbox 457 3043 737 3124; x_wconf 81' lang='lat' dir='ltr'>indulgentiarum,</span> <span class='ocrx_word' id='word_1_215' title='bbox 760 3051 791 3107; x_wconf 90' lang='lat' dir='ltr'>et</span> <span class='ocrx_word' id='word_1_216' title='bbox 819 3049 1014 3113; x_wconf 86' lang='lat' dir='ltr'>concessione</span> <span class='ocrx_word' id='word_1_217' title='bbox 1048 3053 1150 3119; x_wconf 89' lang='lat' dir='ltr'>altaris</span> <span class='ocrx_word' id='word_1_218' title='bbox 1258 3063 1259 3068; x_wconf 77' lang='grc'>’</span> 
     </span>
    </p>
   </div>
   <div class='ocr_carea' id='block_1_4' title="bbox 174 3130 1149 3388">
    <p class='ocr_par' dir='ltr' id='par_1_4' title="bbox 174 3130 1149 3388">
     <span class='ocr_line' id='line_1_33' title="bbox 176 3130 1149 3221; baseline 0.017 -30"><span class='ocrx_word' id='word_1_219' title='bbox 176 3130 360 3213; x_wconf 79' lang='lat' dir='ltr'>privilegiati,</span> <span class='ocrx_word' id='word_1_220' title='bbox 372 3147 427 3213; x_wconf 93' lang='lat' dir='ltr'>pro</span> <span class='ocrx_word' id='word_1_221' title='bbox 437 3131 555 3194; x_wconf 81' lang='lat' dir='ltr'>licentia</span> <span class='ocrx_word' id='word_1_222' title='bbox 565 3139 811 3221; x_wconf 75' lang='lat' dir='ltr'>quastuandtpro</span> <span class='ocrx_word' id='word_1_223' title='bbox 821 3134 959 3200; x_wconf 78' lang='lat' dir='ltr'>facultate</span> <span class='ocrx_word' id='word_1_224' title='bbox 972 3141 1149 3208; x_wconf 87' lang='lat' dir='ltr'>absentandi</span> 
     </span>
     <span class='ocr_line' id='line_1_34' title="bbox 174 3219 1149 3324; baseline 0.012 -39"><span class='ocrx_word' id='word_1_225' title='bbox 174 3220 273 3324; x_wconf 75' lang='lat' dir='ltr'>eloco</span> <span class='ocrx_word' id='word_1_226' title='bbox 290 3219 476 3299; x_wconf 77' lang='lat' dir='ltr'>residentia,</span> <span class='ocrx_word' id='word_1_227' title='bbox 491 3237 547 3303; x_wconf 94' lang='lat' dir='ltr'>pro</span> <span class='ocrx_word' id='word_1_228' title='bbox 566 3223 742 3285; x_wconf 80' lang='lat' dir='ltr'>executione</span> <span class='ocrx_word' id='word_1_229' title='bbox 756 3223 896 3290; x_wconf 85' lang='lat' dir='ltr'>Brevium</span> <span class='ocrx_word' id='word_1_230' title='bbox 909 3227 942 3291; x_wconf 88' lang='lat' dir='ltr'>S.</span> <span class='ocrx_word' id='word_1_231' title='bbox 953 3229 1149 3298; x_wconf 70' lang='lat' dir='ltr'>Paenitentia-</span> 
     </span>
     <span class='ocr_line' id='line_1_35' title="bbox 176 3319 313 3388; baseline 0.036 -14"><span class='ocrx_word' id='word_1_232' title='bbox 176 3331 239 3388; x_wconf 83' lang='lat' dir='ltr'>rrae,</span> <span class='ocrx_word' id='word_1_233' title='bbox 255 3319 313 3380; x_wconf 76' lang='lat' dir='ltr'>etc.</span> 
     </span>
    </p>
   </div>
   <div class='ocr_carea' id='block_1_5' title="bbox 173 3413 1149 3784">
    <p class='ocr_par' dir='ltr' id='par_1_5' title="bbox 173 3413 1149 3784">
     <span class='ocr_line' id='line_1_36' title="bbox 219 3413 1149 3514; baseline 0.031 -41"><span class='ocrx_word' id='word_1_234' title='bbox 219 3415 306 3476; x_wconf 73' lang='lat'><strong>¹054.</strong></span> <span class='ocrx_word' id='word_1_235' title='bbox 330 3413 490 3496; x_wconf 73' lang='lat' dir='ltr'>rlpraefatt</span> <span class='ocrx_word' id='word_1_236' title='bbox 506 3421 608 3479; x_wconf 75' lang='lat' dir='ltr'>brnen</span> <span class='ocrx_word' id='word_1_237' title='bbox 629 3422 761 3499; x_wconf 83' lang='lat' dir='ltr'>generali</span> <span class='ocrx_word' id='word_1_238' title='bbox 778 3425 882 3506; x_wconf 76' lang='lat' dir='ltr'>regula</span> <span class='ocrx_word' id='word_1_239' title='bbox 894 3429 1089 3514; x_wconf 87' lang='lat' dir='ltr'>excipiendus</span> <span class='ocrx_word' id='word_1_240' title='bbox 1102 3445 1149 3503; x_wconf 89' lang='lat' dir='ltr'>est</span> 
     </span>
     <span class='ocr_line' id='line_1_37' title="bbox 176 3500 1145 3592; baseline 0.023 -32"><span class='ocrx_word' id='word_1_241' title='bbox 176 3500 377 3565; x_wconf 87' lang='lat' dir='ltr'>Cancellarius</span> <span class='ocrx_word' id='word_1_242' title='bbox 390 3503 577 3586; x_wconf 88' lang='lat' dir='ltr'>Episcopalis</span> <span class='ocrx_word' id='word_1_243' title='bbox 593 3525 602 3567; x_wconf 79' lang='lat' dir='ltr'>r</span> <span class='ocrx_word' id='word_1_244' title='bbox 617 3505 656 3569; x_wconf 92' lang='lat' dir='ltr'>de</span> <span class='ocrx_word' id='word_1_245' title='bbox 669 3527 706 3570; x_wconf 90' lang='lat' dir='ltr'>eo</span> <span class='ocrx_word' id='word_1_246' title='bbox 721 3511 764 3574; x_wconf 89' lang='lat' dir='ltr'>sic</span> <span class='ocrx_word' id='word_1_247' title='bbox 777 3512 868 3576; x_wconf 88' lang='lat' dir='ltr'>habet</span> <span class='ocrx_word' id='word_1_248' title='bbox 884 3517 1145 3592; x_wconf 69' lang='lat' dir='ltr'>Concil.&#39;1²rident‚</span> 
     </span>
     <span class='ocr_line' id='line_1_38' title="bbox 178 3587 1147 3696; baseline 0.033 -48"><span class='ocrx_word' id='word_1_249' title='bbox 178 3587 261 3666; x_wconf 85' lang='lat' dir='ltr'>(sess.</span> <span class='ocrx_word' id='word_1_250' title='bbox 275 3595 325 3668; x_wconf 78' lang='lat' dir='ltr'>al,</span> <span class='ocrx_word' id='word_1_251' title='bbox 335 3611 364 3654; x_wconf 91' lang='lat' dir='ltr'>e.</span> <span class='ocrx_word' id='word_1_252' title='bbox 377 3593 426 3672; x_wconf 88' lang='lat' dir='ltr'>l):</span> <span class='ocrx_word' id='word_1_253' title='bbox 437 3591 572 3654; x_wconf 76' lang='lat' dir='ltr'>«Nearti</span> <span class='ocrx_word' id='word_1_254' title='bbox 583 3597 665 3671; x_wconf 86' lang='lat' dir='ltr'>verd,</span> <span class='ocrx_word' id='word_1_255' title='bbox 676 3597 706 3659; x_wconf 89' lang='lat' dir='ltr'>in</span> <span class='ocrx_word' id='word_1_256' title='bbox 721 3599 758 3662; x_wconf 90' lang='lat' dir='ltr'>iis</span> <span class='ocrx_word' id='word_1_257' title='bbox 771 3605 889 3666; x_wconf 75' lang='lat' dir='ltr'>tentiam</span> <span class='ocrx_word' id='word_1_258' title='bbox 902 3607 976 3672; x_wconf 92' lang='lat' dir='ltr'>locis</span> <span class='ocrx_word' id='word_1_259' title='bbox 988 3611 1020 3673; x_wconf 93' lang='lat' dir='ltr'>in</span> <span class='ocrx_word' id='word_1_260' title='bbox 1034 3615 1147 3696; x_wconf 85' lang='lat' dir='ltr'>quibua</span> 
     </span>
     <span class='ocr_line' id='line_1_39' title="bbox 173 3679 1145 3784; baseline 0.032 -51"><span class='ocrx_word' id='word_1_261' title='bbox 173 3693 190 3733; x_wconf 78' lang='lat' dir='ltr'>a</span> <span class='ocrx_word' id='word_1_262' title='bbox 215 3693 278 3737; x_wconf 93' lang='lat' dir='ltr'>non</span> <span class='ocrx_word' id='word_1_263' title='bbox 294 3679 376 3758; x_wconf 74' lang='lat' dir='ltr'>viget.</span> <span class='ocrx_word' id='word_1_264' title='bbox 396 3680 552 3744; x_wconf 84' lang='lat' dir='ltr'>laudabilis</span> <span class='ocrx_word' id='word_1_265' title='bbox 575 3686 761 3749; x_wconf 89' lang='lat' dir='ltr'>consuetudo</span> <span class='ocrx_word' id='word_1_266' title='bbox 783 3690 858 3753; x_wconf 89' lang='lat' dir='ltr'>nibil</span> <span class='ocrx_word' id='word_1_267' title='bbox 876 3695 1065 3780; x_wconf 82' lang='lat' dir='ltr'>accipiendi,</span> <span class='ocrx_word' id='word_1_268' title='bbox 1088 3722 1145 3784; x_wconf 80' lang='lat' dir='ltr'>pru</span> 
     </span>
    </p>
   </div>
   <div class='ocr_carea' id='block_1_6' title="bbox 0 0 1278 3992">
    <p class='ocr_par' dir='ltr' id='par_1_6' title="bbox 0 0 1278 3992">
     <span class='ocr_line' id='line_1_40' title="bbox 0 0 1278 3992; baseline 0 1"><span class='ocrx_word' id='word_1_269' title='bbox 0 0 1278 3992; x_wconf 95' lang='lat' dir='ltr'> </span> 
     </span>
    </p>
   </div>
  </div>
 </body>
</html>
