2574 3994
198 199 257 268 tte
404 218 544 267 utuntur.
565 219 667 265 renus
687 220 769 267 rurus
790 221 941 268 curentur.

238 345 307 409 tot.
333 345 491 426 Quidquid
513 348 553 409 sit
573 345 613 409 de
640 347 701 423 bis,
725 347 756 408 in
781 345 920 421 Oriente,
935 347 1071 411 durante
1093 349 1154 414 bac

199 436 329 518 epocha,
346 435 493 517 Episcopi
514 435 699 512 regulariter
722 435 953 500 ordinabantur
967 457 985 500 a
1001 437 1154 520 lletropo-

199 526 298 588 litano
312 531 344 585 et
362 523 692 604 comprovincialibus,
708 523 876 586 accedente
900 526 1155 591 Patrtmcnarum

200 632 355 676 consensu
372 615 402 688 ¹3
423 612 652 693 Metropolitani
669 631 773 674 veroa
791 613 1000 690 Patriarcbis;
1023 617 1157 681 Patriar-

200 704 269 765 obae
288 720 361 765 vero
386 702 558 782 quamdam
584 701 860 766 confirmationem
885 721 901 764 e
932 703 967 766 R.
993 705 1024 765 P.
1042 709 1157 790 saepius

201 790 444 873 expostulabant
461 789 484 850 ².
503 793 538 852 ln
563 789 730 854 Occidente
756 809 811 870 per
833 795 1080 874 quatuorpriora
1098 818 1156 860 sae·

202 882 286 954 cula,
324 879 403 942 nulli
434 877 561 942 fuerunt
591 879 837 960 lletropolitani3
871 879 1017 964 Episcopi
1043 885 1157 951 verde

202 966 409 1032 vicinioribus
424 967 582 1048 episcopis
595 967 714 1048 quibus
732 970 1156 1054 praesentibuseligebantur‚

202 1058 472 1122 consecrationem
485 1055 698 1136 accipiebant;
715 1058 810 1120 salvis
828 1058 1019 1139 quibusdam
1037 1063 1160 1141 privile-

203 1149 274 1228 giis,
296 1153 330 1208 ut
346 1163 402 1228 pro
417 1145 573 1228 Episcopo
587 1143 838 1225 Carthaginensi.
862 1148 896 1210 ln
912 1148 999 1210 ltalia
1021 1149 1161 1214 interiori

204 1235 290 1298 solus
312 1233 346 1297 tt.
371 1233 404 1298 P.
434 1251 544 1296 omnes
582 1235 747 1315 episcopos
775 1235 994 1300 consecrabat.
1025 1237 1100 1300 Dein
1129 1240 1161 1300 in

204 1323 351 1406 pluribus
372 1321 566 1404 regionibus,
595 1331 630 1386 ut
658 1324 690 1384 in
719 1321 831 1394 Gallie,
866 1343 884 1387 e
919 1326 1035 1389 saeeulo
1053 1329 1163 1408 quinto

103 1485 105 1494 ,
205 1413 367 1476 constituti
383 1423 459 1475 suut
479 1411 722 1494 lletropolitani,
741 1411 859 1492 quibus
887 1413 951 1476 iere
968 1419 1077 1478 eadem
1091 1416 1162 1494 jura

206 1519 353 1564 concessa
375 1511 448 1564 sunt
465 1501 582 1583 quibus
593 1499 781 1562 fruebantur
797 1502 1029 1584 lletropolitani
1058 1503 1164 1566 orien-

207 1590 296 1665 tales,
312 1591 489 1671 presertim
520 1589 623 1668 quoad
654 1589 925 1669 suffraganeorum
954 1595 1164 1656 consecratio·

206 1696 291 1740 nent.
315 1676 421 1751 Quoad
454 1679 557 1758 ipsum
577 1691 694 1752 autern,
722 1679 767 1740 sic
794 1679 837 1738 ait
863 1681 893 1740 S.
921 1679 981 1742 Leo
1006 1681 1090 1763 (can.
1114 1685 1164 1758 19,

208 1766 280 1828 dist.
299 1765 350 1848 63)
367 1787 374 1827 :
396 1767 665 1848 «Metropolitano
687 1765 851 1842 defuncto,
876 1769 948 1832 ritm
966 1771 997 1832 in
1015 1773 1082 1846 ejus
1099 1771 1167 1835 loro

211 1854 328 1916 «alius
343 1857 433 1916 luerit
460 1854 693 1933 subrogandus,
724 1859 935 1936 provinciales
963 1858 1109 1940 Episcopi
1126 1862 1166 1924 ad

212 1945 408 2006 «civitatem
431 1944 626 2025 Metropolim
648 1947 817 2008 convenire
843 1949 1014 2019 debebunt,
1040 1965 1071 2011 ut
1099 1968 1166 2012 orn·

212 2058 226 2090 a
251 2033 340 2094 nium
359 2035 546 2096 clericorum
563 2049 657 2101 atoue
677 2033 796 2096 civium
827 2042 988 2099 voluntate
1013 2039 1164 2117 discussa,

211 2146 227 2178 r
251 2140 288 2183 er
304 2121 492 2204 presbyteris
506 2123 646 2205 ejusdem
659 2113 1013 2191 Ecclesirevelriiaoonis
1027 2129 1167 2209 optiruus

213 2211 424 2275 «ordinetur.
451 2235 468 2272 a

233 2306 304 2366 133.
328 2300 462 2366 Secundo
476 2301 591 2384 epocha.
613 2337 655 2350 -
679 2301 765 2365 Circa
790 2299 1007 2365 duodecimum
1026 2301 1175 2364 sarculum
1283 2341 1284 2380 3

194 2397 343 2455 reservata
356 2389 413 2453 luit
425 2391 569 2472 Capitulis
591 2392 810 2472 Episcoporum
829 2390 935 2452 electio
959 2392 988 2467 ³,
1009 2390 1174 2452 confirma·
1283 2403 1284 2452 l

227 2535 235 2562 ⁴
254 2548 264 2578 r
278 2529 384 2596 Antiqua
402 2527 557 2580 consuetudo
574 2533 685 2578 terretur
699 2543 743 2594 pet·
758 2527 903 2594 Emptum,
917 2526 1030 2594 Lybinm,
1044 2533 1069 2578 el
1080 2527 1174 2578 renu-

197 2619 208 2650 e
226 2600 302 2668 polim
315 2619 322 2662 ς
334 2603 367 2652 iti
379 2608 406 2652 ul
417 2599 597 2652 Alexandrinus
611 2599 746 2664 Episcopus
758 2599 868 2649 omniunt
882 2598 970 2648 horutn
986 2597 1075 2649 habeut
1087 2607 1174 2665 potes·-

197 2678 319 2734 »tatem‚
341 2673 398 2738 quia
422 2679 446 2722 et
474 2671 546 2723 Urbis
570 2669 654 2720 Romae
676 2670 797 2737 Episcopo
815 2669 905 2736 pariter
918 2685 971 2720 mos
991 2676 1037 2720 est.
1055 2668 1175 2720 Similiter

197 2749 308 2794 cautem
330 2749 356 2794 ct
370 2743 436 2809 apud
453 2741 609 2793 dubocbiam
633 2747 784 2807 ceterasque
802 2741 953 2807 provincias,
977 2741 1028 2792 suis
1047 2740 1173 2806 privilegia

197 2833 208 2863 ι
226 2821 356 2864 serventur
369 2814 527 2866 Ecclesiis....
546 2813 572 2865 Si
585 2811 640 2879 quis
648 2819 740 2878 proetcr
752 2813 897 2864 sententium
908 2813 1088 2878 Metropolitum
1098 2813 1175 2874 fuerit

197 2905 208 2934 a
224 2885 306 2950 [arbre
314 2885 458 2951 Episcopus,
468 2887 533 2936 bunc
542 2885 633 2948 linono
645 2885 758 2949 Spnodua
776 2883 885 2934 delinivit
897 2883 1044 2950 Episcopum
1057 2897 1110 2934 esse
1123 2898 1174 2933 non

197 2975 208 3006 e
227 2963 348 3022 oportere.
364 2975 374 3002 ι
393 2953 487 3007 Concil.
502 2955 604 3016 Nicen,
618 2969 673 3004 can.
687 2955 710 3005 6.
724 2955 771 3005 Per
783 2953 998 3020 Metropolitanum
1013 2953 1053 3005 bic
1065 2953 1175 3004 Patriar·

195 3025 240 3078 ebe
252 3025 405 3091 intelligitur,
420 3041 443 3074 v.
460 3027 550 3077 l'rutlit.
564 3027 593 3077 tle
609 3026 714 3090 l'Epliae,
729 3030 787 3086 eto,
800 3031 817 3074 t.
831 3025 856 3080 l,
869 3040 893 3090 p.
906 3025 945 3076 53.

225 3096 400 3148 innocentius}
412 3096 523 3148 scribens
534 3097 672 3148 Alexandro
688 3093 968 3162 Episcopodntincbeno
982 3093 1175 3147 diccbttrssirut

195 3168 408 3234 Uetropelitanos,
421 3167 570 3218 auctoritate
587 3167 687 3219 ordines
704 3166 838 3234 singulari,
851 3166 887 3218 sic
905 3173 929 3217 et
941 3171 1044 3218 caeteros
1057 3181 1106 3217 nen
1118 3167 1174 3216 sine

195 3240 315 3310 pepmissu
326 3237 528 3306 coementoque
548 3239 590 3290 tui
611 3237 678 3289 sinas
701 3239 831 3304 episcopos
854 3237 986 3306 procreari.
1020 3253 1031 3286 a
1052 3237 1125 3290 l'rud.
1144 3237 1175 3288 de

197 3311 303 3376 idiotice,
316 3311 360 3372 lb,
372 3327 395 3377 p.
410 3311 441 3360 21
454 3316 478 3362 et
490 3310 528 3361 te.

226 3387 236 3416 ⁸
254 3384 300 3434 Pro
316 3383 504 3434 confirmatione
522 3379 721 3432 Patriarcbarurn
742 3380 756 3432 i
780 3379 806 3432 S.
828 3379 949 3432 Pontiiice
971 3379 1027 3432 ride
1043 3382 1173 3446 epistolam

196 3453 222 3507 S.
234 3454 353 3506 Eonilecii
368 3455 429 3508 ldd
438 3453 546 3517 Rufum,
560 3459 585 3503 et
596 3453 665 3520 plura
674 3452 720 3502 alia
732 3451 807 3503 relata
820 3451 930 3519 inopere
942 3451 1026 3513 citato,
1041 3453 1132 3504 l'rudt'l.
1146 3453 1176 3504 tle

197 3527 282 3590 Mol„
296 3533 313 3576 t.
327 3526 350 3587 1,
363 3541 388 3594 p.
406 3525 446 3584 113,
460 3525 514 3586 151,
528 3525 581 3585 tot,
597 3529 644 3575 etc.
658 3521 718 3575 Vide
730 3523 803 3575 etiam
820 3523 908 3585 uouit,
919 3524 954 3576 De
965 3525 1094 3590 Eptacopo,
1113 3527 1131 3574 t.
1150 3523 1173 3583 1,

251 3599 259 3624 r

89 3631 120 3667 Ἣ
138 3665 139 3670 ’
197 3598 403 3732 ν’·ιῗθὲξέἓιηῑίε
419 3683 549 3736 progressu
561 3667 679 3734 temperis
692 3667 788 3718 clericis
805 3665 970 3734 accipietis,
987 3668 1029 3734 qui
1042 3683 1129 3721 omnes
1143 3668 1175 3720 ad

202 3749 216 3781 ¹
233 3741 376 3791 electionem
388 3741 565 3807 Episcoporum
578 3737 768 3797 concurrebant,
781 3749 813 3794 et
824 3737 893 3788 eluro
904 3743 929 3789 et
940 3753 1056 3806 expresso
1067 3745 1134 3790 tortu
1150 3739 1174 3790 itt
