2546 3992
170 221 229 284 tao
391 233 528 279 uerutis
548 231 648 276 nortus
667 230 748 275 ruars
769 229 918 274 oauourct.

170 340 285 400 clericis
307 343 337 399 et
359 335 465 411 laicis‚‘
484 342 514 398 et
531 334 672 396 Ecclesiae
691 329 842 413 principes
857 332 964 393 meritd
984 331 1147 394 vocantur.

171 429 206 487 V.
223 426 318 488 Bouix
337 423 403 503 (il,
420 433 495 486 tom.
513 429 542 499 l,
559 443 589 504 p.
605 423 669 498 63).
868 438 872 443 ’

210 519 278 578 866.
303 515 424 590 Quaerit.
446 518 478 576 4ο
495 515 540 574 An
555 515 572 572 a
588 513 650 572 Deo
663 509 741 572 velt
758 511 841 593 Papd
856 507 996 591 Episcopi
1007 508 1148 589 jurisdic-

172 605 285 668 tionem
300 602 473 666 immediate
487 599 659 682 accipiant?

215 695 292 756 Noto
315 692 365 754 htc
384 691 431 772 agi
455 691 493 752 de
514 694 659 771 potestate
680 687 897 768 iurisdictionis
919 703 1011 768 quam
1035 686 1147 749 habent

172 781 312 868 Episcopi
331 787 420 863 prout
434 785 504 841 sunt
516 777 648 858 sinpnli,
665 795 725 840 non
740 783 841 839 autem
860 775 898 838 de
911 779 947 837 ed
961 795 1030 857 qum
1044 775 1147 858 ipsisa
1260 831 1261 836 ,

172 871 354 957 quibusdam
363 869 503 930 tribuitur
516 873 665 948 quatenus
674 865 828 947 rollepium
842 883 895 927 scu
908 883 1011 946 corpus
1025 865 1148 946 Episco-
1259 885 1261 944 ss

171 959 385 1047 poleconllant
399 961 422 1017 ¹.
1000 999 1003 1004 .

212 1053 281 1114 869.
308 1050 397 1127 Resp.
419 1043 504 1107 Circa
529 1043 608 1107 hanc
634 1044 834 1127 questionem
860 1041 1013 1124 duplicem
1043 1039 1148 1105 adesse

172 1135 376 1203 sententiam:

219 1227 326 1289 Primo
350 1230 434 1286 tenet
466 1222 686 1305 Episcoporum
717 1222 957 1302 iurisdictionem
985 1239 1051 1282 esse
1086 1221 1147 1280 im-

174 1315 303 1380 mediate
327 1316 345 1376 a
367 1313 501 1386 Christo,
517 1312 574 1373 hoc
597 1329 706 1392 nempe
719 1329 810 1374 sensu
827 1330 835 1372 ι
852 1309 1036 1372 instituendo
1049 1310 1080 1370 in
1094 1315 1149 1370 sua

173 1404 307 1468 Ecclesia
320 1403 548 1486 episcopatum,
564 1400 698 1462 Christus
712 1400 836 1481 quidem
849 1397 985 1461 creandis
999 1397 1149 1478 usquead
1260 1389 1261 1436 t

174 1494 268 1558 linem
283 1491 560 1572 mundiEpiscopis
581 1490 675 1551 voluit
692 1488 932 1568 jurisdictionem
951 1487 1104 1562 conterre,
1120 1495 1152 1548 et

174 1583 276 1645 hocin
291 1583 356 1663 ipsl
369 1598 475 1642 eorum
488 1578 693 1656 ordinatione,
704 1578 757 1640 sed
771 1579 811 1639 ita
820 1585 921 1639 tamen
936 1584 969 1638 ut
983 1577 1047 1638 hmo
1059 1577 1151 1654 iuris

175 1670 266 1733 dictio
277 1671 365 1750 tigata
375 1673 556 1744 remaneret,
568 1667 706 1729 necteret
716 1666 753 1728 ad
763 1663 1152 1729 actumreducibilisdonec

176 1760 207 1820 S.
231 1757 367 1820 Pontifex
392 1755 557 1837 approbato
581 1755 729 1837 Episcopo
757 1754 943 1817 territorium
965 1759 994 1816 et
1014 1752 1153 1815 subditos

177 1845 366 1926 assignasset.

216 1937 285 1996 870.
310 1929 444 1995 Secundo
454 1931 602 1996 sententia
615 1933 755 1996 concedit
768 1932 920 1996 Christum
933 1931 973 1994 ita
987 1931 1153 1994 instituisse

176 2024 342 2104 Episcopos
355 2027 391 2084 ut
408 2021 439 2084 in
452 2021 548 2084 varias
561 2027 660 2103 partes
674 2023 816 2085 Ecclesiae
829 2021 960 2084 debeant
978 2021 1105 2103 praelici;
1121 2029 1153 2084 at

177 2111 266 2174 simul
287 2111 442 2175 contendit
460 2109 700 2190 jurisdictionem
719 2109 845 2191 singulis
867 2109 1022 2192 Episcopis
1042 2109 1153 2172 imme·
1259 2127 1260 2160 t

176 2197 255 2264 dicte
275 2200 416 2276 conferri,
434 2217 495 2262 non
514 2202 531 2262 d
552 2199 668 2262 Christo
688 2201 762 2261 etin
783 2200 847 2282 ipsa
869 2217 975 2262 eorum
989 2217 1152 2262 consecra-

178 2289 259 2354 tione
272 2337 279 2366 ‚
295 2289 348 2352 sed
361 2291 379 2351 d
392 2293 530 2351 Romano
544 2288 704 2366 Pontice,
719 2296 749 2351 el
763 2306 816 2370 per
829 2296 930 2350 actum
943 2306 1004 2370 quo
1017 2291 1097 2369 Papa
1108 2289 1155 2350 eis

179 2379 326 2460 regendas
342 2377 486 2440 dioeceses
496 2377 656 2439 committit
666 2378 786 2454 (Bouix,
809 2377 870 2454 ila,
890 2383 911 2438 t.
930 2383 959 2454 l,
976 2397 1006 2458 p.
1022 2381 1072 2452 55,
1088 2379 1151 2454 56).

178 2468 250 2530 Haec
258 2468 460 2530 controversia
470 2484 580 2546 magno
594 2466 764 2528 animorum
776 2473 849 2528 aestu
860 2465 969 2547 agitata
982 2467 1013 2526 in
1027 2465 1154 2545 Synndo

177 2557 352 2619 Tridentini
365 2573 446 2618 anno
468 2558 557 2627 1562,
574 2553 706 2618 indecisa
720 2555 875 2617 remansit.
894 2553 1006 2617 Bened.
1022 2554 1155 2632 X1V‚de

178 2643 269 2726 Spu,
285 2645 337 2707 lib.
363 2647 479 2726 l‚cap.
495 2649 533 2719 4,
558 2651 591 2704 n⁰
605 2649 634 2704 2.

219 2735 355 2796 Praesens
369 2733 570 2796 controversia
585 2751 646 2794 non
660 2738 705 2794 est
717 2731 755 2794 de
770 2733 1036 2808 nominatarum,
1054 2733 1155 2815 inquit

179 2821 275 2883 Bouix
291 2825 457 2902 (utsupra,
479 2841 508 2902 p.
534 2823 582 2900 60)
601 2840 608 2882 :
630 2820 760 2883 admissi
779 2821 860 2882 enim
881 2821 973 2902 priori
993 2823 1149 2900 sententia,

180 2909 316 2990 quamvis
326 2909 407 2990 Papa
414 2909 653 2988 jurisdictionem
667 2910 848 2990 restringere
858 2915 888 2970 et
897 2909 1029 2972 adimere
1039 2915 1153 2992 possit,
1258 2923 1259 3000 ξ

213 3067 220 3094 ·
236 3063 308 3112 Juxta
322 3062 484 3127 Eolgeuium,
498 3063 544 3114 luit
556 3063 696 3115 immediate
713 3064 726 3114 d
740 3063 835 3116 Christo
848 3063 975 3130 Episcopis
987 3064 1075 3116 collata
1092 3065 1155 3116 uni-

181 3132 281 3186 versati·
289 3131 437 3199 jurisdictio,
452 3149 501 3184 non
511 3141 632 3200 quatenns
643 3135 756 3201 singulis,
765 3135 808 3186 scd
821 3141 943 3202 quatenus
955 3151 1045 3201 corpus
1054 3136 1155 3202 episco-
1258 3163 1259 3168 =

182 3203 236 3273 pale
247 3219 303 3254 curn
315 3217 361 3254 suo
373 3204 453 3269 capite
466 3203 584 3257 l‘ontilice
602 3205 713 3257 Romano
730 3205 949 3272 componentibus;
964 3207 1003 3258 cui
1021 3207 1155 3260 universali

182 3274 345 3344 jurisdictioni
363 3275 510 3340 participant
527 3275 601 3326 etium
620 3277 733 3343 Episcopi
751 3277 842 3344 quibus
860 3277 973 3328 dioeccsis
989 3279 1085 3344 propria
1103 3295 1156 3330 nou
1258 3273 1259 3328 ζ

182 3347 330 3413 assignatur.
345 3345 401 3397 llaec
418 3345 529 3412 Bolgcnii
548 3347 632 3414 opinio
652 3349 788 3415 rejicitura
806 3349 833 3400 ll.
854 3349 932 3400 Boulx
945 3355 1061 3416 tanquam
1074 3365 1155 3413 nova,

183 3417 301 3470 doctrino
313 3417 493 3484 spretionibus
505 3419 648 3468 auctoribus
661 3421 755 3469 traditae
766 3421 898 3471 adversans
910 3426 934 3471 ct
947 3421 1075 3472 destruens
1086 3421 1155 3487 repi-
1258 3445 1259 3464 t

184 3505 238 3540 men
253 3489 368 3540 Ecclesia
381 3487 564 3540 monarchicum
578 3490 654 3552 (ibid,
668 3505 690 3556 p.
705 3491 800 3553 86-88).
814 3491 884 3543 Unde
895 3490 1014 3560 quidquid
1027 3492 1157 3558 potcstatis

184 3560 328 3610 uniuersalis
344 3559 436 3610 habent
454 3557 567 3624 Episcopi
586 3559 714 3610 collective
729 3560 835 3626 sumpti,
847 3561 898 3612 sira
915 3560 940 3610 in
956 3561 1067 3614 Concilio
1082 3577 1156 3615 ou·

185 3629 291 3690 monica,
303 3630 354 3681 sire
365 3637 444 3690 esua,
456 3628 470 3678 d
484 3629 548 3685 Puni
561 3627 690 3690 recipiunt.
