2496 3992
466 153 551 228 trouu
571 153 686 201 antuus.
996 137 1052 195 tltll

100 279 159 326 qua
184 267 240 314 eunt
255 280 356 328 quasque
371 269 513 326 cernuntur,
525 279 625 316 caumas
640 267 726 329 genuit
742 268 910 328 secundarios,
928 267 1055 328 inquibus

101 336 210 398 perspici
235 337 425 397 aliqunratiooe
455 343 536 399 posset
564 343 651 386 natura
673 338 1054 399 actioquediviua,quaequeatl

102 421 161 456 euru
179 407 260 465 linem,
279 423 326 469 quo
351 411 403 460 baec
417 423 498 458 rerum
514 414 609 472 spectat
623 409 768 458 universitas
783 412 948 459 conducerent
963 426 969 458 :
986 411 1016 458 ita
1029 411 1053 456 ln

102 481 223 528 societate
241 479 306 528 civili
321 480 398 529 voluit
417 494 470 530 esse
487 481 662 543 principatum,
678 495 750 542 quem
766 483 807 542 qui
819 488 940 544 gererent.
957 482 981 530 in
992 482 1055 528 inra-

102 551 188 613 ginem
213 554 344 612 quamdam
361 551 448 601 divinae
467 553 492 600 in
514 567 593 616 genus
618 553 755 601 humanum
769 553 894 615 potestatis
917 553 1055 612 divinaeque

103 623 264 684 providentioe
289 625 415 673 referrent.
434 626 510 673 Debet
532 624 606 688 igitur
621 623 751 687 imperium
775 625 870 686 justum
894 638 1055 685 essedaque

102 695 194 752 herile,
204 695 248 742 sed
262 695 330 756 quasi
348 699 486 758 paternum,
502 696 561 758 quia
579 695 622 744 llei
633 695 772 758 justissima
785 696 811 744 iu
828 695 1056 757 bominespolestas

103 773 142 814 est
152 770 241 814 etcum
254 772 353 826 paterna
371 766 480 816 bonitate
500 765 631 828 conjunctu
652 768 809 830 :gerendum
826 781 883 816 vero
899 767 977 815 estad
1005 769 1055 814 uti-

104 837 203 886 litatem
216 837 321 899 ciuium,
335 839 392 900 qula
405 839 446 900 qui
467 845 577 901 praesunt
591 839 694 898 celeria,
711 843 760 888 luae
778 853 827 888 una
844 840 875 889 de
890 853 978 887 caussa
996 853 1056 900 prm-

104 909 324 958 suututclritatis
337 910 466 959 utilitatem
483 914 608 960 tueantur.
627 909 711 972 Neque
740 911 790 958 ullo
816 917 885 972 paeto
906 909 1057 958 committed.

104 979 173 1039 dum,
188 985 215 1028 ul
233 981 306 1028 unius
320 982 358 1030 nel
379 995 513 1042 paucorum
540 981 675 1038 commoda,
697 980 786 1030 seruiat
813 981 891 1030 civilis
914 981 1055 1038 auctoritas,

105 1065 162 1100 cum
175 1053 204 1100 ad
222 1066 351 1101 corunnuue
366 1052 474 1100 omnium
486 1054 577 1101 bouum
591 1053 727 1102 constituta
743 1057 787 1102 slt.
804 1053 872 1111 Quod
893 1053 925 1111 si,
939 1053 981 1115 qai
997 1067 1056 1111 prm·

105 1130 171 1184 sont,
187 1125 332 1172 delabantur
343 1123 369 1171 iu
383 1123 534 1172 dominatum
551 1124 679 1185 iniustum,
696 1123 1056 1187 ciimportunitateauperbiaee

106 1196 270 1256 peccauerint,
288 1195 310 1244 si
333 1194 398 1243 male
417 1195 506 1256 populo
521 1195 701 1254 consuluerint,
717 1197 798 1244 sciant
812 1197 858 1245 sibi
875 1197 997 1244 rationem
1009 1193 1056 1243 ali-

106 1267 207 1328 quando
220 1267 268 1314 beo
283 1281 337 1314 esse
349 1266 505 1324 reddendam,
527 1267 601 1328 idque
615 1271 682 1314 tanto
700 1267 819 1322 severius.
833 1271 923 1328 quanto
936 1268 975 1316 uel
988 1281 1056 1314 sanc·

107 1338 171 1386 tiore
185 1337 209 1385 in
221 1351 323 1387 munere
334 1337 421 1386 uersati
435 1337 492 1392 sint.
509 1339 548 1386 vel
560 1339 663 1401 gradum
677 1339 807 1400 diguitatis
818 1339 931 1387 altiorem
943 1339 1056 1386 obtinue-

108 1407 166 1458 riut.
178 1409 295 1459 Potentes
308 1413 425 1470 potenter
439 1413 562 1458 tormenta
575 1410 705 1471 patientur
718 1411 772 1458 ¹.-
786 1410 822 1458 lta
834 1425 893 1459 saue
905 1409 1057 1472 majestatem

108 1481 210 1542 imperii
221 1481 356 1530 reverentia
367 1479 457 1529 civium
473 1481 575 1530 honesta
585 1485 610 1528 ct
623 1481 707 1530 libens
723 1481 886 1530 comitabitur.
898 1481 994 1530 Etenim
1003 1495 1057 1528 eum

107 1553 185 1600 semel
200 1552 346 1601 inanimum
372 1552 523 1610 induxerint,
536 1553 626 1614 pellere
640 1553 682 1615 qui
694 1552 969 1616 imperantauctoritetn
982 1567 997 1601 a
1008 1553 1056 1600 beu

109 1624 331 1686 dataltlaqutdem
342 1623 496 1684 officiajusta
511 1637 539 1671 ac
554 1623 636 1672 debita
651 1638 706 1673 esse
721 1623 912 1680 sentientdleta
929 1625 1058 1673 audientes

110 1696 331 1758 essepriueipibus.
340 1696 480 1757 eisdemque
490 1695 636 1757 obsequium
648 1695 756 1745 aolidem
764 1700 880 1759 praestare
888 1710 943 1744 cum
952 1697 1056 1757 quadam

108 1766 272 1816 similitudine
289 1766 395 1830 pietatis,
408 1780 464 1828 qum
476 1766 608 1815 liberorum
621 1771 725 1831 asterga
740 1772 864 1829 parentes.
876 1767 961 1818 Olunta
971 1768 1057 1818 aalma

108 1839 273 1900 potestatibus
286 1838 472 1888 ‘abitmtarlbar
483 1837 588 1887 araldtta
597 1839 629 1887 att
640 1839 663 1888 ².
679 1865 707 1874 -
724 1843 846 1902 spernere
855 1839 944 1902 quippe
956 1843 1057 1901 potesla-

109 1913 156 1958 tem
171 1909 314 1972 legitimam,
336 1910 426 1971 quavis
440 1924 495 1958 oum
510 1909 536 1958 iu
556 1923 660 1972 persona
675 1910 819 1965 constiterit.
832 1923 880 1959 nol]
898 1911 1056 1974 insignibat,

109 1995 182 2042 quam
193 1981 282 2030 diriore
297 1981 415 2029 voluntati
432 1981 573 2030 resistere:
591 1982 631 2030 eoi
646 1981 666 2030 si
681 1983 723 2044 qui
739 1982 863 2040 resistant,
891 1981 918 2030 iu
932 1983 1058 2032 interitum

110 2053 366 2100 ruuutvoluutariuru.
389 2051 437 2114 Qui
452 2053 551 2101 resistit
565 2053 696 2114 potestati,
714 2051 761 2101 Dei
776 2053 933 2102 ordinationi
949 2053 1056 2113 resistit,

110 2123 151 2186 qai
168 2127 251 2170 autem
269 2121 396 2182 resistant,
407 2122 455 2185 tpsl
469 2121 519 2170 albi
532 2121 724 2170 damnationem
734 2123 868 2185 acquirant
878 2123 897 2171 ⁸.
909 2124 1058 2186 Quapropter

110 2192 276 2242 obedientiam
299 2193 416 2255 objicere,
435 2196 467 2254 el,
485 2193 588 2256 pervim
610 2192 776 2241 multitudiuis
792 2205 845 2242 rem
868 2194 899 2242 ad
912 2193 1058 2242 seditionem

111 2280 198 2314 vocare
207 2265 344 2314 eolorimeu
355 2263 497 2326 majestatis,
506 2279 586 2325 neque
597 2265 708 2314 butuanae
717 2266 867 2321 tantumted
878 2265 952 2314 etiam
971 2265 1060 2315 divine

142 2337 193 2384 llae
207 2335 300 2385 ratione
311 2340 467 2384 constitutum
481 2335 612 2390 civitatem.
628 2335 842 2398 perspicuumst,
855 2335 955 2385 omnino
969 2337 1061 2385 debere

110 2407 221 2472 plurimis
236 2407 397 2469 maximisque
414 2406 512 2470 officiis,
526 2421 581 2469 que
596 2407 673 2470 ipsam
683 2407 791 2471 jungunt
808 2408 865 2466 beo,
878 2405 999 2470 religione
1011 2422 1060 2470 pu-

112 2480 176 2530 bliea
189 2479 336 2528 satisfacere.
356 2505 385 2516 —
405 2479 497 2527 llatura
511 2482 534 2527 ct
549 2479 619 2538 ratio,
630 2492 685 2541 quae
695 2477 765 2540 jubet
779 2479 889 2542 singulm
902 2485 986 2527 sancte
1001 2479 1060 2528 reli-

112 2553 229 2616 gioseque
239 2552 315 2600 licum
330 2550 419 2606 colere.
433 2551 497 2612 quod
511 2550 537 2600 iu
549 2551 602 2614 ejus
617 2555 734 2614 potestate
748 2564 842 2609 sumus,
859 2559 883 2598 et
898 2551 961 2612 quod
980 2551 1011 2599 ab
1030 2565 1060 2599 eo

112 2623 211 2687 proiecti
223 2623 255 2672 ad
266 2623 379 2671 eumdem
391 2621 479 2672 reverti
500 2623 626 2678 debemus,
640 2625 726 2672 eadem
741 2623 796 2685 lege
812 2621 944 2684 adstringit
961 2622 1062 2671 ciuilem

113 2693 322 2745 communitatem.
344 2693 459 2744 llomines
475 2693 541 2742 euim
558 2693 683 2743 communi
702 2693 821 2743 socictate
838 2693 964 2756 conjuncti
984 2694 1060 2743 nihilo

113 2771 169 2816 sunt
185 2767 267 2830 minuc
285 2766 311 2814 iu
327 2763 513 2828 delectatae,
532 2779 605 2828 quom
625 2764 735 2829 siuguli;
761 2779 843 2828 neque
854 2765 974 2814 minorem
987 2779 1062 2827 quam

113 2837 202 2900 singuli
228 2837 331 2901 qratiam
349 2838 400 2886 lieo
426 2837 529 2886 societas
555 2837 638 2896 debet,
664 2851 714 2898 quo
739 2841 838 2886 auctore
865 2837 964 2898 coaluit,
990 2838 1061 2900 cujus

113 2915 173 2958 nutu
208 2913 375 2966 conservetur,
413 2908 483 2971 cujus
524 2907 643 2958 beneficio
677 2907 883 2958 innumerabilem
929 2909 1059 2968 bonorum,

114 2982 200 3043 quibus
226 2979 312 3034 ailluit,
336 2979 431 3042 copiam
469 2979 574 3042 accepit.
605 2981 757 3041 Quapropter
782 2980 846 3028 sicut
879 2979 973 3029 nemini
1003 2982 1061 3031 licet

114 3067 157 3102 trra
170 3053 286 3102 adversus
303 3053 377 3100 lleum
392 3051 474 3099 ollreia
487 3051 623 3114 negligere,
640 3049 798 3113 olllciumquo
813 3057 850 3101 est
862 3053 996 3101 maximum
1007 3068 1060 3103 am·

115 3123 185 3188 plecti
199 3131 222 3172 et
234 3123 316 3172 auimo
331 3127 355 3170 ei
370 3123 478 3171 moribus
497 3122 650 3186 religionem,
668 3135 713 3172 uec
731 3137 805 3184 quam
820 3123 924 3187 qui-que
940 3125 1059 3180 nralucrit.

116 3197 156 3246 sed
167 3209 241 3258 quam
252 3197 315 3244 llcus
327 3193 438 3258 jusserit,
455 3207 577 3256 quamque
586 3193 659 3244 certis
676 3196 826 3257 minimeque
838 3196 979 3248 dubitandis
993 3197 1061 3246 iudi-

140 3372 161 3470 i:
174 3370 327 3475 tanna.

142 3477 161 3524 8.
171 3479 239 3532 Boou,
254 3489 275 3532 u,
286 3478 309 3524 2.
