2506 3984
494 313 580 359 mem
600 311 719 362 remus.
1039 295 1092 355 llll

125 438 140 477 n
165 418 427 502 percipiendorum
441 420 468 482 ei
483 439 597 482 munus
611 419 768 496 incumbit,
782 419 990 483 OEconomum
1002 439 1096 484 unum

124 507 210 568 »vel
237 508 338 588 plures
364 507 468 570 fideles
495 527 531 571 ao
558 508 717 591 diligentes
738 508 897 579 decernet,
922 510 975 590 qui
996 529 1097 573 rerum

124 616 140 655 o
165 596 431 659 ecclesiasticarum
440 604 470 658 et
479 605 677 680 proventuum
692 615 797 660 curam
809 605 913 677 gerant
928 601 949 672 ¹,
965 613 1096 679 quorum

124 704 140 744 e
165 685 295 746 rationes
304 684 332 746 ei
346 685 382 746 ed
393 703 484 766 quem
494 685 655 766 pertinebit
669 687 729 747 sint
735 684 891 748 reddituri.
900 687 976 748 Item
984 687 1098 750 Officia·

125 793 141 832 o
166 771 224 834 lem
235 791 288 834 seu
298 773 463 846 Vicerium,
480 771 557 836 inlra
570 779 639 836 octo
652 773 717 835 dies
727 779 794 856 post
804 778 934 836 mortem
942 775 1095 858 Episcopi,
1162 844 1168 866 ι

124 881 140 920 o
164 861 357 938 constituere,
373 859 419 923 vel
431 862 607 924 existentem
621 861 802 925 confirmare
816 861 942 924 omnint
949 869 1094 937 timeatur,

123 969 140 1009 a
164 949 216 1030 qui
231 949 336 1011 saltem
346 951 378 1020 in
390 951 458 1028 jure
471 951 618 1012 canonico
632 951 670 1012 sit
682 948 787 1012 doctor
799 951 845 1012 vel
858 951 1041 1030 licentiatus,
1052 954 1096 1015 vel

125 1056 140 1095 e
165 1037 238 1099 alias
251 1039 401 1118 quantum
417 1035 480 1099 lieri
496 1038 605 1118 poterit
618 1038 756 1100 idoneus.
773 1040 803 1100 Si
818 1057 906 1102 secus
919 1037 1030 1122 lactum
1040 1041 1097 1104 lue·

124 1145 140 1183 n
165 1125 219 1196 rit,
229 1124 266 1186 ed
280 1125 544 1206 Metropolitanum
557 1125 709 1206 deputatio
721 1127 893 1207 hujusmodi
907 1127 1094 1208 derelictum

125 1233 141 1271 e
165 1218 194 1273 et
208 1213 231 1274 si
241 1213 373 1276 Ecclesia
387 1211 451 1295 ipsa
461 1215 689 1294 Metropolitum
701 1213 790 1277 feerit
800 1263 807 1292 ,
817 1221 867 1278 eut
881 1225 1029 1299 exempta,
1042 1220 1096 1281 Ca-

125 1320 140 1358 r
165 1299 744 1383 pitulumque,utpraelertur,negligens
754 1303 938 1379 fuerit,tunc
947 1307 1097 1390 antiquior

126 1409 140 1446 o
164 1387 332 1471 Episcopus
345 1407 381 1450 ex
396 1389 608 1471 suffraganeis,
625 1391 656 1451 in
670 1391 896 1472 llletropolitant
905 1436 914 1467 ,
930 1399 960 1455 et
973 1397 1096 1477 propin-

126 1497 140 1534 o
166 1477 256 1557 quior
277 1477 459 1559 Episcopus,
469 1478 499 1539 in
513 1481 663 1560 exempta,
678 1478 887 1542 OEconomum
901 1489 932 1543 et
945 1483 1095 1547 Vicerium

125 1586 140 1621 r>
166 1563 290 1627 idoneos
304 1567 396 1647 possit
410 1566 629 1628 constituere.»
645 1567 689 1646 (Si
704 1585 811 1629 omnes
819 1569 972 1632 vicarium
986 1572 1095 1654 eligere

127 1651 327 1732 neglexerint,
342 1671 413 1716 eum
427 1653 580 1716 constituit
593 1656 747 1716 Romanus
760 1656 894 1718 Pontifex
909 1667 960 1721 eut
974 1663 1005 1722 S.
1021 1663 1095 1724 Gon-

126 1758 208 1820 greg.
225 1741 364 1822 Episcop.
389 1747 419 1803 et
432 1740 552 1823 Regult
568 1743 688 1818 Devoti,
708 1742 761 1804 lib.
779 1748 791 1806 l
806 1791 814 1822 ,
830 1751 903 1808 sect.
919 1752 954 1824 7,
976 1750 993 1829 ἓ
1007 1753 1069 1830 63.)
1083 1758 1095 1790 ·

130 1827 330 1910 «Episcopus
356 1831 426 1892 verd
448 1831 486 1892 ad
507 1830 646 1892 eamdem
668 1831 833 1895 Ecclesiam
852 1845 1007 1900 vacantem
1025 1861 1094 1921 pro·

125 1935 140 1972 e
165 1923 275 1993 motus,
284 1918 1092 2011 exeisquaeadipsumspectant‚abeisdemOEc0nomo,

124 2023 140 2060 r>
164 2002 282 2068 Vicario
296 2012 326 2066 et
340 2006 403 2066 aliis
416 2005 659 2087 quibuscumque
668 2007 851 2072 Officialiltus
865 2019 895 2073 et
906 2014 1093 2080 administro-

124 2111 139 2148 n
165 2092 297 2164 toribus,
320 2095 392 2173 qui,
414 2092 491 2154 Sede
509 2101 648 2169 vacante,
669 2093 790 2158 luerunt
812 2099 977 2180 aGapitulo
993 2105 1037 2165 vel
1056 2109 1094 2169 ab

124 2199 139 2235 o
164 2178 230 2238 aliis
244 2180 274 2238 in
288 2181 353 2258 ejus
367 2181 468 2242 locum
487 2181 658 2256 constituti,
674 2183 790 2244 etiamsi
805 2183 915 2248 luerint
931 2207 965 2250 ex
986 2192 1093 2257 eodem

124 2265 319 2346 »Capitulo,
348 2269 496 2330 rationem
520 2270 619 2349 exigat
644 2269 832 2344 officiorum,
857 2274 1089 2355 jurisdictionis,
1137 2291 1141 2298 '

124 2373 140 2411 r>
165 2353 450 2433 administrationis,
478 2363 530 2419 aut
555 2357 777 2440 cujuscumque
803 2379 909 2424 eorum
936 2371 1090 2448 muner·is;

124 2462 140 2500 n
163 2443 317 2524 possitque
330 2463 382 2507 eos
396 2445 514 2526 punire,
534 2446 585 2526 qui
603 2446 634 2506 in
652 2463 758 2508 eorum
772 2448 933 2514 officioseu
952 2455 1093 2519 adminis-

123 2551 139 2588 ι)
163 2531 290 2595 tratione
302 2531 504 2615 deliquerint;
520 2533 636 2596 etiamsi
650 2535 783 2616 praedicti
797 2537 954 2620 Officiales,
969 2543 1092 2609 redditis

155 2703 162 2729 ⁶
180 2698 250 2750 Cerd.
273 2701 308 2752 lle
326 2701 392 2752 leuca
410 2702 525 2753 observat
545 2703 600 2752 rard
619 2703 701 2754 locam
719 2704 810 2757 habere
825 2708 1007 2774 deputationem
1025 2715 1091 2768 illius

124 2767 272 2820 OEconemi:
296 2770 320 2820 in
343 2771 411 2822 ltalil
433 2771 514 2832 enim,
537 2772 579 2822 ubi
598 2772 693 2824 tructus
709 2775 831 2828 bonorum
851 2780 965 2834 Ecclesire
982 2789 1090 2838 vacantis

124 2845 278 2889 reserrentur
286 2840 392 2892 Camerae
401 2843 560 2908 Apostolicae,
571 2843 720 2895 OEconomus
733 2846 863 2912 deputetur
876 2866 919 2917 per
930 2853 1089 2909 Collectorem

123 2908 238 2978 Cerneres.
251 2910 277 2960 ln
290 2911 367 2964 Gallis
379 2913 436 2962 vend
453 2919 478 2963 et
491 2912 564 2963 etiam
576 2912 630 2964 aliis
642 2915 713 2976 locis,
727 2917 778 2968 sive
789 2923 950 2975 concessione
962 2925 987 2976 S.
1002 2927 1087 2992 Sedis,

122 2977 344 3046 sireusnrpaliooe,
355 2998 438 3034 mense
445 2983 595 3050 Episcopalie
604 3000 646 3050 per
652 2985 746 3038 civilem
757 2989 979 3046 administratorem
988 3000 1088 3065 reguum

122 3047 171 3098 irnd
184 3050 277 3101 inutilis
290 3052 352 3102 toret
364 3054 428 3118 apud
441 3065 488 3104 nos
505 3053 670 3117 OEconomus,
684 3057 748 3110 Sede
760 3068 879 3123 vacante,
892 3065 948 3115 edm
961 3073 1020 3119 tnnc
1030 3085 1088 3122 sus-

122 3120 242 3240 pppdbatur
259 3123 345 3188 pensio
363 3123 490 3185 Gubernii,
504 3131 529 3176 et
547 3125 670 3178 rarissime
684 3130 790 3180 existant
802 3131 827 3182 in
839 3135 929 3186 nostris
946 3139 1087 3205 regionibus

121 3203 167 3240 ura
197 3207 254 3242 ona.

155 3271 165 3298 ι
182 3283 192 3306 ι
205 3261 314 3313 vicarius
324 3263 479 3330 capitularis,
492 3264 517 3315 in
530 3265 592 3316 locis
603 3267 748 3321 missionum
760 3271 803 3322 ubi
814 3274 922 3326 resident
934 3278 1061 3348 Episcopi,
1073 3285 1086 3335 d

122 3355 133 3384 ι
148 3333 259 3399 Cupitum
268 3334 307 3386 vel
318 3333 444 3401 parochis,
451 3334 520 3400 juxta
530 3343 635 3388 veterem
645 3343 849 3394 consuetudinem
857 3345 914 3412 eligi
925 3349 998 3400 debet
1006 3353 1086 3404 statim

122 3423 133 3454 ι
150 3405 181 3454 eb
194 3403 263 3455 obitu
282 3405 404 3471 Episcopi.
423 3406 513 3456 Bened.
527 3407 591 3470 llll,
609 3409 713 3462 Constit.
733 3411 815 3478 Qadm
830 3419 979 3471 cecutltmi.
992 3421 1017 3471 Si
1030 3425 1086 3474 vert

123 3491 132 3523 e
149 3474 245 3525 nullum
263 3475 327 3525 adsit
346 3475 498 3542 Capitulum,
519 3493 565 3528 nec
587 3481 750 3545 parochorum
773 3500 891 3538 numerus
910 3489 1083 3557 (sufficieneld

121 3565 132 3592 ιι
150 3546 241 3614 quibus
253 3546 341 3596 electio
350 3546 498 3612 perlicietur,
506 3548 615 3600 llicarius
623 3550 748 3604 Generalis
758 3556 868 3608 defuncti
875 3559 1004 3628 Episcopi,
1018 3566 1085 3616 Pon·

120 3634 131 3665 r
149 3615 221 3666 tiliois
233 3617 388 3679 auctoritate,
405 3617 563 3670 constituitur
575 3620 682 3675 llicarius
696 3624 850 3692 Capitularis.
865 3649 876 3677 ι
890 3630 949 3684 llide
962 3634 1085 3701 Ferraris,

119 3699 146 3736 e·
162 3687 270 3742 Vtrertue
279 3689 433 3754 (lectalecta,
442 3695 488 3740 ert.
497 3690 522 3754 Ξ,
533 3703 563 3740 nu
572 3691 627 3754 t⁰l;
640 3694 727 3760 Bonis,
738 3698 773 3749 De
783 3699 860 3752 Curia
866 3701 986 3768 Romano,
996 3723 1019 3771 p.
1030 3710 1085 3762 660.

935 3793 985 3850 ts·
