2586 3988
190 337 223 382 t'l
574 337 746 386 summm.

190 466 305 526 torum
324 479 403 525 vere
429 456 466 524 el
488 454 734 547 responsorum
762 466 860 526 tenor
887 458 925 527 in
949 458 1140 549 appendice

13 614 15 640 ἶ
189 554 414 641 locupletium,
439 554 481 622 ed
502 557 630 623 esleem
649 556 778 643 singuli
805 555 901 639 tomi,
920 557 1141 624 remandatus

13 650 40 704 'r
88 709 89 713 ,
189 664 251 742 est,
277 654 319 721 ud
345 675 448 744 quam
480 652 623 720 decursu
648 654 760 743 operis
794 654 981 721 remittitur
1019 655 1138 723 lector.

61 774 64 782 ⁴
190 752 266 822 Uno
295 751 410 832 verbo,
448 751 608 818 Manuale
648 752 895 819 recentioribus
947 751 1140 841 quibusque

190 849 311 916 studiis
337 860 370 915 et
397 849 555 930 decretis,
582 857 751 938 quantum
776 848 919 916 revisuri
952 849 1059 931 licuit,
1087 872 1141 918 ae-

31 955 35 963 ’
92 996 96 1007 .
189 946 442 1015 commodatum
463 955 526 1015 est.
555 946 618 1013 Hie
642 954 770 1028 sulem,
798 945 834 1013 in
859 946 1016 1015 Romanu
1046 948 1138 1036 apud

190 1044 225 1112 S.
252 1043 487 1133 Apollinarem
516 1042 692 1110 Facultale
709 1041 800 1131 juris
835 1044 992 1111 eauouiei
1022 1043 1138 1112 luurra

189 1143 345 1222 dunatus,
372 1163 431 1230 per
458 1141 543 1210 duos
582 1161 693 1207 annos
724 1139 759 1208 S.
786 1138 824 1208 C.
852 1140 995 1208 Consilii
1019 1141 1138 1210 Studio

19 1224 25 1318 ᾖ
92 1268 94 1273 ·
188 1239 391 1328 adscriptus,
414 1238 493 1306 deiu
519 1238 559 1306 ad
579 1237 809 1305 houorilicum
829 1239 1032 1329 professoris
1060 1263 1136 1308 mu·

188 1358 253 1405 nus
264 1345 417 1419 vossius,
434 1359 554 1405 curum
567 1336 777 1425 singularem
792 1358 828 1403 se
845 1336 1043 1405 adhibuisse
1057 1359 1136 1427 pre-

187 1435 301 1502 iilelur
316 1458 358 1502 ne
378 1434 460 1525 quid
480 1435 595 1502 minus
625 1442 757 1502 rectum
773 1434 806 1500 in
827 1435 1023 1523 peragenda
1048 1435 1135 1503 revi-

82 1528 88 1537 ’
187 1532 281 1599 sione
306 1532 485 1620 irreperel3
505 1553 727 1620 quiscumque
745 1552 824 1597 vero
845 1533 946 1620 juxta
975 1531 1135 1600 sinueris-

187 1630 309 1697 simum
328 1652 504 1697 romanam
520 1628 709 1697 doctrinam
724 1649 929 1717 componere
946 1629 1088 1699 studuit.

230 1727 344 1809 Utere,
366 1728 484 1809 lector,
507 1734 541 1794 el
559 1725 647 1794 vale.

895 1917 1064 1989 Eumouss,
1135 1965 1139 1967 -

218 2069 326 2130 Parisiis,
338 2066 401 2118 dies
414 2067 479 2131 junii
495 2065 565 2122 leus.
583 2067 644 2115 leste
655 2065 697 2115 SS.
715 2065 799 2115 Cordi·
811 2066 881 2117 lesu.
