2588 3994
190 247 249 310 l30
395 257 535 308 nauatae
555 255 659 302 ruerus
680 251 764 302 ruera
786 249 934 297 arnamar.

190 381 262 446 cilia
277 377 458 456 congregari
480 373 660 447 valuerunt,
677 371 708 432 in
724 367 840 452 quibus
862 365 999 448 Liturgia
1012 383 1145 428 romana

191 483 222 536 at
236 471 325 552 plura
345 467 404 532 alia
423 464 600 544 disciplina
616 477 757 524 romanae
780 465 951 520 restaurata
964 465 1038 518 sunt
1061 455 1159 538 apud.

192 580 270 637 nos3
288 561 451 640 majorque
469 555 527 616 luit
543 569 690 614 concessa
707 548 854 612 Ecclesiae
865 545 998 610 docendi
1011 545 1147 608 etinlor-

193 651 300 715 mandi
314 650 510 730 juventutem
527 641 672 718 lacilitas,
696 647 758 703 etc.

233 739 322 802 Faxit
347 738 440 812 Deus,
469 741 502 796 ut
537 749 654 793 novum
682 729 804 792 ballum
841 734 951 791 contra
977 724 1148 789 Ecclesiam

194 838 335 896 recenter
368 831 530 897 exortum,
560 837 639 902 que,
679 827 749 900 post
791 834 933 880 eversam
963 824 1149 898 potestatem

195 919 310 987 summi
327 914 487 980 pontilicis
506 909 727 994 temporalem,
744 909 831 990 impii
861 907 1016 988 quidquid
1043 905 1150 969 Eccle-

196 1013 248 1075 siae
276 1014 417 1089 superest
442 1002 565 1082 jurium
592 1009 623 1063 et
660 998 813 1062 libertatis
843 1017 881 1060 ..e
910 995 1014 1060 medio
1040 995 1152 1058 tollere

197 1107 367 1171 conantur,
393 1103 428 1156 ut
454 1091 614 1154 Christum
640 1107 658 1151 a
687 1088 771 1152 civili
799 1089 946 1151 societate
971 1085 1151 1168 expellant;

199 1191 287 1262 laxit,
309 1183 485 1266 inquimus,
510 1191 544 1244 ut
569 1197 651 1243 nora
676 1178 744 1242 haec
772 1175 930 1261 aggressio
957 1185 1020 1238 tam
1044 1176 1153 1258 impia,

198 1297 295 1344 novas
309 1275 415 1339 adhuc
431 1270 610 1353 triumphos
626 1275 795 1352 procuret;
811 1276 845 1330 ut
865 1265 993 1329 tandem
1018 1285 1106 1346 reges
1123 1274 1155 1330 et

200 1369 311 1454 populi
327 1364 410 1428 bene
426 1361 603 1442 intelligant
623 1357 709 1440 qudd
734 1355 863 1420 libertas
878 1355 1025 1420 Ecclesiae
1041 1365 1086 1419 est
1104 1375 1156 1420 ve·

201 1460 401 1522 rissimumet
415 1451 643 1518 solidissimum
660 1447 876 1531 prosperitatis
891 1446 1029 1529 publicae
1040 1445 1155 1510 lunda-

202 1550 364 1613 mentuml

580 1699 703 1763 CAPUT
723 1697 777 1762 VI.

449 1829 488 1876 ua
509 1827 633 1874 uacuus
654 1825 735 1872 rums
756 1823 908 1872 aauourcr.

235 1941 305 2003 237.
329 1939 501 2021 Antequam
520 1943 709 2020 exponantur
727 1934 901 2016 hujusmodi
915 1933 1051 2018 Regula,
1068 1904 1172 1998 dicen·

195 2028 270 2092 dum
284 2035 350 2092 est:
367 2034 397 2092 1⁰
413 2028 491 2101 Ouid
505 2027 543 2090 sit
557 2025 761 2109 interpretatio
775 2023 899 2106 legum?

236 2121 325 2207 Resp.
350 2117 556 2200 interpretatio
580 2115 746 2198 generatim
771 2113 935 2190 intellecta,
965 2120 1011 2177 est
1034 2113 1171 2197 Conprua

196 2207 277 2270 verbi
296 2208 342 2271 uel
363 2207 512 2270 scatentia
528 2223 585 2289 per
612 2204 697 2266 aliud
725 2204 837 2266 claraus
857 2201 1027 2286 replicatio.
1052 2205 1171 2287 Duplici

196 2297 288 2360 modo
301 2297 335 2360 fit
350 2317 359 2360 r
375 2316 428 2379 per
443 2296 568 2360 modum
582 2294 807 2372 declarationis,
823 2298 876 2356 aut
893 2311 947 2376 per
960 2293 1087 2358 modum
1099 2312 1172 2378 sup·

196 2387 348 2470 pletiouis.

236 2477 331 2539 Priori
355 2475 447 2539 modo
468 2475 501 2537 lit
524 2473 647 2557 quando
667 2473 758 2537 verba
775 2493 830 2557 per
850 2474 908 2538 alia
925 2475 1052 2539 clariora
1072 2476 1174 2558 expla-

197 2574 321 2644 nantur;
347 2573 377 2630 et
398 2566 462 2630 haec
486 2564 595 2627 dicitur
619 2563 764 2626 litteralis
790 2564 1010 2647 interpretatio.
1034 2568 1072 2631 V.
1100 2583 1170 2648 cap.

197 2655 302 2734 Exiit,
317 2656 466 2737 §Itaque
482 2653 517 2716 de
531 2653 682 2716 amborum
690 2653 794 2738 regnis.
807 2674 819 2720 :
837 2655 940 2718 «Talis
952 2662 1053 2718 umen
1063 2653 1172 2737 (qualis

197 2765 213 2806 ι
237 2763 354 2826 eaquae
369 2745 498 2826 supplet)
512 2741 777 2825 inquitlteillenst.
794 2743 854 2823 (lib.
874 2747 903 2822 l,
923 2745 968 2808 tit.
988 2751 1023 2823 Ξ,
1040 2753 1072 2806 n⁰
1086 2747 1169 2825 352),

197 2856 213 2894 u
237 2834 358 2915 proprie
378 2840 499 2896 nonest
519 2831 724 2915 interpretatio
739 2832 911 2912 (litteralis),
928 2833 999 2916 quia
1013 2832 1087 2895 nihil
1102 2834 1171 2897 nori

197 2945 213 2982 a
237 2921 776 3004 adducit,sedtantummodoidquod
791 2922 971 3006 verbislegis
980 2925 1044 3004 jam
1058 2925 1169 3003 inerat,

169 3023 170 3026 ’
198 3035 213 3074 r
238 3011 303 3074 aliis
322 3011 420 3075 verbis
438 3011 548 3074 clarilrs
564 3013 701 3094 exponit;
717 3029 753 3074 ac
773 3011 899 3094 proinde
919 3013 1019 3096 potius
1032 3020 1172 3078 censetur

198 3125 213 3162 u
237 3102 441 3164 declaratio.»

237 3201 398 3263 Posteriori
409 3199 500 3264 modo
516 3199 559 3276 fit,
575 3201 698 3283 quando
714 3201 880 3265 obscuritas
894 3202 969 3284 legis
982 3208 1170 3280 removetur,

199 3311 261 3354 non
274 3289 451 3372 explicando
467 3290 580 3353 nudam
593 3292 712 3354 tantiam
721 3291 866 3369 litteram,
883 3291 935 3355 sed
948 3292 1050 3371 verba,
1069 3291 1174 3357 simul·

199 3400 258 3464 que
273 3388 406 3444 mentem
420 3380 701 3462 legisdeclarando‚
713 3399 824 3464 nempe
837 3381 935 3464 legem
950 3401 1027 3462 esse,
1042 3381 1088 3445 vel
1097 3401 1170 3462 non,

198 3470 418 3534 extendendam
432 3469 470 3532 ad
487 3475 585 3532 certos
599 3488 696 3533 casus.
713 3473 750 3532 Et
762 3471 827 3536 haec
840 3479 884 3536 est
893 3473 1014 3554 proprie
1028 3473 1174 3555 interpre·
1289 3493 1290 3498 ¹

198 3561 270 3623 tatio
294 3559 438 3644 supplens
460 3558 542 3642 quod
569 3559 668 3622 verbis
690 3558 807 3640 deerat,
832 3561 884 3624 sed
919 3577 982 3625 non
1007 3563 1119 3641 menti;
1143 3568 1174 3626 et

199 3647 366 3714 desumitur
379 3668 415 3714 ex
425 3665 493 3732 cap.
510 3647 547 3712 In
558 3645 605 3710 lta
620 3650 670 3728 15,
685 3647 719 3712 de
733 3647 812 3713 verb.
827 3649 932 3734 alpais.
