<?xml version="1.0" encoding="UTF-8"?>
<!DOCTYPE html PUBLIC "-//W3C//DTD XHTML 1.0 Transitional//EN"
    "http://www.w3.org/TR/xhtml1/DTD/xhtml1-transitional.dtd">
<html xmlns="http://www.w3.org/1999/xhtml" xml:lang="en" lang="en">
 <head>
  <title>
</title>
<meta http-equiv="Content-Type" content="text/html;charset=utf-8" />
  <meta name='ocr-system' content='tesseract 3.04.00' />
  <meta name='ocr-capabilities' content='ocr_page ocr_carea ocr_par ocr_line ocrx_word'/>
</head>
<body>
  <div class='ocr_page' id='page_1' title='image "./manualetotiusju03craigoog_0137.png"; bbox 0 0 2588 3994; ppageno 0'>
   <div class='ocr_carea' id='block_1_1' title="bbox 179 233 927 299">
    <p class='ocr_par' dir='ltr' id='par_1_1' title="bbox 179 233 927 299">
     <span class='ocr_line' id='line_1_1' title="bbox 179 233 927 299; baseline -0.005 -1"><span class='ocrx_word' id='word_1_1' title='bbox 179 233 238 298; x_wconf 79' lang='lat' dir='ltr'>tlt</span> <span class='ocrx_word' id='word_1_2' title='bbox 396 245 535 299; x_wconf 78' lang='lat' dir='ltr'>ursulus</span> <span class='ocrx_word' id='word_1_3' title='bbox 555 243 657 292; x_wconf 87' lang='lat' dir='ltr'>rorrus</span> <span class='ocrx_word' id='word_1_4' title='bbox 677 243 758 291; x_wconf 76' lang='lat' dir='ltr'>auara</span> <span class='ocrx_word' id='word_1_5' title='bbox 779 241 927 294; x_wconf 83' lang='lat' dir='ltr'>cauomor.</span> 
     </span>
    </p>
   </div>
   <div class='ocr_carea' id='block_1_2' title="bbox 102 343 1157 2302">
    <p class='ocr_par' dir='ltr' id='par_1_2' title="bbox 178 343 1152 518">
     <span class='ocr_line' id='line_1_2' title="bbox 178 343 1152 430; baseline 0.005 -25"><span class='ocrx_word' id='word_1_6' title='bbox 178 371 194 405; x_wconf 74' lang='lat' dir='ltr'>s</span> <span class='ocrx_word' id='word_1_7' title='bbox 219 347 422 412; x_wconf 77' lang='lat' dir='ltr'>conciliorum</span> <span class='ocrx_word' id='word_1_8' title='bbox 440 347 583 410; x_wconf 75' lang='lat' dir='ltr'>Ecclesia</span> <span class='ocrx_word' id='word_1_9' title='bbox 599 345 653 410; x_wconf 87' lang='lat' dir='ltr'>llai</span> <span class='ocrx_word' id='word_1_10' title='bbox 679 352 769 428; x_wconf 83' lang='lat' dir='ltr'>atque</span> <span class='ocrx_word' id='word_1_11' title='bbox 787 346 991 410; x_wconf 91' lang='lat' dir='ltr'>institutorum</span> <span class='ocrx_word' id='word_1_12' title='bbox 1011 343 1152 430; x_wconf 85' lang='lat' dir='ltr'>antiquo·</span> 
     </span>
     <span class='ocr_line' id='line_1_3' title="bbox 179 435 1026 518; baseline 0 -20"><span class='ocrx_word' id='word_1_13' title='bbox 179 461 194 498; x_wconf 80' lang='lat' dir='ltr'>a</span> <span class='ocrx_word' id='word_1_14' title='bbox 218 457 287 500; x_wconf 92' lang='lat' dir='ltr'>rum</span> <span class='ocrx_word' id='word_1_15' title='bbox 302 441 355 501; x_wconf 90' lang='lat' dir='ltr'>SS.</span> <span class='ocrx_word' id='word_1_16' title='bbox 372 441 494 500; x_wconf 90' lang='lat' dir='ltr'>Patrum</span> <span class='ocrx_word' id='word_1_17' title='bbox 510 437 573 500; x_wconf 91' lang='lat' dir='ltr'>lieri</span> <span class='ocrx_word' id='word_1_18' title='bbox 584 435 723 498; x_wconf 89' lang='lat' dir='ltr'>volumus</span> <span class='ocrx_word' id='word_1_19' title='bbox 736 443 825 518; x_wconf 86' lang='lat' dir='ltr'>atque</span> <span class='ocrx_word' id='word_1_20' title='bbox 839 435 1026 498; x_wconf 78' lang='lat' dir='ltr'><strong>ordinamus.</strong></span> 
     </span>
    </p>

    <p class='ocr_par' dir='ltr' id='par_1_3' title="bbox 102 525 1157 1234">
     <span class='ocr_line' id='line_1_4' title="bbox 219 525 1152 608; baseline 0.001 -21"><span class='ocrx_word' id='word_1_21' title='bbox 219 550 235 587; x_wconf 80' lang='lat' dir='ltr'>n</span> <span class='ocrx_word' id='word_1_22' title='bbox 259 529 295 590; x_wconf 88' lang='lat' dir='ltr'>V.</span> <span class='ocrx_word' id='word_1_23' title='bbox 317 529 392 590; x_wconf 88' lang='lat' dir='ltr'>ltam</span> <span class='ocrx_word' id='word_1_24' title='bbox 416 527 586 590; x_wconf 77' lang='lat' dir='ltr'>exactiones</span> <span class='ocrx_word' id='word_1_25' title='bbox 599 533 629 587; x_wconf 94' lang='lat' dir='ltr'>et</span> <span class='ocrx_word' id='word_1_26' title='bbox 646 543 740 588; x_wconf 88' lang='lat' dir='ltr'>onera</span> <span class='ocrx_word' id='word_1_27' title='bbox 761 525 936 606; x_wconf 87' lang='lat' dir='ltr'>gravissima</span> <span class='ocrx_word' id='word_1_28' title='bbox 954 526 1152 608; x_wconf 83' lang='lat' dir='ltr'>pecuniarum</span> 
     </span>
     <span class='ocr_line' id='line_1_5' title="bbox 180 614 1151 699; baseline 0 -23"><span class='ocrx_word' id='word_1_29' title='bbox 180 638 195 676; x_wconf 80' lang='lat' dir='ltr'>u</span> <span class='ocrx_word' id='word_1_30' title='bbox 220 635 273 699; x_wconf 92' lang='lat' dir='ltr'>per</span> <span class='ocrx_word' id='word_1_31' title='bbox 286 615 407 678; x_wconf 85' lang='lat' dir='ltr'>Curiam</span> <span class='ocrx_word' id='word_1_32' title='bbox 424 617 593 678; x_wconf 81' lang='lat' dir='ltr'>Romanam</span> <span class='ocrx_word' id='word_1_33' title='bbox 607 614 747 677; x_wconf 77' lang='lat' dir='ltr'>Ecclesiae</span> <span class='ocrx_word' id='word_1_34' title='bbox 768 615 863 695; x_wconf 89' lang='lat' dir='ltr'>Regni</span> <span class='ocrx_word' id='word_1_35' title='bbox 886 615 979 678; x_wconf 79' lang='lat' dir='ltr'><strong>nostri</strong></span> <span class='ocrx_word' id='word_1_36' title='bbox 995 615 1151 696; x_wconf 87' lang='lat' dir='ltr'>imposita,</span> 
     </span>
     <span class='ocr_line' id='line_1_6' title="bbox 181 703 1153 787; baseline 0.002 -23"><span class='ocrx_word' id='word_1_37' title='bbox 181 728 196 764; x_wconf 78' lang='lat' dir='ltr'>n</span> <span class='ocrx_word' id='word_1_38' title='bbox 220 706 330 787; x_wconf 87' lang='lat' dir='ltr'>quibus</span> <span class='ocrx_word' id='word_1_39' title='bbox 350 707 490 786; x_wconf 83' lang='lat' dir='ltr'>Regnum</span> <span class='ocrx_word' id='word_1_40' title='bbox 520 711 656 766; x_wconf 90' lang='lat' dir='ltr'>nostrum</span> <span class='ocrx_word' id='word_1_41' title='bbox 679 703 889 766; x_wconf 76' lang='lat' dir='ltr'><strong>miserabiliter</strong></span> <span class='ocrx_word' id='word_1_42' title='bbox 915 703 1153 786; x_wconf 78' lang='lat' dir='ltr'>depauperatum</span> 
     </span>
     <span class='ocr_line' id='line_1_7' title="bbox 182 793 1152 875; baseline 0 -21"><span class='ocrx_word' id='word_1_43' title='bbox 182 817 196 854; x_wconf 79' lang='lat' dir='ltr'>a</span> <span class='ocrx_word' id='word_1_44' title='bbox 220 796 337 871; x_wconf 77' lang='lat' dir='ltr'>existit,</span> <span class='ocrx_word' id='word_1_45' title='bbox 359 795 419 857; x_wconf 87' lang='lat' dir='ltr'>sire</span> <span class='ocrx_word' id='word_1_46' title='bbox 436 795 526 856; x_wconf 89' lang='lat' dir='ltr'>etiam</span> <span class='ocrx_word' id='word_1_47' title='bbox 549 793 747 875; x_wconf 88' lang='lat' dir='ltr'>imponendas</span> <span class='ocrx_word' id='word_1_48' title='bbox 762 793 806 855; x_wconf 89' lang='lat' dir='ltr'>vel</span> <span class='ocrx_word' id='word_1_49' title='bbox 827 793 1027 874; x_wconf 83' lang='lat' dir='ltr'>imponenda,</span> <span class='ocrx_word' id='word_1_50' title='bbox 1044 793 1152 871; x_wconf 78' lang='lat' dir='ltr'>levari,</span> 
     </span>
     <span class='ocr_line' id='line_1_8' title="bbox 182 881 1153 965; baseline 0.003 -23"><span class='ocrx_word' id='word_1_51' title='bbox 182 906 197 942; x_wconf 73' lang='lat' dir='ltr'>a</span> <span class='ocrx_word' id='word_1_52' title='bbox 221 891 272 947; x_wconf 89' lang='lat' dir='ltr'>aut</span> <span class='ocrx_word' id='word_1_53' title='bbox 285 883 384 965; x_wconf 79' lang='lat' dir='ltr'><strong>colligi</strong></span> <span class='ocrx_word' id='word_1_54' title='bbox 399 883 569 946; x_wconf 86' lang='lat' dir='ltr'>nullatenus</span> <span class='ocrx_word' id='word_1_55' title='bbox 583 881 741 956; x_wconf 81' lang='lat' dir='ltr'>uolumus,</span> <span class='ocrx_word' id='word_1_56' title='bbox 757 881 815 944; x_wconf 92' lang='lat' dir='ltr'>uisi</span> <span class='ocrx_word' id='word_1_57' title='bbox 830 882 974 946; x_wconf 79' lang='lat' dir='ltr'>duntaxat</span> <span class='ocrx_word' id='word_1_58' title='bbox 987 899 1042 964; x_wconf 91' lang='lat' dir='ltr'>pro</span> <span class='ocrx_word' id='word_1_59' title='bbox 1062 883 1153 945; x_wconf 88' lang='lat' dir='ltr'>ratio-</span> 
     </span>
     <span class='ocr_line' id='line_1_9' title="bbox 183 971 1155 1055; baseline 0.003 -24"><span class='ocrx_word' id='word_1_60' title='bbox 183 995 197 1031; x_wconf 83' lang='lat' dir='ltr'>r&gt;</span> <span class='ocrx_word' id='word_1_61' title='bbox 224 973 326 1051; x_wconf 92' lang='lat' dir='ltr'>nabili,</span> <span class='ocrx_word' id='word_1_62' title='bbox 341 973 392 1055; x_wconf 76' lang='lat' dir='ltr'>pit</span> <span class='ocrx_word' id='word_1_63' title='bbox 405 979 434 1034; x_wconf 92' lang='lat' dir='ltr'>et</span> <span class='ocrx_word' id='word_1_64' title='bbox 446 971 659 1053; x_wconf 73' lang='lat' dir='ltr'>urgentissima</span> <span class='ocrx_word' id='word_1_65' title='bbox 671 973 776 1049; x_wconf 78' lang='lat' dir='ltr'>caust,</span> <span class='ocrx_word' id='word_1_66' title='bbox 786 971 831 1034; x_wconf 87' lang='lat' dir='ltr'>rel</span> <span class='ocrx_word' id='word_1_67' title='bbox 846 971 1008 1034; x_wconf 81' lang='lat' dir='ltr'>inevitabili</span> <span class='ocrx_word' id='word_1_68' title='bbox 1027 971 1155 1034; x_wconf 89' lang='lat' dir='ltr'>necessi-</span> 
     </span>
     <span class='ocr_line' id='line_1_10' title="bbox 102 1061 1157 1143; baseline 0 -19"><span class='ocrx_word' id='word_1_69' title='bbox 102 1119 105 1124; x_wconf 92' lang='lat'>.</span> <span class='ocrx_word' id='word_1_70' title='bbox 184 1084 198 1120; x_wconf 77' lang='lat' dir='ltr'>a</span> <span class='ocrx_word' id='word_1_71' title='bbox 222 1068 298 1140; x_wconf 85' lang='lat' dir='ltr'>tate,</span> <span class='ocrx_word' id='word_1_72' title='bbox 320 1081 355 1124; x_wconf 86' lang='lat' dir='ltr'>ac</span> <span class='ocrx_word' id='word_1_73' title='bbox 377 1061 415 1124; x_wconf 90' lang='lat' dir='ltr'>de</span> <span class='ocrx_word' id='word_1_74' title='bbox 438 1067 604 1143; x_wconf 85' lang='lat' dir='ltr'>spontaneo</span> <span class='ocrx_word' id='word_1_75' title='bbox 624 1065 655 1122; x_wconf 91' lang='lat' dir='ltr'>et</span> <span class='ocrx_word' id='word_1_76' title='bbox 671 1078 813 1142; x_wconf 82' lang='lat' dir='ltr'>expresso</span> <span class='ocrx_word' id='word_1_77' title='bbox 832 1077 984 1124; x_wconf 90' lang='lat' dir='ltr'>consensu</span> <span class='ocrx_word' id='word_1_78' title='bbox 1004 1061 1112 1124; x_wconf 88' lang='lat' dir='ltr'>Nostro</span> <span class='ocrx_word' id='word_1_79' title='bbox 1126 1067 1157 1124; x_wconf 90' lang='lat' dir='ltr'>et</span> 
     </span>
     <span class='ocr_line' id='line_1_11' title="bbox 185 1151 547 1234; baseline 0.014 -26"><span class='ocrx_word' id='word_1_80' title='bbox 185 1172 198 1208; x_wconf 83' lang='lat' dir='ltr'>u</span> <span class='ocrx_word' id='word_1_81' title='bbox 223 1151 317 1233; x_wconf 90' lang='lat' dir='ltr'>ipsius</span> <span class='ocrx_word' id='word_1_82' title='bbox 332 1151 426 1234; x_wconf 85' lang='lat' dir='ltr'>Regni</span> <span class='ocrx_word' id='word_1_83' title='bbox 443 1151 547 1213; x_wconf 89' lang='lat' dir='ltr'>nostri.</span> 
     </span>
    </p>

    <p class='ocr_par' dir='ltr' id='par_1_4' title="bbox 185 1237 1157 1854">
     <span class='ocr_line' id='line_1_12' title="bbox 223 1237 1157 1324; baseline 0.005 -25"><span class='ocrx_word' id='word_1_84' title='bbox 223 1261 240 1298; x_wconf 73' lang='lat' dir='ltr'>a</span> <span class='ocrx_word' id='word_1_85' title='bbox 265 1242 314 1301; x_wconf 85' lang='lat' dir='ltr'>Vl.</span> <span class='ocrx_word' id='word_1_86' title='bbox 337 1243 411 1302; x_wconf 93' lang='lat' dir='ltr'>ltem</span> <span class='ocrx_word' id='word_1_87' title='bbox 431 1239 601 1318; x_wconf 83' lang='lat' dir='ltr'>libertates,</span> <span class='ocrx_word' id='word_1_88' title='bbox 620 1237 813 1317; x_wconf 81' lang='lat' dir='ltr'>franchisias,</span> <span class='ocrx_word' id='word_1_89' title='bbox 838 1237 1058 1317; x_wconf 86' lang='lat' dir='ltr'>immunitates,</span> <span class='ocrx_word' id='word_1_90' title='bbox 1083 1259 1157 1324; x_wconf 69' lang='lat' dir='ltr'>prm</span> 
     </span>
     <span class='ocr_line' id='line_1_13' title="bbox 185 1327 1156 1412; baseline 0.008 -27"><span class='ocrx_word' id='word_1_91' title='bbox 185 1351 199 1385; x_wconf 70' lang='lat' dir='ltr'>a</span> <span class='ocrx_word' id='word_1_92' title='bbox 223 1329 389 1410; x_wconf 84' lang='lat' dir='ltr'>rogativas,</span> <span class='ocrx_word' id='word_1_93' title='bbox 412 1331 478 1408; x_wconf 86' lang='lat' dir='ltr'>jura</span> <span class='ocrx_word' id='word_1_94' title='bbox 501 1335 531 1395; x_wconf 90' lang='lat' dir='ltr'>et</span> <span class='ocrx_word' id='word_1_95' title='bbox 550 1328 720 1412; x_wconf 87' lang='lat' dir='ltr'>privilegia,</span> <span class='ocrx_word' id='word_1_96' title='bbox 741 1347 795 1410; x_wconf 90' lang='lat' dir='ltr'>per</span> <span class='ocrx_word' id='word_1_97' title='bbox 808 1328 927 1410; x_wconf 80' lang='lat' dir='ltr'>iuclytae</span> <span class='ocrx_word' id='word_1_98' title='bbox 941 1327 1156 1394; x_wconf 85' lang='lat' dir='ltr'>reeordationis</span> 
     </span>
     <span class='ocr_line' id='line_1_14' title="bbox 185 1417 1157 1500; baseline 0.007 -25"><span class='ocrx_word' id='word_1_99' title='bbox 185 1441 199 1475; x_wconf 79' lang='lat' dir='ltr'>a</span> <span class='ocrx_word' id='word_1_100' title='bbox 223 1419 407 1480; x_wconf 81' lang='lat' dir='ltr'>Francorum</span> <span class='ocrx_word' id='word_1_101' title='bbox 423 1419 537 1500; x_wconf 80' lang='lat' dir='ltr'>Reges,</span> <span class='ocrx_word' id='word_1_102' title='bbox 554 1417 789 1500; x_wconf 65' lang='lat' dir='ltr'>praedecessores</span> <span class='ocrx_word' id='word_1_103' title='bbox 803 1425 932 1496; x_wconf 89' lang='lat' dir='ltr'>nostros,</span> <span class='ocrx_word' id='word_1_104' title='bbox 948 1425 978 1482; x_wconf 91' lang='lat' dir='ltr'>et</span> <span class='ocrx_word' id='word_1_105' title='bbox 990 1419 1157 1482; x_wconf 82' lang='lat' dir='ltr'>successive</span> 
     </span>
     <span class='ocr_line' id='line_1_15' title="bbox 186 1505 1155 1591; baseline 0.005 -26"><span class='ocrx_word' id='word_1_106' title='bbox 186 1531 200 1565; x_wconf 77' lang='grc' dir='ltr'>ι)</span> <span class='ocrx_word' id='word_1_107' title='bbox 225 1525 278 1588; x_wconf 85' lang='lat' dir='ltr'>per</span> <span class='ocrx_word' id='word_1_108' title='bbox 292 1510 368 1584; x_wconf 90' lang='lat' dir='ltr'>Nos,</span> <span class='ocrx_word' id='word_1_109' title='bbox 390 1506 548 1582; x_wconf 88' lang='lat' dir='ltr'>Ecclesiis,</span> <span class='ocrx_word' id='word_1_110' title='bbox 573 1508 777 1584; x_wconf 87' lang='lat' dir='ltr'>monasteriis,</span> <span class='ocrx_word' id='word_1_111' title='bbox 800 1513 889 1589; x_wconf 89' lang='lat' dir='ltr'>atque</span> <span class='ocrx_word' id='word_1_112' title='bbox 904 1505 969 1570; x_wconf 88' lang='lat' dir='ltr'>aliis</span> <span class='ocrx_word' id='word_1_113' title='bbox 990 1508 1063 1570; x_wconf 88' lang='lat' dir='ltr'>locis</span> <span class='ocrx_word' id='word_1_114' title='bbox 1078 1509 1155 1591; x_wconf 92' lang='lat' dir='ltr'>piis,</span> 
     </span>
     <span class='ocr_line' id='line_1_16' title="bbox 187 1595 1157 1678; baseline 0.007 -26"><span class='ocrx_word' id='word_1_115' title='bbox 187 1617 200 1653; x_wconf 77' lang='lat' dir='ltr'>a</span> <span class='ocrx_word' id='word_1_116' title='bbox 225 1596 390 1676; x_wconf 89' lang='lat' dir='ltr'>religiosis,</span> <span class='ocrx_word' id='word_1_117' title='bbox 413 1613 544 1657; x_wconf 90' lang='lat' dir='ltr'>necnon</span> <span class='ocrx_word' id='word_1_118' title='bbox 567 1597 703 1677; x_wconf 89' lang='lat' dir='ltr'>personis</span> <span class='ocrx_word' id='word_1_119' title='bbox 717 1595 932 1659; x_wconf 87' lang='lat' dir='ltr'>Ecclesiasticis</span> <span class='ocrx_word' id='word_1_120' title='bbox 953 1599 1047 1678; x_wconf 91' lang='lat' dir='ltr'>Regni</span> <span class='ocrx_word' id='word_1_121' title='bbox 1064 1599 1157 1660; x_wconf 89' lang='lat' dir='ltr'>nostri</span> 
     </span>
     <span class='ocr_line' id='line_1_17' title="bbox 187 1685 1157 1769; baseline 0.007 -27"><span class='ocrx_word' id='word_1_122' title='bbox 187 1707 200 1742; x_wconf 79' lang='lat' dir='ltr'>a</span> <span class='ocrx_word' id='word_1_123' title='bbox 225 1703 382 1746; x_wconf 88' lang='lat' dir='ltr'>concessas</span> <span class='ocrx_word' id='word_1_124' title='bbox 396 1691 426 1746; x_wconf 92' lang='lat' dir='ltr'>et</span> <span class='ocrx_word' id='word_1_125' title='bbox 439 1703 582 1746; x_wconf 88' lang='lat' dir='ltr'>concessa</span> <span class='ocrx_word' id='word_1_126' title='bbox 599 1685 772 1763; x_wconf 87' lang='lat' dir='ltr'>laudamus,</span> <span class='ocrx_word' id='word_1_127' title='bbox 787 1685 989 1769; x_wconf 88' lang='lat' dir='ltr'>approbamus</span> <span class='ocrx_word' id='word_1_128' title='bbox 1002 1695 1033 1749; x_wconf 93' lang='lat' dir='ltr'>et</span> <span class='ocrx_word' id='word_1_129' title='bbox 1045 1687 1157 1751; x_wconf 85' lang='lat' dir='ltr'>confrr-</span> 
     </span>
     <span class='ocr_line' id='line_1_18' title="bbox 188 1781 598 1854; baseline 0.01 -23"><span class='ocrx_word' id='word_1_130' title='bbox 188 1795 201 1831; x_wconf 75' lang='lat' dir='ltr'>e</span> <span class='ocrx_word' id='word_1_131' title='bbox 226 1791 346 1834; x_wconf 89' lang='lat' dir='ltr'>mamus</span> <span class='ocrx_word' id='word_1_132' title='bbox 359 1791 413 1854; x_wconf 90' lang='lat' dir='ltr'>per</span> <span class='ocrx_word' id='word_1_133' title='bbox 427 1781 598 1854; x_wconf 71' lang='lat' dir='ltr'>pressantes</span> 
     </span>
    </p>

    <p class='ocr_par' dir='ltr' id='par_1_5' title="bbox 242 1863 1149 1942">
     <span class='ocr_line' id='line_1_19' title="bbox 242 1863 1149 1942; baseline -0.01 -14"><span class='ocrx_word' id='word_1_134' title='bbox 242 1870 383 1932; x_wconf 80' lang='lat' dir='ltr'>»Datum</span> <span class='ocrx_word' id='word_1_135' title='bbox 400 1867 630 1942; x_wconf 88' lang='lat' dir='ltr'>Parisiis,anno</span> <span class='ocrx_word' id='word_1_136' title='bbox 642 1865 762 1929; x_wconf 86' lang='lat' dir='ltr'>llomini</span> <span class='ocrx_word' id='word_1_137' title='bbox 777 1863 865 1938; x_wconf 79' lang='lat' dir='ltr'>atus,</span> <span class='ocrx_word' id='word_1_138' title='bbox 877 1881 984 1924; x_wconf 84' lang='lat' dir='ltr'>mense</span> <span class='ocrx_word' id='word_1_139' title='bbox 997 1864 1121 1924; x_wconf 90' lang='lat' dir='ltr'>martio.</span> <span class='ocrx_word' id='word_1_140' title='bbox 1135 1887 1149 1919; x_wconf 72' lang='grc' dir='ltr'><strong><em>ι</em></strong></span> 
     </span>
    </p>

    <p class='ocr_par' dir='ltr' id='par_1_6' title="bbox 198 1951 1152 2302">
     <span class='ocr_line' id='line_1_20' title="bbox 239 1951 1149 2032; baseline -0.012 -11"><span class='ocrx_word' id='word_1_141' title='bbox 239 1957 400 2032; x_wconf 83' lang='lat' dir='ltr'>Quomodo</span> <span class='ocrx_word' id='word_1_142' title='bbox 416 1967 520 2020; x_wconf 88' lang='lat' dir='ltr'>autem</span> <span class='ocrx_word' id='word_1_143' title='bbox 536 1955 840 2020; x_wconf 76' lang='lat' dir='ltr'>administrabantur</span> <span class='ocrx_word' id='word_1_144' title='bbox 855 1951 1149 2015; x_wconf 73' lang='lat' dir='ltr'>resErclesiasticae.</span> 
     </span>
     <span class='ocr_line' id='line_1_21' title="bbox 198 2044 1150 2128; baseline -0.005 -19"><span class='ocrx_word' id='word_1_145' title='bbox 198 2047 375 2128; x_wconf 86' lang='lat' dir='ltr'>ternporeS.</span> <span class='ocrx_word' id='word_1_146' title='bbox 388 2047 656 2125; x_wconf 87' lang='lat' dir='ltr'>Ludovici,rideri</span> <span class='ocrx_word' id='word_1_147' title='bbox 672 2051 771 2126; x_wconf 87' lang='lat' dir='ltr'>potest</span> <span class='ocrx_word' id='word_1_148' title='bbox 786 2045 816 2105; x_wconf 92' lang='lat' dir='ltr'>in</span> <span class='ocrx_word' id='word_1_149' title='bbox 829 2044 937 2107; x_wconf 84' lang='lat' dir='ltr'>codice</span> <span class='ocrx_word' id='word_1_150' title='bbox 951 2051 1150 2124; x_wconf 71' lang='lat' dir='ltr'>rruncnprto:</span> 
     </span>
     <span class='ocr_line' id='line_1_22' title="bbox 200 2124 1152 2215; baseline -0.007 -14"><span class='ocrx_word' id='word_1_151' title='bbox 200 2124 541 2201; x_wconf 70' lang='lat' dir='ltr'>rrarrrssemausos.</span> <span class='ocrx_word' id='word_1_152' title='bbox 568 2136 672 2198; x_wconf 71' lang='lat' dir='ltr'>roais.</span> <span class='ocrx_word' id='word_1_153' title='bbox 688 2135 725 2196; x_wconf 83' lang='lat' dir='ltr'>v.</span> <span class='ocrx_word' id='word_1_154' title='bbox 744 2133 903 2215; x_wconf 68' lang='lat' dir='ltr'>sequeus,</span> <span class='ocrx_word' id='word_1_155' title='bbox 925 2142 947 2194; x_wconf 88' lang='grc' dir='ltr'>ι.</span> <span class='ocrx_word' id='word_1_156' title='bbox 964 2131 992 2206; x_wconf 82' lang='lat' dir='ltr'>r,</span> <span class='ocrx_word' id='word_1_157' title='bbox 1021 2153 1050 2215; x_wconf 81' lang='grc' dir='ltr'>ρ.</span> <span class='ocrx_word' id='word_1_158' title='bbox 1080 2129 1152 2208; x_wconf 81' lang='lat' dir='ltr'>ars,</span> 
     </span>
     <span class='ocr_line' id='line_1_23' title="bbox 201 2221 792 2302; baseline -0.008 -13"><span class='ocrx_word' id='word_1_159' title='bbox 201 2227 245 2289; x_wconf 84' lang='lat' dir='ltr'>ct.</span> <span class='ocrx_word' id='word_1_160' title='bbox 263 2225 386 2302; x_wconf 83' lang='lat' dir='ltr'>Viollet,</span> <span class='ocrx_word' id='word_1_161' title='bbox 402 2228 457 2290; x_wconf 85' lang='lat' dir='ltr'>Les</span> <span class='ocrx_word' id='word_1_162' title='bbox 474 2223 574 2291; x_wconf 75' lang='lat' dir='ltr'>uruat.</span> <span class='ocrx_word' id='word_1_163' title='bbox 592 2225 628 2287; x_wconf 84' lang='lat' dir='ltr'>de</span> <span class='ocrx_word' id='word_1_164' title='bbox 641 2221 672 2288; x_wconf 89' lang='lat' dir='ltr'>S.</span> <span class='ocrx_word' id='word_1_165' title='bbox 690 2223 792 2286; x_wconf 78' lang='lat' dir='ltr'>horris.</span> 
     </span>
    </p>
   </div>
   <div class='ocr_carea' id='block_1_3' title="bbox 234 2381 1164 2731">
    <p class='ocr_par' dir='ltr' id='par_1_7' title="bbox 234 2381 1164 2731">
     <span class='ocr_line' id='line_1_24' title="bbox 658 2381 699 2440; baseline 0.049 -2"><span class='ocrx_word' id='word_1_166' title='bbox 658 2381 699 2440; x_wconf 85' lang='lat' dir='ltr'>vt</span> 
     </span>
     <span class='ocr_line' id='line_1_25' title="bbox 248 2513 1110 2563; baseline 0.008 -7"><span class='ocrx_word' id='word_1_167' title='bbox 248 2513 283 2556; x_wconf 84' lang='lat' dir='ltr'>us</span> <span class='ocrx_word' id='word_1_168' title='bbox 298 2513 413 2558; x_wconf 86' lang='lat' dir='ltr'>urssruro</span> <span class='ocrx_word' id='word_1_169' title='bbox 424 2513 585 2558; x_wconf 83' lang='lat' dir='ltr'>aourrrcruu</span> <span class='ocrx_word' id='word_1_170' title='bbox 597 2515 645 2558; x_wconf 87' lang='lat' dir='ltr'>rm</span> <span class='ocrx_word' id='word_1_171' title='bbox 658 2515 741 2558; x_wconf 82' lang='lat' dir='ltr'>rursu</span> <span class='ocrx_word' id='word_1_172' title='bbox 754 2513 789 2562; x_wconf 79' lang='lat' dir='ltr'>rr</span> <span class='ocrx_word' id='word_1_173' title='bbox 798 2514 941 2560; x_wconf 80' lang='lat' dir='ltr'>rurtrraurr</span> <span class='ocrx_word' id='word_1_174' title='bbox 956 2515 1110 2563; x_wconf 77' lang='lat' dir='ltr'>euasurus.</span> 
     </span>
     <span class='ocr_line' id='line_1_26' title="bbox 234 2644 1164 2731; baseline 0.01 -26"><span class='ocrx_word' id='word_1_175' title='bbox 234 2647 303 2706; x_wconf 75' lang='lat' dir='ltr'>atu.</span> <span class='ocrx_word' id='word_1_176' title='bbox 327 2644 402 2706; x_wconf 89' lang='lat' dir='ltr'>Satis</span> <span class='ocrx_word' id='word_1_177' title='bbox 415 2651 484 2708; x_wconf 91' lang='lat' dir='ltr'>nota</span> <span class='ocrx_word' id='word_1_178' title='bbox 498 2651 542 2707; x_wconf 90' lang='lat' dir='ltr'>est</span> <span class='ocrx_word' id='word_1_179' title='bbox 555 2644 677 2708; x_wconf 90' lang='lat' dir='ltr'>historia</span> <span class='ocrx_word' id='word_1_180' title='bbox 686 2645 776 2725; x_wconf 76' lang='lat' dir='ltr'>huius</span> <span class='ocrx_word' id='word_1_181' title='bbox 785 2645 1066 2726; x_wconf 89' lang='lat' dir='ltr'>acrisdiscrimiuis,</span> <span class='ocrx_word' id='word_1_182' title='bbox 1078 2651 1164 2731; x_wconf 88' lang='lat' dir='ltr'>cujus</span> 
     </span>
    </p>
   </div>
   <div class='ocr_carea' id='block_1_4' title="bbox 195 2733 1166 2910">
    <p class='ocr_par' dir='ltr' id='par_1_8' title="bbox 195 2733 1166 2910">
     <span class='ocr_line' id='line_1_27' title="bbox 195 2733 1166 2818; baseline 0.009 -24"><span class='ocrx_word' id='word_1_183' title='bbox 195 2733 352 2795; x_wconf 91' lang='lat' dir='ltr'>occasione</span> <span class='ocrx_word' id='word_1_184' title='bbox 365 2735 469 2816; x_wconf 90' lang='lat' dir='ltr'>opinio</span> <span class='ocrx_word' id='word_1_185' title='bbox 479 2734 516 2796; x_wconf 94' lang='lat' dir='ltr'>de</span> <span class='ocrx_word' id='word_1_186' title='bbox 526 2735 661 2797; x_wconf 77' lang='lat' dir='ltr'>absoluta</span> <span class='ocrx_word' id='word_1_187' title='bbox 675 2735 1065 2818; x_wconf 78' lang='lat' dir='ltr'>independentitpotestatis</span> <span class='ocrx_word' id='word_1_188' title='bbox 1074 2759 1166 2803; x_wconf 73' lang='lat' dir='ltr'>saecu-</span> 
     </span>
     <span class='ocr_line' id='line_1_28' title="bbox 196 2821 1165 2910; baseline 0.01 -28"><span class='ocrx_word' id='word_1_189' title='bbox 196 2821 283 2898; x_wconf 89' lang='lat' dir='ltr'>laris,</span> <span class='ocrx_word' id='word_1_190' title='bbox 300 2831 436 2904; x_wconf 88' lang='lat' dir='ltr'>respectu</span> <span class='ocrx_word' id='word_1_191' title='bbox 451 2824 612 2906; x_wconf 90' lang='lat' dir='ltr'>spiritualis</span> <span class='ocrx_word' id='word_1_192' title='bbox 624 2825 826 2903; x_wconf 88' lang='lat' dir='ltr'>auctoritatis,</span> <span class='ocrx_word' id='word_1_193' title='bbox 840 2827 931 2908; x_wconf 90' lang='lat' dir='ltr'>coepit</span> <span class='ocrx_word' id='word_1_194' title='bbox 944 2825 1059 2890; x_wconf 88' lang='lat' dir='ltr'>radices</span> <span class='ocrx_word' id='word_1_195' title='bbox 1072 2829 1165 2910; x_wconf 87' lang='lat' dir='ltr'>ligere</span> 
     </span>
    </p>
   </div>
   <div class='ocr_carea' id='block_1_5' title="bbox 196 2911 1164 3066">
    <p class='ocr_par' dir='ltr' id='par_1_9' title="bbox 196 2911 1164 3066">
     <span class='ocr_line' id='line_1_29' title="bbox 196 2911 1164 3000; baseline 0.012 -30"><span class='ocrx_word' id='word_1_196' title='bbox 196 2911 227 2971; x_wconf 91' lang='lat' dir='ltr'>in</span> <span class='ocrx_word' id='word_1_197' title='bbox 242 2911 345 2972; x_wconf 75' lang='lat' dir='ltr'>Gallia.</span> <span class='ocrx_word' id='word_1_198' title='bbox 369 2915 410 2973; x_wconf 76' lang='lat' dir='ltr'>lix</span> <span class='ocrx_word' id='word_1_199' title='bbox 425 2915 460 2974; x_wconf 81' lang='lat' dir='ltr'>ed</span> <span class='ocrx_word' id='word_1_200' title='bbox 474 2921 574 2976; x_wconf 87' lang='lat' dir='ltr'>autem</span> <span class='ocrx_word' id='word_1_201' title='bbox 588 2914 703 2996; x_wconf 79' lang='lat' dir='ltr'>epocha</span> <span class='ocrx_word' id='word_1_202' title='bbox 721 2915 886 2996; x_wconf 88' lang='lat' dir='ltr'>praesertim</span> <span class='ocrx_word' id='word_1_203' title='bbox 907 2919 1025 3000; x_wconf 78' lang='lat' dir='ltr'>coepere</span> <span class='ocrx_word' id='word_1_204' title='bbox 1038 2919 1164 2982; x_wconf 75' lang='lat' dir='ltr'>convelli</span> 
     </span>
     <span class='ocr_line' id='line_1_30' title="bbox 196 2999 625 3066; baseline 0.012 -6"><span class='ocrx_word' id='word_1_205' title='bbox 196 2999 625 3066; x_wconf 82' lang='lat' dir='ltr'>ecclesiasticaeimmunitates.</span> 
     </span>
    </p>
   </div>
   <div class='ocr_carea' id='block_1_6' title="bbox 314 3175 1044 3360">
    <p class='ocr_par' dir='ltr' id='par_1_10' title="bbox 314 3175 1044 3360">
     <span class='ocr_line' id='line_1_31' title="bbox 657 3175 710 3236; baseline 0.113 -6"><span class='ocrx_word' id='word_1_206' title='bbox 657 3175 710 3236; x_wconf 83' lang='lat' dir='ltr'>tu.</span> 
     </span>
     <span class='ocr_line' id='line_1_32' title="bbox 314 3301 1044 3360; baseline 0.019 -16"><span class='ocrx_word' id='word_1_207' title='bbox 314 3301 349 3344; x_wconf 84' lang='lat' dir='ltr'>os</span> <span class='ocrx_word' id='word_1_208' title='bbox 360 3301 549 3348; x_wconf 80' lang='lat' dir='ltr'>coursurrorus</span> <span class='ocrx_word' id='word_1_209' title='bbox 561 3304 642 3350; x_wconf 84' lang='lat' dir='ltr'>oram</span> <span class='ocrx_word' id='word_1_210' title='bbox 659 3304 884 3353; x_wconf 78' lang='lat' dir='ltr'>ruarsorcrrormu</span> <span class='ocrx_word' id='word_1_211' title='bbox 897 3305 1044 3360; x_wconf 67' lang='lat' dir='ltr'>recussis.</span> 
     </span>
    </p>
   </div>
   <div class='ocr_carea' id='block_1_7' title="bbox 196 3434 1166 3604">
    <p class='ocr_par' dir='ltr' id='par_1_11' title="bbox 196 3434 1166 3604">
     <span class='ocr_line' id='line_1_33' title="bbox 235 3434 1166 3522; baseline 0.014 -28"><span class='ocrx_word' id='word_1_212' title='bbox 235 3434 305 3495; x_wconf 72' lang='lat' dir='ltr'>all.</span> <span class='ocrx_word' id='word_1_213' title='bbox 327 3434 439 3496; x_wconf 80' lang='lat' dir='ltr'>Verslrs</span> <span class='ocrx_word' id='word_1_214' title='bbox 452 3435 590 3496; x_wconf 88' lang='lat' dir='ltr'>eamdem</span> <span class='ocrx_word' id='word_1_215' title='bbox 604 3435 750 3516; x_wconf 89' lang='lat' dir='ltr'>epocham</span> <span class='ocrx_word' id='word_1_216' title='bbox 761 3438 868 3500; x_wconf 85' lang='lat' dir='ltr'>acerba</span> <span class='ocrx_word' id='word_1_217' title='bbox 874 3439 974 3522; x_wconf 85' lang='lat' dir='ltr'>jurgia</span> <span class='ocrx_word' id='word_1_218' title='bbox 983 3447 1085 3504; x_wconf 86' lang='lat' dir='ltr'>exorta</span> <span class='ocrx_word' id='word_1_219' title='bbox 1096 3447 1166 3506; x_wconf 88' lang='lat' dir='ltr'>sunt</span> 
     </span>
     <span class='ocr_line' id='line_1_34' title="bbox 196 3521 1166 3604; baseline 0.013 -22"><span class='ocrx_word' id='word_1_220' title='bbox 196 3521 411 3584; x_wconf 87' lang='lat' dir='ltr'>ecclesiasticos</span> <span class='ocrx_word' id='word_1_221' title='bbox 424 3525 501 3584; x_wconf 83' lang='lat' dir='ltr'>iuter</span> <span class='ocrx_word' id='word_1_222' title='bbox 514 3533 544 3585; x_wconf 89' lang='lat' dir='ltr'>et</span> <span class='ocrx_word' id='word_1_223' title='bbox 563 3525 654 3586; x_wconf 90' lang='lat' dir='ltr'>laicos</span> <span class='ocrx_word' id='word_1_224' title='bbox 664 3525 781 3604; x_wconf 84' lang='lat' dir='ltr'>judices</span> <span class='ocrx_word' id='word_1_225' title='bbox 801 3545 809 3588; x_wconf 80' lang='lat' dir='ltr'>r</span> <span class='ocrx_word' id='word_1_226' title='bbox 830 3527 896 3590; x_wconf 89' lang='lat' dir='ltr'>laici</span> <span class='ocrx_word' id='word_1_227' title='bbox 919 3530 1001 3591; x_wconf 91' lang='lat' dir='ltr'>enim</span> <span class='ocrx_word' id='word_1_228' title='bbox 1024 3531 1166 3594; x_wconf 82' lang='lat' dir='ltr'>dolebant</span> 
     </span>
    </p>
   </div>
   <div class='ocr_carea' id='block_1_8' title="bbox 85 3609 1163 3704">
    <p class='ocr_par' dir='ltr' id='par_1_12' title="bbox 85 3609 1163 3704">
     <span class='ocr_line' id='line_1_35' title="bbox 85 3609 1163 3704; baseline 0.012 -35"><span class='ocrx_word' id='word_1_229' title='bbox 85 3667 89 3669; x_wconf 84' lang='grc'><strong>,</strong></span> <span class='ocrx_word' id='word_1_230' title='bbox 196 3609 426 3688; x_wconf 81' lang='lat' dir='ltr'>quodtnmuttis</span> <span class='ocrx_word' id='word_1_231' title='bbox 447 3611 637 3676; x_wconf 81' lang='lat' dir='ltr'>ecclesiastici</span> <span class='ocrx_word' id='word_1_232' title='bbox 651 3618 864 3696; x_wconf 80' lang='lat' dir='ltr'>usurpassent,</span> <span class='ocrx_word' id='word_1_233' title='bbox 879 3623 912 3681; x_wconf 86' lang='lat' dir='ltr'>ut</span> <span class='ocrx_word' id='word_1_234' title='bbox 924 3619 1163 3704; x_wconf 83' lang='lat' dir='ltr'>contendebant,</span> 
     </span>
    </p>
   </div>
   <div class='ocr_carea' id='block_1_9' title="bbox 0 0 1315 3994">
    <p class='ocr_par' dir='ltr' id='par_1_13' title="bbox 0 0 1315 3994">
     <span class='ocr_line' id='line_1_36' title="bbox 0 0 1315 3994; baseline 0 0"><span class='ocrx_word' id='word_1_235' title='bbox 0 0 1315 3994; x_wconf 95' lang='lat' dir='ltr'> </span> 
     </span>
    </p>
   </div>
  </div>
 </body>
</html>
