2588 3994
496 212 581 276 tiara
603 226 720 276 earrrns.
1044 202 1100 276 let

125 320 231 402 dubio,
263 342 319 406 pro
344 324 444 390 valore
463 328 548 388 aetus
576 320 821 407 presumendum
842 331 888 388 est
910 324 1046 404 (Sanan,
1068 323 1103 386 de
1147 399 1151 408 .

128 412 240 490 Mota,
256 412 310 474 lib.
327 415 364 490 3,
381 412 458 496 disp.
475 417 532 490 35,
549 425 582 476 n⁰
598 415 661 493 19).

15 523 16 592 }
164 507 234 566 324.
257 505 290 566 3⁰
310 502 484 566 Debetesse
508 502 601 564 tiber:
628 501 710 566 unde
729 505 753 566 si
776 521 838 568 non
864 505 981 568 adesset
999 503 1102 568 adrer-

127 593 232 670 lentia,
249 592 296 655 vel
310 591 335 654 si
349 597 435 656 actus
455 597 533 654 esset
547 598 683 674 patenter
705 600 810 657 contra
830 611 953 656 omnem
967 595 1103 658 volunta-

127 689 202 760 tem,
229 681 311 744 nulla
329 687 407 744 esset
434 680 596 762 delegatio;
614 681 709 744 sedai
741 687 843 759 metu,
865 683 955 744 etiam
979 682 1058 764 gravi
1075 688 1104 744 et

128 773 254 851 injusto,
266 770 464 848 obtineretur,
479 789 542 832 non
556 769 624 833 ideb
639 771 767 833 invalida
782 777 877 849 esset,
897 773 995 853 «quia
1010 772 1104 832 verius

128 869 211 923 aest
232 859 471 941 jurisdictionem
498 865 582 923 metu
610 866 758 923 extortam
782 859 879 923 valide
897 859 1069 935 transferri;
1086 883 1101 917 a

130 950 228 1032 inquit
243 948 353 1012 Sancb.
374 947 440 1028 (ie,
455 947 533 1030 disp.
554 953 612 1026 39,
629 961 663 1011 n·
679 953 737 1028 13).
754 951 818 1011 lmd
831 948 927 1012 valida
937 955 1016 1012 esset
1028 948 1106 1012 delc-

130 1040 210 1122 gatio
223 1087 231 1117 ,
243 1037 358 1101 etiamsi
380 1037 450 1101 dolo
464 1037 669 1115 obtineretur;
686 1038 711 1101 si
731 1039 819 1102 dolus
835 1058 897 1102 non
918 1045 997 1104 esset
1017 1057 1106 1102 causa

131 1128 251 1205 finalis,
272 1127 326 1190 sed
349 1127 448 1190 solum
468 1127 627 1209 impulsiva
650 1129 854 1191 concessionis
876 1135 967 1212 prout
989 1147 1107 1210 semper

131 1217 230 1282 evenit
240 1216 272 1279 in
284 1216 476 1280 matrimonio
487 1217 573 1296 juxta
588 1216 698 1278 Sanch.
710 1217 765 1293 iix,
781 1231 815 1278 n⁰
829 1220 868 1282 lt
886 1237 892 1278 :
909 1218 980 1300 quia
998 1233 1106 1280 conce-

131 1307 206 1372 dens
220 1325 282 1370 non
295 1307 361 1370 vult
378 1325 445 1370 eam
467 1324 533 1371 esse
551 1305 666 1368 irritam
680 1325 717 1368 ex
732 1306 875 1389 petitione
889 1305 998 1370 laisum
1012 1305 1107 1368 conti-

132 1402 234 1474 nente,
250 1415 289 1460 ne
303 1396 458 1478 contingat
471 1395 698 1458 matrimonium
708 1414 773 1460 esse
788 1395 916 1458 irritum.
928 1396 959 1458 S.
973 1393 1107 1475 Lignea,

133 1486 184 1550 lib.
202 1491 239 1563 6,
255 1498 289 1550 ιιο
304 1489 392 1550 1088.

172 1579 242 1638 325.
260 1609 299 1624 -
312 1581 346 1638 4⁰
359 1576 482 1640 Minime
491 1577 654 1660 requiritur
665 1583 700 1640 ut
711 1581 797 1641 actus
806 1572 1001 1657 delegationis
1015 1573 1108 1660 scrip·

133 1665 170 1728 *is
180 1665 389 1746 consignetur,
400 1666 456 1728 nisi
471 1665 502 1728 in
516 1667 635 1730 casibus
649 1669 743 1746 aiure
758 1667 915 1749 expressis.

174 1757 218 1817 De
231 1754 470 1837 delegationibus
483 1756 501 1817 a
511 1757 580 1835 jnre
605 1756 756 1820 concessis
779 1763 884 1837 agetur
906 1755 938 1818 in
958 1755 1108 1832 decursu,

134 1849 226 1929 prout
232 1844 350 1908 occasio
364 1861 396 1906 se
408 1843 542 1906 dederit:
555 1865 583 1907 v.
600 1865 628 1926 g.
644 1844 796 1927 loquendo
810 1845 848 1907 de
862 1845 1001 1908 facultate
1011 1843 1108 1906 omni-

133 1935 192 1998 bus
206 1932 413 2000 sacerdotibus
429 1937 571 1996 concessa
585 1935 756 1997 absolvendi
777 1936 794 1996 t
813 1933 967 2015 quibusvis
981 1933 1109 2016 peccatis

135 2029 167 2088 et
180 2022 317 2086 censuris
327 2021 358 2084 in
373 2021 499 2084 articulo
513 2025 627 2086 mortis.

176 2115 247 2174 326.
271 2111 352 2176 Noto
370 2111 470 2192 quoad
493 2129 583 2174 usum
605 2111 822 2191 jurisdictionis
844 2111 988 2192 delegatae
1006 2131 1110 2176 neces·

135 2202 249 2265 sarium
264 2219 330 2264 csse
339 2207 374 2263 ut
385 2199 540 2281 delegatus
554 2200 665 2264 indicet
678 2206 780 2263 actum
795 2202 854 2262 ase
865 2200 966 2280 peragi
980 2201 1110 2264 auctori·

134 2298 195 2354 tate
208 2289 394 2372 delegantis3
410 2289 520 2370 quiesi
534 2309 622 2352 secus
637 2289 698 2366 liat,
710 2289 748 2350 de
763 2287 947 2369 legitimitate
961 2289 1112 2352 autetiam

135 2399 217 2462 saepc
232 2379 382 2442 validitate
398 2377 528 2440 dubitari
543 2379 652 2460 poterit
677 2397 748 2442 cum
768 2375 991 2459 perturbatione
1001 2395 1113 2439 amma·

134 2487 217 2533 rum.
234 2470 320 2532 Hanc
333 2467 557 2550 expressionem
568 2467 759 2550 prescribunt
772 2485 851 2548 saepe
866 2466 918 2527 SS.
936 2464 1110 2543 Pontifices,

135 2558 305 2641 presertim
319 2557 350 2619 in
364 2555 487 2619 indultis
501 2557 677 2620 facultatum
691 2575 747 2638 pro
762 2553 1035 2636 dispensationibus
1048 2573 1111 2617 ma-

136 2645 369 2711 trimonialibus.
386 2645 522 2708 Praelect.
539 2646 574 2708 S.
591 2645 740 2728 Sulpicii,
756 2653 789 2704 n⁰
803 2645 872 2705 271.

554 2803 635 2866 aar.
659 2803 704 2864 lll.

293 2948 332 2995 us
353 2946 515 2994 xorrrroxu
535 2941 763 2990 auarsurcnoars
783 2940 963 2988 carraxare.

592 3079 653 3160 pr.

176 3209 223 3275 lle
234 3208 439 3273 constitutione
451 3206 609 3288 officiorum
620 3203 724 3286 quibos
736 3223 849 3265 onneeo
860 3213 903 3266 est
907 3203 1083 3286 jurisdictio

519 3303 739 3366 Ecclesiastico.

182 3459 253 3518 327.
276 3449 399 3525 Ouaerit.
416 3452 458 3510 ι’.
475 3449 541 3519 Quo
553 3445 620 3525 jure
635 3449 812 3507 annectatur
823 3444 992 3524 jurisdictio
1012 3441 1115 3504 ciliciis

139 3539 371 3608 ecclesiasticis?

185 3639 274 3714 ttesp.
298 3631 420 3692 Certum
448 3645 513 3690 esse
538 3620 789 3705 iurisdictionem,
805 3639 896 3701 super
918 3616 1116 3680 universalem

960 3717 1008 3778 5*
