2496 3992
187 228 247 292 otu
413 233 553 284 uenuste
571 231 675 282 rorros
695 233 773 283 ruere
794 233 944 284 esnomm.

189 350 340 416 permotum
352 349 409 402 lstss
424 347 561 407 sententis,
577 345 681 413 tpsoeue
693 346 758 400 iacto
774 345 930 400 incurrendo
942 346 1069 400 hactenus
1083 348 1170 414 inre·

190 423 315 482 sitnsunt,
328 420 426 472 nonnisi
440 420 487 470 illst
499 433 560 484 quas
573 417 597 467 in
609 417 655 468 hac
667 417 718 480 ipsa
729 418 913 470 Constitutione
925 420 1168 486 incertorumque
1230 435 1231 488 l

189 494 263 544 modo
285 507 335 558 quo
360 491 508 550 inserimus,
535 489 612 539 robur
642 489 730 540 exinde
754 488 877 550 babeantr
905 491 980 540 simul
1005 493 1169 544 dectsrsnns
1230 497 1231 500 ’

189 567 298 622 easdem,
321 579 370 614 non
389 562 463 614 modo
483 577 512 612 cx
527 567 638 610 veterum
659 575 783 611 canonum
796 563 954 623 auctoritate,
967 569 1097 627 quatenus
1109 580 1167 612 cum

190 635 235 686 bsc
248 636 333 686 Nostra
353 632 534 687 Constitutione
546 633 706 693 conveniunt,
721 633 893 684 verumetiam
909 648 938 684 ex
951 635 997 686 bec
1012 635 1067 697 ipsa
1088 634 1169 686 Cons-

190 707 304 758 titutione
321 706 417 764 llostrr,
437 720 487 755 non
504 717 576 754 secus
590 717 619 754 ec
635 703 655 754 si
674 705 778 768 primum
792 704 867 755 edite
884 703 915 754 sb
937 719 966 755 cs
985 703 1093 768 luerint,
1120 707 1168 755 vin

189 794 258 832 tuam
275 793 375 844 prorsus
388 777 500 842 accipere
518 774 619 826 debere.

194 923 468 980 &communicationes
485 922 541 974 loto
564 921 690 972 sententio
712 921 901 988 pertinento
920 920 1034 977 nomem
1050 925 1168 990 itonam

610 1011 749 1058 memorre.

224 1139 307 1206 ltaque
330 1136 581 1190 excommunicattoni
603 1137 658 1187 late
681 1135 811 1187 sententie
831 1136 932 1202 speciali
956 1137 1031 1188 modo
1053 1135 1171 1192 Romano
1231 1107 1232 1150 ³

194 1211 305 1264 llontilici
321 1219 449 1262 reservatae
464 1210 593 1274 subjacare
607 1207 763 1258 declaramus
785 1225 792 1257 ε

224 1285 246 1334 l.
265 1285 355 1334 Omnes
367 1296 380 1331 s
392 1281 524 1332 christiana
542 1280 589 1329 lide
601 1285 735 1341 apostatas,
750 1281 775 1329 et
793 1293 879 1329 omnes
892 1293 921 1330 sc
934 1278 1046 1342 singulos
1062 1280 1168 1331 bereti-

195 1371 246 1414 cor,
261 1368 418 1421 quocumque
437 1353 536 1402 nomine
548 1357 704 1410 retineantur,
721 1357 745 1401 et
760 1349 940 1416 cuiuscumque
955 1359 1029 1401 sectae
1051 1353 1170 1410 existant,

196 1427 280 1490 eisque
296 1416 434 1484 credentes,
449 1437 586 1487 eorumque
599 1428 748 1486 receptores,
760 1421 871 1473 lautores
884 1435 914 1472 ac
927 1423 1078 1488 generaliter
1089 1439 1169 1491 quos-

199 1500 258 1550 libet
273 1496 370 1546 illorum
382 1496 532 1546 delensores.

227 1571 250 1619 Ξ.
269 1569 360 1620 Omnes
372 1567 515 1631 eteingulos
526 1565 633 1616 scienter
646 1565 766 1630 legenter,
780 1565 833 1616 sins
845 1565 994 1616 auctoritate
1002 1565 1076 1616 Sedis
1088 1569 1171 1632 Apos-

198 1641 286 1696 tolicae.
305 1639 380 1689 libros
400 1638 542 1688 eorumdem
565 1641 732 1701 apostatarum
747 1643 771 1687 et
791 1637 963 1688 hereticorum
985 1637 1171 1700 baeresimpro·
1232 1629 1233 1684 l

199 1718 344 1780 pugnantes,
368 1723 463 1758 necnon
481 1708 556 1758 libros
574 1707 683 1771 cujusvis
707 1709 815 1758 auctoris
836 1724 879 1771 per
896 1709 1052 1772 apostoticae
1077 1709 1170 1759 litterar

201 1782 345 1834 nominatim
368 1779 514 1842 prohibitos,
530 1779 683 1842 eosdemque
703 1778 779 1830 libror
801 1779 944 1838 retinentes,
963 1779 1132 1845 imprimentes
1148 1783 1171 1830 et

201 1849 391 1920 quomodolibet
404 1850 576 1900 defendentes.

231 1925 254 1974 3.
273 1920 447 1972 Schismaticoe
468 1927 492 1969 ct
507 1935 549 1970 eos
568 1919 610 1986 qui
625 1934 637 1970 a
654 1921 756 1972 Romani
776 1920 902 1972 Pontilicis
915 1937 959 1986 pro
978 1927 1091 1989 tempore
1106 1923 1169 1974 cris·

201 1995 276 2048 tentis
288 1991 426 2042 obedientie
439 1991 596 2056 pertinaciter
608 2006 635 2040 se
647 1991 803 2046 subtrabunt.
818 1993 855 2042 sel
870 1993 1000 2044 recedunt.
1233 1990 1234 2052 l

232 2067 255 2117 i.
274 2064 365 2118 Omnes
378 2069 401 2112 et
413 2063 534 2128 singulos,
548 2064 729 2129 cujuscumque
741 2071 828 2123 otetur,
849 2063 939 2127 gradus
959 2071 1004 2116 ‘seu
1022 2065 1169 2115 conditionis

203 2137 302 2196 luerint,
317 2135 347 2186 ab
360 2134 558 2186 ordinationibus
576 2148 620 2183 seu
638 2134 758 2184 mandatis
771 2133 939 2184 Romanorum
957 2135 1105 2186 Pontilicum
1128 2151 1168 2202 ppt
1233 2149 1234 2152 ’

203 2219 314 2278 tentpore
333 2205 489 2257 existentium
511 2207 542 2255 ad
566 2204 702 2255 universale
723 2205 833 2256 loturum
854 2206 988 2256 concilium
1008 2209 1170 2272 appellantem

205 2296 299 2335 necnon
313 2294 365 2340 eos,
379 2293 484 2343 quorum
497 2274 598 2335 auxilio,
615 2276 720 2326 consilio
739 2279 776 2327 vel
790 2276 874 2326 lavore
894 2279 1043 2341 appellatum
1057 2277 1138 2328 tuerit.

235 2355 258 2405 b.
276 2352 366 2405 Omnes
384 2349 570 2406 interficientes,
592 2347 743 2405 mutilantes,
764 2349 901 2408 capientes,
925 2356 1091 2408 carcerantes,
1108 2347 1173 2400 deti·

206 2431 302 2482 nentes,
315 2423 353 2473 rel
372 2419 493 2472 hostiliter
511 2419 669 2484 insequentes
684 2419 710 2470 S.
732 2419 760 2470 lt.
787 2419 814 2470 E.
832 2419 987 2480 cardinales,
1011 2419 1173 2479 Petrisrcbas,

205 2494 415 2560 Arcbiepiscopos,
433 2490 574 2555 Episcopoe,
585 2489 704 2556 Seditque
722 2489 868 2555 Apostolicae
881 2489 996 2556 Legatos,
1008 2492 1046 2541 rel
1061 2492 1173 2551 Nuntios,

207 2577 249 2620 aut
261 2581 304 2618 eos
320 2566 333 2616 i
347 2565 398 2614 suis
413 2560 571 2621 dioecesibus,
592 2561 731 2618 territoriis,
746 2561 825 2620 terrie,
845 2575 889 2611 seu
906 2563 1023 2612 dominiis
1039 2561 1173 2628 ejicientes,

207 2653 304 2692 necnon
315 2651 343 2689 ea
355 2635 509 2690 mandantes,
527 2632 565 2682 sel
578 2639 631 2682 rata
643 2630 771 2693 habentes,
785 2647 829 2683 seu
847 2638 990 2692 prestantes
1001 2631 1026 2683 iu
1050 2633 1085 2684 sis
1103 2633 1175 2684 auxi·

208 2709 279 2771 lium,
297 2707 427 2759 consilium
441 2703 478 2753 rel
493 2703 611 2754 levorem.

237 2783 260 2834 θ.
279 2779 441 2844 impedientes
453 2775 545 2826 directe
558 2775 596 2825 sel
610 2773 731 2826 indirecte
744 2773 888 2825 exercitium
905 2771 1085 2839 jurisdictionis
1098 2775 1175 2826 eccle·

208 2853 312 2904 siasticae
324 2851 375 2900 sire
388 2847 478 2901 interni
491 2851 542 2897 stre
559 2846 653 2897 ertarui
667 2845 722 2904 lori,
742 2852 766 2896 et
777 2845 808 2896 ad
821 2845 868 2895 boc
880 2854 1036 2896 recurrentes
1049 2846 1079 2895 sd
1097 2847 1174 2896 lorrrtn

209 2924 326 2974 saeculare
339 2922 443 2988 ejusque
460 2919 574 2970 mandata
595 2923 764 2982 procurantes,
778 2917 879 2967 edentes
891 2921 934 2966 aut
945 2917 1074 2978 sutilium,
1093 2918 1174 2968 consi-

211 2997 269 3046 lium
283 2993 319 3044 uel
334 2993 442 3044 levorem
456 2997 606 3058 prestantes.

241 3067 263 3116 l.
281 3068 402 3130 cogentes
422 3064 474 3116 eive
490 3064 589 3121 directe,
607 3060 660 3110 sire
676 3058 796 3112 indirecta
820 3057 915 3123 jndices
931 3057 1009 3110 laicos
1028 3059 1058 3110 ad
1079 3059 1177 3110 trahen-

212 3142 269 3189 dum
284 3136 313 3186 ed
333 3151 404 3187 suum
423 3133 531 3186 tribunal
547 3146 664 3197 personas
680 3129 859 3182 ecclesiastices
877 3138 964 3195 preter
980 3130 1112 3182 canonicas
1125 3133 1177 3182 dis-

211 3209 361 3275 positionem
374 3209 434 3260 item
452 3207 554 3258 edentes
566 3206 633 3272 leges
646 3203 684 3254 sel
697 3202 794 3253 decreta
809 3209 894 3252 contre
910 3201 1048 3252 libertatern
1073 3207 1114 3252 rut
1124 3203 1174 3268 iurs

213 3281 338 3334 Ecclesia.

242 3353 265 3402 8.
284 3351 447 3402 decurrentes
465 3347 496 3397 sd
519 3346 605 3397 laicam
626 3350 773 3409 potestatem
796 3344 828 3396 ad
847 3343 1017 3411 impediendas
1034 3345 1126 3397 litteras
1139 3349 1176 3398 rel

213 3430 265 3474 scta
275 3421 390 3486 quaelibet
406 3433 419 3467 a
434 3417 497 3467 Sede
510 3415 657 3480 Apostolics,
673 3418 711 3464 vel
725 3415 756 3464 ab
770 3417 881 3479 ejusdem
895 3417 991 3480 Legatis
1003 3424 1046 3467 aut
1058 3418 1175 3482 delegetis

216 3493 413 3557 quibuscumque
427 3486 545 3549 proiecta,
564 3499 700 3550 eorumque
717 3486 939 3550 promulgationem
956 3487 993 3537 rel
1011 3487 1176 3540 executionem

213 3563 304 3612 directe
315 3561 353 3608 sel
366 3557 485 3606 indirecte
504 3555 672 3618 prohibentes,
690 3560 733 3604 aut
749 3569 835 3606 sorum
857 3571 931 3608 causa
952 3561 1004 3609 sire
1023 3557 1088 3624 ipsas
1101 3565 1177 3624 partes

215 3634 265 3682 sire
276 3630 338 3678 alios
350 3626 477 3688 ledentes,
490 3624 529 3674 rel
541 3623 779 3690 perterrefacientes.
