2588 3994
220 229 276 290 tet
435 247 572 294 annosas
591 248 692 297 sonus
710 251 793 299 runis
813 251 961 301 aaronica.

218 351 356 405 exortum
377 347 421 405 est
444 343 573 405 schisma
593 344 706 408 dictum
726 346 837 411 Gallice
854 347 949 412 Petite
964 332 1086 434 aptiae,
1108 353 1190 436 quod

218 429 308 493 hodie
322 431 444 494 tandem
458 438 502 495 est
515 435 643 496 omnino
651 435 696 497 vel
712 435 774 499 lere
787 440 915 502 omnino
929 441 1106 506 extinctum.

188 549 193 596 a
258 522 327 584 230.
351 519 455 592 Quoad
469 523 540 583 vend
562 522 724 606 Episcopus
742 527 1013 606 constitutionales,
1028 529 1190 598 duodecim

219 605 353 690 ipsorum
376 612 393 671 'a
417 610 447 672 S.
476 611 635 688 Pontifice‚
666 614 818 676 Gubernio
849 617 1004 698 exigente,
1029 619 1068 682 ad
1093 623 1190 686 varias

217 697 303 760 sedes
312 699 437 762 instituti
448 697 546 776 luere,
557 707 623 781 post
633 707 733 765 tamen
744 712 919 786 sequentem
929 711 1188 776 retractationem:

222 786 376 850 «Sincera
400 787 490 850 corde
511 788 653 869 profiteor
677 809 726 853 me
751 792 1012 868 constitutionem,
1034 803 1067 860 ut
1083 800 1188 882 aiunt,

217 896 232 934 a
257 875 375 939 civilem
390 876 475 940 Cleri
490 876 655 955 Gallicani,
681 879 759 942 ultrd
778 880 934 962 deserere3
950 903 1036 948 novae
1056 905 1189 953 conven-

217 985 233 1023 a
257 963 365 1044 tionis,
389 966 467 1028 inter
489 967 681 1030 sanctitatem
696 971 832 1034 Vestram
847 978 877 1034 et
897 973 1083 1038 Gubernium
1097 979 1189 1042 Galli-

217 1055 449 1132 acuminum,
482 1073 531 1118 mc
563 1055 774 1138 dispositiones
797 1066 826 1122 ct
848 1063 988 1126 articulos
1010 1065 1187 1149 admittere,
1290 1099 1291 1140 a

216 1163 231 1200 a
256 1161 417 1226 veramque
439 1145 590 1208 sanctitati
614 1149 726 1210 Vestrae
739 1155 769 1210 et
791 1151 1014 1216 successoribus
1034 1155 1100 1236 ejus
1119 1157 1190 1222 obe·

216 1251 232 1290 s
256 1229 400 1304 dientiam
415 1241 612 1297 servaturum.
636 1260 654 1293 a

265 1325 334 1384 23l.
367 1322 532 1386 Cardinalis
567 1325 712 1407 Legatos,
745 1329 830 1410 quasi
857 1329 918 1393 vim
946 1331 1003 1415 ipsi
1041 1333 1189 1402 inferente

212 1403 392 1488 (tuberum,
428 1411 593 1476 faciliorem
622 1415 668 1477 his
695 1434 727 1478 se
754 1417 889 1482 exhihuit
921 1439 992 1502 erga
1019 1425 1188 1490 maenades

114 1569 119 1580 ·
215 1499 472 1563 constitutionales
499 1503 516 1562 la
543 1504 652 1584 quibus
679 1508 795 1568 tantiam
823 1510 921 1591 exegit
948 1517 1186 1580 retractationem

215 1597 413 1668 sequentem:
430 1591 594 1654 «J’adhere
616 1611 654 1656 au
677 1595 861 1675 concordat,
887 1607 917 1660 et
936 1601 967 1680 Je
991 1604 1052 1665 suis
1070 1603 1146 1668 dans
1159 1605 1187 1670 la

215 1699 230 1734 a
255 1677 451 1741 communion
467 1679 504 1742 de
520 1685 725 1764 munitaeque
741 1685 926 1770 institudpar
940 1690 967 1751 le
981 1693 1071 1774 Pape.
1088 1717 1103 1753 a
1121 1697 1186 1769 Quo

215 1767 372 1846 suscripto‚
389 1769 533 1830 monendi
548 1779 633 1832 erant
645 1772 849 1836 aerrdinario
861 1783 1111 1864 utunusquisque
1125 1804 1187 1852 suae

214 1857 405 1918 conscientiae
415 1857 592 1938 provideret.
608 1863 680 1924 Haec
693 1864 762 1924 roro
773 1865 957 1948 indulgentia
973 1889 1033 1932 non
1044 1875 1186 1938 omnibus

214 1945 336 2025 placuit.
792 1963 795 1970 '

252 2037 321 2096 232.
345 2035 442 2098 Simul
482 2055 553 2100 curn
572 2039 775 2120 concordata,
795 2049 814 2108 8
832 2045 934 2127 aprilis
953 2051 1044 2120 l802,
1072 2052 1185 2116 Guber-

214 2123 297 2184 ninm
330 2125 529 2206 proinutgavit
565 2130 649 2209 quasi
684 2131 824 2195 Codicem
858 2135 1100 2202 Ecclesiasticum
1126 2143 1184 2207 sub

214 2214 356 2276 nomine:
381 2214 512 2278 Anticles
535 2219 708 2300 orpuar'ques
733 2220 772 2283 du
796 2223 871 2286 culte
894 2227 1068 2310 carnalique.
1092 2233 1126 2293 ln
1147 2235 1184 2297 iis

212 2303 435 2381 proclamantur
458 2304 621 2368 attentares
655 2316 809 2388 praetensae
836 2313 977 2378 Ecclesia
1004 2319 1180 2400 Gallicanam

212 2393 372 2454 necessitas
395 2391 509 2455 Plocz'tr'
529 2395 693 2477 imponitur
713 2417 768 2480 pro
781 2402 923 2465 omnibus
941 2404 1183 2486 expeditionibus

211 2480 353 2543 itomanae
391 2481 486 2544 Curiae
513 2483 603 2544 etiam
628 2485 757 2566 privatos
785 2492 902 2551 tantum
931 2493 1179 2577 respicientibus;

209 2568 423 2650 appellationes
432 2569 467 2632 de
476 2569 565 2632 abusu
575 2571 782 2653 admittuntur3
792 2578 1040 2657 jubeturedoceri
1051 2585 1082 2646 in
1092 2591 1180 2652 semi·

210 2655 305 2718 nariis
317 2655 551 2722 declarationem
566 2661 643 2723 Cleri
658 2663 801 2728 Gallicani
818 2669 907 2736 1682.
921 2675 977 2734 etc.

254 2739 362 2791 contra
376 2751 442 2793 raros
454 2737 593 2796 arrectos
602 2748 751 2818 captarem
763 2751 874 2819 pturms
889 2745 1063 2806 reclamavit
1073 2748 1187 2812 Sancta

215 2819 322 2890 Sedes,
335 2819 387 2881 sed
402 2821 582 2888 &Gubernio
597 2844 656 2888 non
673 2828 794 2892 luerunt
809 2835 948 2906 revocati,
965 2835 1021 2897 nisi
1036 2842 1188 2921 exparte,

213 2915 318 2980 etpost
328 2912 541 2989 pluresannos.
553 2917 588 2980 V.
600 2919 788 2981 reclamats.
801 2923 1186 2996 sonistnttnarapnto.

240 2993 312 3062 233.
328 2994 491 3077 Regnante
514 2991 620 3057 adhuc
633 2990 814 3075 Napoleone
830 2991 856 3070 l,
871 3015 951 3061 nora
965 2997 1093 3067 dissidia
1104 3001 1187 3070 inter

201 3077 305 3160 ipsum
326 3089 356 3138 ct
385 3078 499 3156 Papam
524 3073 652 3138 suborta
678 3086 764 3137 sunt.
793 3073 846 3138 llis
873 3081 1071 3145 occasionem
1099 3085 1186 3150 dedit

202 3159 324 3222 invasio
335 3153 656 3219 StatdsEcclesiastici
667 3155 682 3216 la
692 3155 871 3238 Napoleone
882 3161 1043 3241 imperata,
1058 3165 1107 3227 cui
1118 3183 1186 3230 suc·

105 3255 107 3260 ·
201 3240 295 3301 cessit
311 3237 470 3300 Pontificis
488 3236 579 3319 longa
591 3237 773 3317 captivitas:
791 3237 844 3301 Pio
858 3237 911 3301 Vll
928 3253 1089 3306 recusante
1107 3254 1185 3310 tuno

202 3319 431 3382 institutionem
447 3317 673 3398 Episcopomm
685 3318 725 3378 ab
738 3317 1183 3404 imperatorenominatorum,
1292 3323 1293 3338 ¹

201 3411 424 3482 congregatum
440 3396 498 3459 luit
521 3396 655 3466 Parisiis,
673 3415 758 3460 aiano
774 3399 1050 3476 l81t,Concilium
1066 3407 1103 3465 ad
1120 3405 1184 3469 sol·
1292 3443 1293 3468 i

202 3489 337 3542 serratam
352 3479 556 3562 questionem
568 3477 806 3551 quomodosinla
818 3479 898 3561 Papa
911 3482 1029 3544 tasrtnn
1044 3486 1184 3574 ualerent

200 3559 358 3644 Episcopi.
377 3559 438 3624 Sed
452 3555 628 3622 Concilium
651 3559 753 3623 notuit
767 3561 932 3626 admittere
958 3562 1184 3631 soluuonema
