2546 3992
479 266 565 314 arara
585 251 723 318 mrum.
1033 251 1091 316 aar

123 388 137 425 a
161 386 258 428 eornm
273 365 333 427 Deo
348 371 390 426 tot
412 364 554 446 Episcopi
566 365 618 446 qui
635 365 714 430 altit
730 367 853 450 pmrsbs
870 373 976 428 aurant
994 364 1029 429 de
1043 367 1095 429 doc

123 477 138 514 a
163 455 194 515 in
209 453 367 530 visitando,
383 453 446 536 ipse
461 455 542 516 Deus
556 454 622 515 scit.
638 477 654 513 a

162 547 231 607 902.
255 543 378 615 Quaerit.
405 545 600 614 ronanam
622 543 689 608 loce
719 549 750 608 et
777 563 915 626 personae
936 543 1093 606 visitationi

123 632 292 714 Episcopali
306 631 504 710 subjaceant?

163 724 254 803 Resp.
266 720 320 782 Vel
335 720 382 801 agi
396 719 434 782 de
449 719 521 783 locis
535 725 587 782 aut
599 721 738 802 personis
750 721 916 804 exemptis,
933 719 980 783 vel
994 740 1096 802 quaes-

123 811 237 872 tionem
258 828 323 871 esse
343 809 485 871 duntaxat
498 808 536 872 de
549 809 623 872 locis
637 815 690 871 aut
702 811 839 892 personis
857 813 875 872 a
888 809 1096 890 jurisdictione

125 898 284 980 episcopali
299 916 360 960 non
375 899 531 980 exemptis.

165 989 194 1048 l⁰
207 987 292 1049 Nulla
306 993 352 1048 est
361 985 520 1048 difficultas
533 1005 588 1068 pro
603 986 740 1068 personis
754 988 799 1049 vel
814 987 887 1051 locis
902 1005 964 1049 non
975 1005 1097 1069 exemp

124 1073 180 1152 tis;
202 1076 305 1138 omnia
322 1076 406 1137 enim
426 1075 492 1136 loca
514 1081 543 1136 et
562 1091 699 1156 personae
717 1075 918 1155 subjiciuntur
939 1075 1097 1138 visitationi

125 1164 320 1246 Episcopali‚
343 1161 466 1244 quando
490 1179 552 1224 non
578 1163 751 1225 eximuntur
773 1165 812 1226 ab
837 1165 932 1248 ipsius
950 1164 1095 1244 iurisdic-

125 1253 218 1314 tione.

167 1339 226 1402 Sed
243 1339 300 1402 oSi
308 1339 477 1421 Episcopus
485 1338 604 1402 visitare
613 1339 683 1402 velit
696 1347 793 1403 tatum
804 1341 988 1421 Capitulum,
999 1342 1098 1423 inquit

127 1451 142 1488 a
166 1430 298 1491 Furianis
311 1428 376 1506 (ib,
391 1437 425 1490 n⁰
445 1431 514 1507 90),
536 1427 625 1490 debet
644 1429 786 1492 accedere
800 1429 838 1491 ad
858 1430 960 1492 locum
974 1431 1098 1494 ordina-

127 1540 141 1574 ι)
165 1519 246 1580 rium
262 1515 400 1599 Capituli,
411 1517 435 1579 si
445 1523 546 1579 tamen
556 1516 716 1580 commode
729 1517 794 1580 lieri
810 1522 917 1599 potest.
934 1521 1001 1580 Non
1016 1525 1096 1581 tene

128 1630 141 1666 a
165 1615 214 1669 tur
236 1606 274 1668 ad
297 1607 397 1668 locum
421 1605 547 1688 Capituli
569 1604 711 1668 accedere
733 1607 851 1688 quoties
871 1607 934 1670 vult
955 1609 1096 1691 prosequi

128 1718 141 1752 a
165 1693 363 1758 visitationem
377 1693 505 1773 alicujus
518 1712 655 1776 personae
668 1693 707 1756 de
723 1694 869 1776 Capitulo.
885 1717 901 1754 a
922 1695 995 1758 Vide
1008 1697 1098 1758 etiam

129 1786 162 1844 ll.
176 1783 285 1859 Bouix,
300 1783 345 1846 De
360 1781 526 1865 Capitalis,
540 1803 571 1864 p.
587 1785 655 1846 301.

167 1874 183 1934 J
186 1891 222 1933 us
236 1871 323 1933 habet
332 1872 499 1953 Episcopus
511 1871 601 1933 etiam
612 1871 748 1933 visitandi
760 1869 917 1955 hospitalia
929 1874 946 1936 b
959 1871 1098 1936 iratribus

130 1960 159 2023 S.
175 1961 299 2023 loannis
311 1959 350 2022 de
368 1962 430 2022 Deo
451 1959 675 2035 administrata;
696 1979 757 2023 non
776 1967 879 2024 tamen
894 1961 995 2043 quoad
1009 1981 1097 2044 regu·

130 2049 220 2110 larem
234 2049 466 2125 observantiam,
477 2047 548 2128 quia
561 2045 603 2108 illl
617 2047 721 2109 iratres
735 2055 806 2111 sunt
818 2051 959 2131 exempti.
976 2053 1012 2113 V.
1029 2053 1097 2114 Fer·

128 2139 219 2213 raris,
235 2137 288 2211 io,
305 2139 339 2198 n⁰
352 2139 402 2196 Vl.

169 2228 241 2286 ltem
253 2226 302 2303 ius
315 2222 405 2284 babet
416 2220 554 2284 visitandi
567 2221 841 2295 confraternitates,
854 2225 980 2306 collegia
994 2231 1024 2288 et
1033 2227 1098 2290 illo·

128 2333 197 2376 rum
211 2312 358 2394 capellas,
381 2309 497 2372 soboles
517 2328 740 2391 quascumque,
761 2318 939 2376 nontamen
960 2333 1028 2395 quae
1042 2317 1098 2378 sub

129 2420 235 2484 regum
249 2399 423 2462 immediata
435 2397 620 2479 protectione
634 2400 779 2476 subsunt3
798 2405 830 2462 et
850 2400 989 2464 alumnos
1004 2404 1100 2466 inter·

129 2490 254 2571 rogandi
280 2489 361 2552 circa
386 2487 556 2550 doctrinam
584 2486 776 2550 christianam
798 2489 922 2570 (Concil.
949 2491 1096 2573 uident,

129 2597 202 2642 sess.
219 2582 274 2654 22,
291 2595 358 2659 cap.
374 2579 410 2650 8,
435 2575 632 2657 derasam).
655 2577 720 2638 Hoc
730 2577 780 2656 jus
799 2576 817 2638 b
836 2577 988 2641 Gubernio
1008 2581 1098 2644 etiam

130 2669 162 2730 in
176 2667 269 2730 Gallia
288 2666 362 2728 olim
382 2665 612 2747 agnoscebatur.
636 2665 710 2727 Vide
730 2666 886 2747 Lequeux,
909 2677 942 2729 n⁰
960 2671 1041 2743 alr,
1066 2671 1097 2733 iu

131 2761 211 2819 nott.

169 2841 533 2926 Facttprimdvisitatione
540 2846 743 2906 oratoriorum
752 2843 933 2925 privatorum
941 2849 1098 2912 occasione

130 2934 251 2998 illorum
263 2930 502 3013 approbationis,
527 2948 589 2992 non
607 2931 737 3012 amplibs
755 2933 805 3011 jus
825 2931 937 2995 habent
957 2936 1096 3020 Episcopi

131 3024 181 3087 illa
202 3019 359 3094 visitandi,
383 3019 440 3081 nisi
462 3017 533 3100 ipsis
552 3018 798 3097 denuntiaretur,
819 3021 865 3083 vel
882 3020 961 3085 lama
978 3025 1097 3105 publica

131 3112 247 3176 adesset
259 3107 341 3190 quod
354 3107 528 3169 indecenter
542 3115 729 3185 tenerentur,
745 3127 802 3172 neo
814 3109 898 3172 ineis
911 3123 1097 3177 servarentur

131 3199 272 3282 requisita
291 3215 345 3279 per
367 3195 530 3257 lndultum.
547 3195 622 3257 Vide
636 3197 750 3272 Bouix,
775 3197 819 3258 lle
834 3197 997 3282 Episcopo,
1012 3209 1034 3265 t.
1058 3209 1095 3284 2,

156 3336 162 3350 .
178 3289 321 3351 ebetat.

131 3310 232 3440 p903.
243 3369 557 3453 2⁰Propersonisverd
566 3371 675 3434 etlocis
683 3374 829 3455 exemptis
838 3377 940 3439 multae
949 3379 1097 3442 solvendae

132 3461 407 3546 suntquaestiones:
421 3462 595 3538 trpersonae
605 3466 635 3520 et
643 3459 782 3522 Ecclesiae
792 3463 943 3544 regulares
951 3474 1097 3549 exemptae

133 3573 194 3618 non
208 3551 407 3631 subjiciuntur
419 3545 576 3608 visitationi
590 3548 774 3628 Episcopali;
794 3553 898 3633 excipe
918 3571 1020 3614 casum
1035 3573 1097 3636 quo

133 3642 190 3704 illae
202 3655 338 3722 personae
349 3641 506 3700 manerent
515 3643 597 3698 extra
611 3637 842 3716 monasterium,
857 3643 953 3701 autin
968 3643 1084 3721 grannii:

929 3751 944 3808 ι
948 3749 1013 3809 μ*
