2574 3994
168 321 225 380 190
383 335 522 382 urrunsa
542 334 643 382 rorrus
663 333 745 381 rums
765 331 911 382 nlnonrcr.

166 455 180 491 ι
206 431 324 514 plupart
345 431 399 494 des
421 434 559 512 Estques
592 449 624 493 se
653 435 737 493 sont·
740 429 777 493 ils
805 431 974 513 cmpressds
1001 430 1139 512 d’operer

166 545 181 580 ιι
205 527 282 582 cette
296 520 391 583 union
406 521 458 603 qui
473 522 566 583 existe
575 519 703 599 aujourd
707 519 767 582 'hui
782 519 858 581 dans
870 537 1000 602 presque
1013 525 1082 583 tous
1095 520 1139 583 les

167 609 350 672 »dioceses
371 632 387 669 ι
411 609 547 691 Supponi
570 617 667 690 potest
684 607 765 690 qudd
786 607 942 691 Episcopi,
965 597 1138 688 huiusmodi

167 699 295 760 uniones
310 698 511 780 perficiendo,
525 717 554 760 vr
545 697 675 760 induit
655 703 676 758 tr
692 695 777 760 Sedis
793 697 971 779 dpostoiiuae
985 715 1139 779 processe·

167 788 244 864 rint;
260 795 290 850 et
311 791 415 850 revera
437 806 507 849 men
509 789 551 849 tio
509 785 601 849 tiit
617 785 655 848 de
676 786 734 850 hoo
757 786 919 864 induit0‚'
912 805 943 849 rn
965 787 1079 850 unione
1101 787 1141 850 ab

167 877 316 958 Episcopo
329 877 506 939 carnutensi
518 877 656 958 peracit,
669 875 708 938 de
719 879 780 958 qud
793 876 891 958 agitur
904 893 952 959 ap.
975 877 1012 939 D.
1038 876 1140 940 Andre

169 967 216 1041 (Ρ0
235 965 353 1043 Unica).

208 1058 276 1116 368.
300 1054 454 1136 Quidquid
469 1055 523 1131 sit,
548 1053 679 1135 praefate
693 1055 840 1132 uniones,
855 1053 926 1118 lieet
945 1071 964 1117 a
978 1055 1046 1135 iure
1060 1071 1141 1117 eom·

169 1147 253 1205 muni
267 1143 434 1224 prohibitae,
451 1161 513 1205 non
525 1143 664 1205 videntur
678 1143 759 1225 apud
774 1162 829 1206 nos
843 1142 1046 1207 difficultatem
1060 1145 1138 1226 pati:

168 1234 212 1294 sic
226 1233 308 1294 enim
331 1232 440 1313 legitur
459 1231 539 1312 apud
553 1233 617 1293 ΒΡ).
641 1232 720 1294 dffre
735 1231 924 1311 (Administr.
951 1241 1071 1314 tempor.
1093 1233 1142 1295 dee

167 1331 322 1402 parciores,
339 1341 370 1402 p.
386 1325 442 1394 lo,
456 1326 488 1382 4·
503 1320 587 1400 edit.)
604 1339 612 1382 ι
632 1321 742 1384 «Cette
756 1321 890 1384 derision
905 1327 950 1383 est
963 1319 1071 1384 londe'e
1089 1340 1142 1384 sur

171 1434 185 1468 ι
210 1429 251 1472 un
267 1409 363 1492 grand
377 1409 504 1472 nombre
517 1409 656 1485 d'arrela3
668 1409 725 1472 elle
739 1417 783 1472 est
797 1409 1023 1473 incontestable.
1037 1411 1073 1472 V.
1089 1412 1142 1473 Ju-

172 1522 186 1558 ι
211 1500 302 1581 rispr.
318 1519 418 1560 canon.
435 1500 468 1560 de
481 1499 638 1569 Lacombe,
657 1501 696 1558 V⁰
716 1499 859 1561 Erection
877 1499 968 1578 (Nihil
981 1506 1083 1562 tamen
1103 1499 1142 1562 de

171 1611 185 1644 ι
210 1587 289 1649 hnc
282 1606 381 1648 invem
374 1588 463 1649 ioco
476 1589 585 1666 citato).
601 1591 668 1651 Une
685 1587 879 1650 ordonnance
894 1588 936 1650 du
949 1589 1009 1666 roi,
1026 1588 1142 1652 rendue

172 1699 186 1735 ι
211 1675 239 1738 le
255 1681 292 1738 lt
303 1675 401 1756 inillet
416 1680 492 1737 leat
513 1695 551 1738 en
566 1677 684 1738 Consail
707 1663 761 1738 (ΡῬ
762 1683 805 1738 tat
762 1679 944 1758 ttinlegra
964 1677 1022 1758 legi
1044 1683 1142 1759 potest

172 1787 187 1823 ι
212 1765 291 1846 apud
304 1764 414 1837 Andre,
431 1769 469 1826 Ρ0
488 1765 595 1844 Unica)
609 1785 627 1826 a
641 1765 746 1828 decide
760 1767 803 1828 les
813 1766 913 1847 points
926 1766 1059 1828 suivants
1072 1785 1143 1829 con·

172 1876 187 1911 ι
212 1854 301 1915 testes
315 1859 399 1914 entre
414 1853 432 1913 l’
437 1840 554 1933 deque
568 1853 606 1914 de
620 1853 758 1917 chartres
772 1859 802 1916 et
814 1853 842 1916 le
856 1856 928 1917 eure
941 1853 980 1916 de
995 1855 1023 1916 la
1036 1855 1142 1918 Gathe-

172 1941 295 2004 adrale
310 1942 348 2004 de
362 1941 390 2002 la
403 1945 501 2003 meme
514 1942 604 2004 ville:

212 2035 284 2092 »Ρ
308 2033 355 2095 Un
377 2019 497 2112 dequc
518 2038 608 2113 peut
634 2049 703 2094 sans
722 2032 811 2105 abus,
834 2032 941 2114 operer
964 2031 993 2095 la
1013 2033 1141 2100 reunion

174 2144 189 2184 ι
213 2119 305 2182 d’une
320 2137 391 2184 cure
405 2139 444 2182 au
458 2119 596 2201 Chapilre
610 2119 647 2182 da
662 2139 716 2182 son
726 2121 863 2198 diocese3

213 2233 228 2268 n
253 2214 284 2272 2¹
300 2211 380 2271 Gelle
390 2212 485 2271 union
500 2219 571 2290 peut
581 2210 662 2270 aioir
676 2209 736 2271 lieu
750 2207 950 2272 duvivantdu
963 2211 1092 2275 titulaire
1104 2211 1143 2276 de

174 2322 189 2359 ι
215 2299 242 2362 la
264 2317 335 2360 cure
357 2305 387 2360 et
410 2317 479 2360 sans
502 2317 555 2358 son
582 2305 824 2374 consentement,
850 2305 880 2362 et
902 2287 1044 2382 l’l'lveque
1071 2309 1145 2384 peut

175 2388 365 2450 »ordonner
376 2405 435 2468 que
446 2387 489 2448 les
503 2385 650 2447 fonctions
659 2391 762 2448 serent
774 2389 912 2450 exeredes
922 2408 1026 2472 perun
1035 2391 1143 2454 vicaire

176 2498 191 2535 ι
216 2477 363 2539 emovible
387 2477 468 2554 (Herc
488 2475 591 2536 omnia
615 2480 717 2536 tamen
740 2477 841 2556 aperte
858 2478 1093 2542 contradicunt
1082 2481 1144 2562 Juri

175 2587 191 2626 ι
217 2583 372 2628 commum
364 2563 549 2664 Ecclesiae);

216 2676 230 2712 ι
256 2657 287 2714 3¹
301 2655 382 2715 Galle
397 2652 490 2715 union
504 2653 586 2712 etant
603 2652 729 2732 operde,
745 2637 884 2756 l'F'reque
902 2673 920 2717 a
934 2673 976 2738 pu
989 2657 1143 2739 interdire‚

177 2741 341 2822 adeptura
355 2749 385 2802 et
398 2759 467 2802 sans
478 2740 648 2821 jugement,
657 2757 695 2802 au
710 2741 782 2803 cure
796 2761 848 2823 qur
841 2742 1023 2808 'desserrait
1033 2747 1060 2809 la
1073 2765 1145 2811 cura

177 2853 193 2892 ι
217 2829 322 2892 reunie
335 2847 374 2892 au
387 2828 525 2912 Chapitra
538 2827 567 2891 la
579 2828 764 2911 predication
774 2837 803 2892 et
817 2832 825 2892 l
829 2831 1076 2898 ‘administration
1092 2835 1146 2899 des

177 2943 193 2981 ι
218 2924 410 2981 sacrements.
426 2939 441 2976 ι

219 3005 389 3088 optandum
416 3011 518 3067 autem
547 3012 625 3069 esset
651 3013 685 3069 ut
706 3005 773 3070 haee
798 3009 957 3092 disciplina
979 3029 1047 3093 quae
1069 3013 1146 3077 aded

179 3093 314 3158 adrersat
301 3099 351 3157 tur
373 3093 465 3156 saeris
487 3093 669 3172 canonibus,
698 3113 761 3158 non
783 3097 846 3159 sold
870 3100 1044 3163 auctoritate
1067 3102 1146 3164 civili

180 3181 344 3247 fulciretur.
361 3181 431 3244 Solu
444 3183 527 3244 eninr
540 3185 714 3247 auctoritaie
728 3185 927 3250 ecclesiastice
939 3185 1004 3252 haec
1021 3197 1147 3273 possunt

181 3269 351 3353 legitimari.

529 3365 618 3415 casus
637 3367 793 3416 mensus.

219 3458 288 3518 369.
305 3455 407 3518 Sunt'
399 3473 431 3518 m
446 3453 538 3517 Gallie
551 3454 690 3536 quedam
706 3455 855 3538 parochie
869 3460 944 3523 aded
957 3479 1103 3565 pauperes
1117 3471 1148 3528 et

182 3543 364 3606 miserabiles
377 3551 411 3605 ut
424 3543 569 3624 parochos
582 3543 692 3605 habere
703 3554 865 3625 nequeant,
883 3551 954 3630 quia
964 3551 994 3612 in
1012 3553 1055 3614 cis
1065 3553 1148 3616 deest

183 3631 290 3696 domus
303 3632 530 3715 presbyteralis,
555 3649 610 3693 nac
623 3631 722 3694 vatent
743 3631 850 3698 incolae
869 3635 1122 3702 indemnitatem
1115 3661 1147 3706 ιιι

184 3721 240 3781 hoc
253 3738 324 3818 casu
338 3721 542 3804 praescriptam
555 3719 683 3785 solvere.
697 3721 792 3783 Forrd
808 3725 888 3806 saepe
906 3727 1053 3809 contingit
1066 3729 1147 3810 qudd
