2496 3992
409 299 495 346 arasa
517 299 638 346 narsus.
810 233 816 244 Ι
943 281 1001 346 bet

42 417 138 468 tatibus
148 418 260 469 subditos
274 431 334 475 esce.
355 417 424 468 dicto
439 417 539 468 odedire
553 418 560 452 ¹
572 433 581 479 ,·
592 417 652 468 item
667 429 739 468 orare
754 417 836 469 lisam
850 432 894 483 pro
907 419 1003 468 eunctis

41 489 196 550 bominibus,
207 491 250 540 sed
262 489 407 539 nominatim
416 502 462 553 pn
472 488 573 552 reptiles
585 497 608 539 et
619 488 740 540 omnibus
748 492 793 554 qui
803 492 831 540 tn
841 489 1002 540 sublimitate

40 567 101 612 sant
114 577 120 611 :
135 564 182 612 boc
198 563 267 611 enim
283 567 460 624 acceptumst
473 573 561 611 coram
579 559 714 612 Saluotore
728 566 813 611 nostro
824 561 876 613 Deo
887 561 906 610 ¹.
922 565 1001 624 dique

41 636 72 683 ad
85 635 152 683 banc
167 647 218 683 rem
228 633 327 683 omnino
342 634 460 696 preclara
475 633 623 684 documenta
637 631 770 682 Christiani
781 636 877 684 veteres
893 633 1003 696 reliqua·

42 713 101 754 runt
111 721 117 754 ι
127 705 169 768 qui
182 719 235 754 cum
248 707 278 754 ab
294 704 481 767 imperatoribus
494 703 599 754 ethnicis
617 703 815 765 injustissimset
827 705 1002 755 crudelissime

40 781 201 831 vexarentur,
218 789 344 837 nunquam
355 781 438 824 temen
454 775 665 838 pretermiserunt
677 789 764 838 perere
778 791 805 826 se
818 776 965 826 obedienter
976 779 1001 826 et

41 849 176 908 submisse,
191 849 263 910 plane
273 853 299 896 ut
317 847 351 896 illi
367 847 523 907 crudeliore,
542 847 582 898 isti
594 847 713 911 obsequio
732 853 827 898 certare
843 847 1000 900 riderentur.

41 925 120 970 Tanta
133 923 215 969 autem
230 919 423 978 modestimine
438 923 504 968 certa
513 920 615 982 pereudi
632 921 743 968 voluntas
758 921 876 982 pluserat
891 919 1000 984 cognita,

41 1007 117 1056 quam
131 999 158 1042 ut
166 991 293 1042 obscurari
309 1005 351 1052 per
369 990 518 1054 calumniam
535 991 705 1054 malitiamque
725 989 883 1041 iniurieorum
903 995 998 1054 posset.

41 1067 204 1123 eramobrem
222 1062 264 1124 qui
278 1076 323 1125 pro
333 1062 470 1111 christiano
485 1061 585 1112 nomine
603 1072 688 1112 essent
700 1064 765 1126 apud
783 1064 945 1126 imperatores
957 1077 1001 1126 pu·

41 1137 108 1186 biice
130 1149 228 1185 causam
245 1133 344 1188 dicturi.
362 1133 378 1181 il
401 1133 447 1183 boc
465 1133 620 1196 potissimum
637 1141 783 1197 argumente
805 1135 920 1197 iniquum
946 1149 1002 1185 ease

41 1208 222 1257 convincebant
235 1205 260 1253 in
277 1205 426 1254 christianos
438 1205 636 1254 animadvertere
656 1205 766 1268 legibus,
788 1208 853 1268 qood
878 1207 904 1255 in
924 1208 1000 1256 oculis

44 1280 156 1330 omnium
166 1291 260 1326 consen
269 1281 340 1326 enter
352 1277 450 1339 legibus
465 1275 490 1324 in
505 1276 647 1338 exemplum
660 1277 784 1326 virerent.
805 1279 914 1327 Marcam
924 1280 1001 1327 bure·

45 1351 105 1400 lium
126 1351 276 1398 Antoninum
298 1355 322 1397 et
348 1347 451 1396 Lireinm
469 1347 595 1396 Aurelium
612 1345 774 1397 Commodum
801 1347 877 1398 illium
895 1349 949 1410 eius
964 1349 1001 1399 sic

42 1425 210 1486 Athenagoras
231 1419 383 1469 confidenter
401 1419 588 1481 alloquebatur:
612 1420 704 1470 Sintiis
720 1433 775 1480 nos,
795 1420 917 1484 quinidii
937 1420 1001 1472 mcii

38 1501 184 1560 patramus.
209 1493 287 1541 immo
310 1490 459 1543 omnium...
486 1491 601 1554 piissime
622 1491 814 1556 justissimeque
846 1505 902 1541 cum
938 1506 1000 1556 erqo

44 1569 131 1624 Derim,
146 1569 200 1614 teat
215 1575 274 1625 erpo
293 1563 431 1625 imperium
448 1566 558 1611 uestrum
576 1565 758 1625 noscerimus,
779 1563 918 1624 exaptent.
931 1565 999 1628 rapi,

41 1637 134 1702 sopori
153 1635 176 1685 ³.
205 1633 259 1682 Pari
285 1635 355 1682 medo
377 1631 544 1688 Tertullianus
568 1635 634 1686 leudi
655 1633 794 1684 christianis
808 1639 891 1697 aperte
915 1637 998 1690 dabat.

42 1711 108 1772 quod
123 1707 197 1757 amici
209 1709 292 1756 essent
307 1705 413 1768 imperio
426 1705 515 1767 optimi
530 1709 555 1754 et
571 1705 705 1756 certissimi
719 1721 750 1756 es
764 1707 881 1755 omnibus
892 1705 1000 1760 >Cim-

44 1785 128 1831 tianus
141 1779 239 1828 sellim
255 1783 292 1828 est
312 1778 401 1838 bostis,
417 1779 507 1826 nedum
531 1777 707 1844 Imperatoris„
722 1791 796 1841 qoem
814 1789 896 1827 sciens
912 1793 928 1828 ι
949 1779 999 1830 Deo

44 1866 89 1904 cuo
104 1849 233 1908 constitet,
248 1862 350 1900 necesse
364 1852 401 1898 est
415 1854 443 1898 ut
459 1861 543 1912 speum
555 1848 647 1912 dithct
663 1852 687 1898 et
699 1853 845 1900 revereatur
857 1852 881 1898 et
896 1849 1000 1900 tonaret

44 1931 69 1974 et
85 1923 183 1974 ecloum
198 1919 260 1972 uelit
272 1935 327 1970 cam
341 1923 392 1970 toto
407 1933 515 1969 romano
529 1919 639 1984 imperto
652 1920 670 1968 ⁴.
685 1921 769 1983 Neque
787 1919 913 1970 dubitabat
928 1921 998 1971 altir-

44 2011 121 2052 mare‚
144 1996 170 2044 in
191 1993 288 2057 imperii
309 1991 400 2040 linibus
419 1995 486 2040 tanto
501 1993 580 2054 magis
595 2005 725 2042 numerum
741 1986 818 2040 minut
840 1991 999 2044 inimicorum

43 2067 208 2124 consuevisse,
223 2070 316 2126 quanto
334 2067 455 2112 cresceret
470 2063 670 2112 christianorum.
686 2062 758 2113 Nunc
773 2063 902 2124 pauciores
915 2063 998 2115 berica

42 2141 140 2190 bebetis
158 2149 210 2200 prae
226 2135 392 2183 multitudine
403 2133 614 2193 christianorum,
629 2147 694 2197 pene
712 2133 828 2182 omnium
853 2134 998 2198 ciuitatum,

41 2227 104 2277 pene
118 2221 206 2258 ornasse
219 2209 283 2256 cives
297 2207 453 2255 christianos
467 2205 579 2255 babendo
589 2206 612 2257 ὅ.
635 2205 783 2256 Praeclarum
799 2209 838 2254 est
851 2219 950 2266 qnoque
966 2209 998 2256 de

44 2285 129 2333 eadem
145 2295 171 2330 re
186 2277 354 2328 testimonium
376 2276 401 2324 ln
416 2275 535 2339 Epistola
549 2275 582 2324 cd
606 2275 766 2338 illacrimans,
788 2289 844 2338 que
858 2277 997 2339 confirmat,

44 2354 127 2404 solitos
139 2366 167 2402 eo
179 2357 289 2410 tempore
303 2348 449 2398 christianos
463 2347 540 2396 luisse
556 2361 603 2396 non
615 2347 695 2396 solum
707 2347 827 2397 inservire
838 2348 942 2412 legibus,
954 2353 997 2400 sed

44 2424 151 2476 inomni
173 2422 254 2472 cilicio
271 2423 324 2484 plus
347 2423 422 2468 etiam
443 2433 472 2469 ac
496 2419 629 2482 perfectius
647 2433 689 2468 sua
705 2423 791 2482 sponte
815 2420 902 2479 iecere,
924 2436 998 2484 quam

43 2499 188 2559 cogerentur
199 2487 280 2544 lacere
295 2493 399 2557 legibus.
416 2490 565 2543 Christiani
580 2493 749 2555 obsequuntur
762 2491 856 2553 topicae
871 2503 924 2554 quie
935 2507 997 2546 ιιι-

42 2571 175 2625 citerani,
193 2573 217 2616 et
232 2579 284 2614 euoe
299 2573 357 2614 estse
373 2577 463 2626 pensae
480 2561 550 2626 lepte
563 2564 698 2627 superant.

74 2641 125 2688 illia
138 2651 197 2688 saue
211 2645 263 2686 tum
278 2650 353 2685 causa
369 2639 497 2688 crabbum
512 2634 584 2683 allde
598 2633 745 2690 christiana,
756 2637 798 2684 aul
812 2638 996 2698 quoquomodo

43 2715 73 2763 ab
87 2711 283 2760 citiciodelrcere
297 2709 474 2770 imperatorum
496 2705 584 2756 edictis
596 2721 625 2755 ac
641 2707 773 2756 Proetorum
789 2707 866 2757 minis
875 2707 996 2772 juberen—
1086 2699 1092 2709 '
1168 2693 1172 2704 ’

42 2789 81 2834 tur
95 2799 100 2833 :
116 2783 203 2845 quibus
225 2781 376 2843 temporibus
397 2778 508 2841 prolecto
531 2777 663 2841 displicere
688 2776 829 2827 bominibus
853 2793 926 2840 quam
948 2783 995 2830 Deo

42 2857 191 2905 meluerunt.
206 2854 253 2902 Sed
269 2851 294 2902 in
310 2853 340 2900 iis
354 2851 413 2914 ipsis
430 2863 514 2900 rernm
528 2849 654 2911 adjunctis
675 2852 770 2898 tantum
784 2851 870 2900 aberat
889 2859 915 2900 ut
928 2851 997 2914 quic-

42 2941 113 2990 quam
127 2925 241 2975 seditiose
256 2924 363 2974 iacerem
384 2920 569 2984 maiestatemre
590 2921 773 2983 imperatoriam
795 2929 993 2985 contemnerent,

42 3004 68 3046 ut
83 3000 128 3046 boc
144 3010 220 3044 unum
235 2995 282 3044 sibi
308 3001 444 3053 sumerent,
469 3005 524 3042 sese
547 2991 665 3054 prossteri,
681 2997 704 3042 et
727 2992 876 3043 christianos
899 3001 995 3045 cesset

42 3070 104 3118 nolte
119 3075 214 3118 mutare
229 3066 302 3115 iidem
314 3067 363 3116 ullo
381 3066 464 3115 modo.
485 3064 598 3114 Getarum
629 3061 690 3112 nibil
701 3065 732 3112 de
744 3065 884 3117 resistendo
898 3067 994 3129 cogita-

42 3144 117 3198 bant;
131 3141 173 3189 sed
187 3139 284 3202 placide
301 3145 374 3200 atque
392 3137 470 3186 hilare
492 3135 529 3184 ric
550 3135 619 3186 ibant
637 3135 667 3184 ad
686 3135 784 3185 tortoris
799 3143 942 3198 equuleum,
967 3141 994 3188 oi

41 3211 206 3276 magnitudini
231 3210 307 3259 animi
335 3208 488 3258 cruciatuum
512 3205 654 3265 macnitudo
676 3207 830 3260 concederet.
856 3235 888 3248 -
910 3209 995 3270 licque

66 3421 85 3466 t.
96 3421 126 3464 Ad
137 3422 218 3470 Titan.
234 3423 253 3463 t.

66 3476 86 3519 Ξ,
95 3476 103 3518 l
113 3475 202 3518 Tinrotlr.
210 3488 232 3524 ιι,
243 3473 286 3517 ἳ-3,

65 3529 84 3572 i.
97 3529 156 3582 tepus
179 3541 216 3584 pro
230 3527 360 3572 Christianit-

67 3583 84 3626 ἦ.
93 3583 182 3636 Atii-lttss.
195 3597 215 3625 n,
225 3583 259 3625 35.

78 3635 179 3692 ,apolon
195 3647 217 3678 tt.
229 3635 264 3682 87.
