2586 3988
234 224 272 306 lt
457 259 594 306 nnuurca
614 239 816 308 corrosionis
837 235 983 307 canonici.

273 338 1207 434 Velenir'nresitasehabet,reljusnationalcderogaloriumill-
1289 337 1291 370 ἲ

231 441 1209 526 troducipotuittsaeculariprincipe‚autabalitpotestatedl’apt

233 531 366 595 diverse:
382 533 463 613 atqui
478 531 540 595 duo
553 532 617 596 haec
635 531 867 615 posterioradici
885 539 1051 612 nequeunt.
1063 533 1129 594 Non
1145 533 1209 614 pri·

233 638 318 684 ntum
335 623 473 684 t-Clrm
484 621 522 684 de
534 621 594 684 frde
604 623 642 684 sit
652 622 821 704 principem
834 621 1011 706 saecularem
1025 619 1104 683 haud
1119 639 1209 702 posse

233 708 1210 793 legeseanonicasoondere,necabipsiseximare.-Nonsecun·

233 798 319 860 dum.
334 833 375 846 -
388 799 464 861 Nam
481 799 530 862 illa
547 807 677 883 potestas
691 805 770 862 esset
789 799 835 862 vel
849 792 1019 862 Concilium
1041 800 1209 862 oecumeni-

233 905 323 963 oum,
338 894 388 951 aut
399 889 589 970 particulare,
603 889 650 952 vel
661 887 848 964 Patriareha,
859 888 906 949 vel
920 888 978 950 alia
992 893 1122 970 potestas
1136 887 1211 950 inse

232 975 1211 1058 rior,velconsuetudo.SedillaeomnespotestatesaS.Poutilice

234 1063 1208 1148 pendent:ipsummetConciliumgeneraledPapldebetappro'

235 1151 311 1229 bari,
327 1154 404 1217 sicut
417 1155 508 1219 etiam
521 1153 719 1218 consuetudo.
735 1158 815 1235 Ergo
822 1153 873 1234 jus
886 1153 1036 1216 nationale
1049 1153 1210 1234 derogato·

234 1239 315 1302 rium
325 1241 457 1324 legitime
464 1243 626 1308 subsistere
634 1243 812 1325 nequitsine
828 1245 1002 1305 auctoritate
1012 1240 1043 1304 S.
1056 1242 1211 1306 Pontiliois

236 1329 398 1408 (Bouix,de
407 1332 582 1416 Principiis,
593 1352 625 1415 p.
635 1331 1095 1412 'idtlttdehooconvenitetiam
1106 1339 1211 1395 auctor

236 1419 394 1500 eujusdam
407 1421 474 1483 libri
489 1420 672 1484 Memorialis
685 1420 791 1501 gallice
804 1421 919 1502 scripti,
934 1420 998 1482 Sur
1011 1419 1038 1482 le
1050 1419 1131 1482 droit
1142 1441 1211 1483 eou-
1290 1483 1291 1486 ,

237 1507 1210 1592 tomice,insuarcsponsioneadCardlloussetlp.l6);sicenim
1290 1533 1291 1540 ¹

236 1593 342 1658 hahet:
357 1618 373 1657 a
387 1599 433 1660 Otr
443 1617 631 1662 avons-nous
643 1597 688 1660 dit
700 1597 773 1680 qu’il
783 1596 1036 1660 lallaitetablirou
1051 1616 1212 1662 conserver
1290 1637 1291 1642 κ

236 1706 252 1744 n
276 1702 319 1747 un
339 1683 418 1748 droit
443 1687 575 1749 national
601 1685 807 1767 independant
829 1685 872 1748 du
895 1686 1105 1766 Sainl-Siege,
1126 1687 1212 1749 c’esl-

237 1793 253 1834 a
277 1773 384 1850 t-dire,
399 1793 470 1838 sans
484 1775 512 1836 le
531 1782 761 1838 consentement
777 1777 886 1857 expres
898 1791 940 1836 ou
954 1775 1042 1836 tacite
1054 1774 1097 1837 du
1110 1775 1210 1837 Saint-

237 1882 253 1924 ι
277 1863 411 1945 Sie'gelu

278 1954 346 2015 llss.
372 1956 521 2031 Attamen,
536 1963 636 2036 inquit
648 1956 685 2016 D.
706 1953 801 2015 Bouix
816 1952 857 2036 (p.
882 1951 1111 2032 rationantur
1130 1971 1212 2034 aoepe

236 2041 471 2105 eonsuetudines
504 2045 654 2106 variarum
681 2044 841 2122 regionum
876 2041 993 2122 legibus
1019 2039 1211 2122 generalibus

237 2129 398 2212 oppositae,
414 2130 450 2192 ad
463 2131 708 2213 compatiendum
723 2130 868 2206 inlirmis,
884 2139 914 2192 et
926 2137 960 2192 ut
977 2148 1038 2192 non
1052 2131 1211 2209 extingua-

237 2223 287 2280 tur
309 2219 407 2282 linum
420 2219 518 2283 adhue
525 2220 687 2301 fumigans.
703 2253 743 2266 -
757 2218 860 2291 Quoad
873 2225 975 2281 aulem
995 2219 1045 2298 J'us
1060 2218 1212 2280 nationale

238 2324 300 2369 non
314 2307 536 2390 derogatorium
549 2317 629 2390 patet
638 2307 719 2390 quod
730 2308 824 2389 possit
834 2309 950 2370 statuit
964 2307 1096 2388 legitima
1110 2316 1212 2370 aucto

236 2397 338 2474 ritate,
354 2399 419 2460 sine
432 2415 583 2460 consensu
597 2400 629 2460 S.
646 2395 809 2459 Pontificio.

277 2489 346 2550 tro.
370 2486 491 2559 Ouaerit.
506 2490 540 2548 3⁶
553 2490 660 2551 Utrum
673 2487 705 2548 S.
722 2485 860 2550 Pontilex
872 2483 967 2548 valeat
982 2485 1097 2548 irritare
1111 2485 1210 2567 quod-

237 2591 369 2654 cumque
380 2576 430 2654 jus
444 2573 613 2636 nationale?

277 2663 369 2744 Resp.
387 2662 568 2727 affirmative
579 2683 587 2724 ε
600 2662 763 2745 etquidem
776 2667 808 2726 lt
821 2667 918 2745 potest
927 2661 1041 2724 irritare
1052 2661 1102 2740 jus
1116 2661 1209 2726 natio·

237 2749 306 2812 nale
326 2749 407 2831 quod
424 2750 480 2814 luit
497 2751 535 2813 ab
556 2751 642 2814 initio
661 2769 781 2814 merum
795 2752 984 2834 privilegium
1002 2752 1142 2831 expresse
1162 2750 1210 2814 vel
1287 2801 1288 2834 ,

237 2839 325 2902 tacite
340 2857 394 2921 per
414 2839 664 2903 consuetudinem
686 2857 884 2916 concessum
900 2839 1041 2920 namqui
1060 2839 1211 2902 concessit
1287 2835 1288 2860 ³

237 2927 427 3008 privilegium
441 2936 538 3010 potest
551 2928 625 2992 illud
638 2945 789 2992 revocare.

276 3019 309 3076 2⁰
324 3017 424 3078 Potest
433 3017 548 3078 irritare
558 3017 609 3097 jus
623 3018 774 3080 nationale
786 3014 868 3098 quod
880 3014 939 3078 talc
948 3015 1041 3078 evasit
1049 3033 1104 3096 per
1113 3023 1211 3079 muta-

237 3103 352 3166 tionem
377 3103 452 3183 juris
473 3107 645 3168 communis
669 3105 782 3186 ubique
810 3104 939 3181 lectam,
963 3103 1063 3184 aliqua
1084 3104 1211 3184 regione

237 3194 378 3273 excepta:
394 3194 465 3274 quia
478 3195 509 3256 S.
527 3193 661 3256 Pontifex
676 3194 796 3275 plenam
810 3193 898 3254 habet
913 3199 1087 3273 potestatem
1099 3193 1130 3253 in
1145 3194 1209 3254 ain·

238 3279 316 3360 gulis
330 3281 503 3363 regionibus
515 3281 598 3344 orbis
616 3282 769 3355 catholici,
789 3283 854 3344 sine
874 3279 936 3343 ulla
957 3281 1151 3363 exceptione,
1173 3298 1210 3343 ao

237 3369 365 3449 proinde
379 3371 512 3451 singulas
526 3377 622 3452 polest
635 3371 737 3452 ligare.

277 3460 308 3519 3·
323 3459 462 3521 PotestS.
478 3459 631 3536 Pontifex,
639 3459 719 3538 justa
728 3461 866 3540 exigente
875 3459 976 3534 causi,
990 3459 1041 3538 ius
1056 3455 1209 3521 nationale

239 3545 366 3624 irritare,
381 3548 472 3609 etiarn
483 3547 671 3610 concordatis
685 3547 848 3612 lirmalunr.
1285 3623 1286 3636 χ

278 3635 363 3696 Ratio
383 3633 540 3698 dubitandi
560 3641 638 3699 asael
656 3635 737 3718 quod
757 3636 899 3702 servanda
919 3637 957 3700 ait
977 3635 1051 3700 fides
1070 3635 1156 3713 data;
1178 3639 1208 3697 at
