2570 4006
183 176 242 248 ato
402 197 542 244 urucam
561 194 662 242 mnus
685 193 768 239 runis
789 191 934 238 cauomcr.

220 302 311 379 Resp.
334 313 405 360 cum
429 295 536 358 endem
560 291 697 354 Ferrario
713 289 786 368 (it.
804 297 859 351 art.
879 294 916 365 3,
935 302 969 352 n·
983 295 1037 372 l8,
1061 295 1155 374 etc.):

184 413 200 450 a
224 385 463 468 archicpiscopi,
480 385 625 446 Primatcs
640 381 748 454 etalii,
768 379 1017 461 quihusPallium
1032 401 1155 448 conces-

181 499 197 537 »
224 496 293 540 sum
308 485 367 544 est.
383 482 416 536 ut
434 474 601 554 Episcopus
616 469 777 544 Ostiensis,
794 469 948 550 papiensis
958 473 1080 549 (Paule).
1095 475 1154 536 Lu-

182 589 197 626 n
222 565 320 629 censis
341 565 506 646 (Lucqncs)
527 559 777 640 Dambergensis,
799 559 939 640 Quinque
963 561 1155 626 Ecclesiensis

181 677 196 714 a
221 653 468 735 (Cim-Epium),
478 657 558 714 etc.»
573 652 616 728 (ln
628 648 722 712 Gallia
731 655 790 709 tres
801 647 886 710 sedes
893 650 1078 730 episcopales
1088 653 1155 730 jure

181 743 265 806 Pallii
280 743 452 824 potiuntur,
464 740 576 802 scilicet
591 737 872 819 augustodunensis
885 743 916 798 et
926 739 1092 802 aniciensis
1104 741 1155 813 (Le

182 831 354 914 Puynama
367 831 458 910 longo
469 847 537 899 usu,
545 832 576 890 et
584 825 788 888 recentissime
798 826 1000 889 Massiliensis.
1013 821 1153 904 naeu..

183 929 255 984 tom.
279 925 308 992 l,
329 939 360 1000 p.
382 923 441 980 320
459 916 498 999 ¹),
522 934 590 978 neo
610 933 667 977 nec
685 933 824 996 semper,
846 933 903 977 nec
912 915 1041 996 ubique,
1057 919 1109 981 sed
1123 921 1154 981 in

182 1033 197 1068 a
222 1007 356 1070 Ecclesia
374 1008 492 1070 tantum
509 1023 570 1068 suae
584 1003 755 1085 respectiva.
769 1003 911 1065 Dioecesis
925 1011 954 1065 et
971 1006 1152 1076 Provinciae.

181 1120 197 1157 a
222 1104 253 1160 et
266 1097 354 1160 certis
368 1097 485 1158 tantum
499 1093 606 1156 diebus
624 1093 667 1155 uti
681 1092 829 1154 debent...
845 1093 917 1174 Cap.
928 1093 980 1155 Ad
990 1094 1059 1160 ton.
1072 1101 1106 1166 4,
1121 1095 1155 1159 de

64 1221 67 1224 -
181 1208 197 1246 n
221 1194 335 1248 auctor.
357 1194 386 1248 et
399 1205 452 1246 usu
468 1183 573 1244 l‘allii.
590 1185 628 1243 Et
645 1181 691 1243 isti
711 1187 838 1262 possunt
855 1182 947 1244 etiam
961 1183 1055 1246 Pallio
1068 1184 1111 1246 uti
1124 1185 1155 1247 in

183 1297 198 1338 n
222 1275 365 1338 Ecclesiis
378 1274 535 1356 exemptis.
552 1272 646 1333 Clem.
661 1269 886 1352 Arctiepiscopo
899 1275 934 1342 2,
949 1271 984 1332 de
1000 1271 1106 1334 Prinil.

226 1367 322 1426 «Dies
331 1372 431 1427 autem
446 1361 595 1444 quibus...
607 1359 699 1420 Pallio
711 1360 752 1420 uli
765 1367 926 1440 possunt...
938 1369 1009 1422 sunt
1018 1363 1156 1426 Nativitas

183 1479 198 1515 n
223 1455 356 1524 Domini,
368 1453 520 1516 Festivilas
530 1453 561 1512 S.
573 1450 699 1512 Joanrtis
708 1455 737 1510 el
746 1449 777 1509 S.
790 1449 933 1530 Stephani
943 1498 950 1518 ,
962 1449 1155 1515 circumcisio

183 1567 198 1604 n
224 1539 551 1624 Domini‚Epiphania‚
561 1537 718 1600 Dominica
728 1535 1009 1610 Palmarumlloena
1019 1541 1153 1615 Domini,

184 1655 198 1692 a
224 1633 523 1702 Sabbatumfflres
536 1625 854 1698 (liesllesurrectionis
872 1629 1015 1692 Ascensio
1024 1630 1153 1703 Domini,

184 1745 198 1780 n
223 1725 296 1784 Tres
310 1720 374 1783 dies
394 1721 603 1794 Pentecostes‚
620 1717 773 1778 Festivitas
786 1717 818 1778 S.
834 1718 960 1779 loannis
975 1719 1113 1800 Baptistae
1127 1727 1158 1782 et

184 1833 200 1870 a
225 1809 369 1872 Omnium
389 1806 601 1890 Apostolorum
618 1855 624 1876 ,
649 1813 779 1886 quatuor
798 1805 981 1870 Festivitates
1004 1808 1039 1870 Β.
1055 1809 1156 1874 Mariae

184 1921 198 1959 n
226 1901 322 1979 virg„
339 1899 370 1960 S.
390 1895 544 1960 Michaelis
566 1901 596 1956 et
616 1895 760 1956 Omnium
780 1896 851 1968 SS,
867 1895 936 1958 Dies
956 1895 1157 1962 Dedicationis

185 2012 199 2048 n
225 1989 439 2058 Ecclesiarum‚
457 1983 695 2046 Consecrationis
709 1984 938 2066 Episcoporum,
955 1987 1158 2051 ordinationis

184 2100 199 2138 a
223 2078 445 2140 clericorum...
470 2073 540 2136 Dies
563 2073 784 2136 anniversarius
805 2075 899 2154 ipsius
912 2075 1046 2150 Palliati,
1066 2083 1156 2158 aupue

184 2191 199 2228 n
224 2167 406 2230 Festivitntes
414 2163 592 2246 principales
600 2181 662 2224 suae
671 2161 1154 2230 EcclesiaeGathedralis...Tamen

184 2279 199 2318 n
225 2253 474 2320 suntaltendcndi
486 2251 589 2314 diesin
599 2253 747 2333 cujusque
756 2252 917 2334 privilegiis
927 2256 1068 2335 expressi.
1081 2258 1152 2339 Gap.

184 2369 200 2408 n
226 2347 302 2423 Onia
316 2364 365 2405 nos
380 2349 411 2417 Ἰ,
426 2342 461 2404 de
474 2350 585 2402 auctor.
601 2349 629 2402 et
643 2361 696 2402 usu
712 2340 814 2402 Pallii.
831 2363 846 2400 n

222 2438 277 2498 His
291 2435 397 2496 diebus
411 2431 493 2494 addit
508 2430 683 2513 Pontificcle
696 2431 885 2493 Dominicam
901 2433 1033 2506 methis,
1045 2433 1156 2497 festum

185 2525 324 2607 Corporis
334 2522 456 2593 Christi,
471 2521 557 2582 Diem
571 2519 809 2582 Consecrationis
822 2520 998 2601 virginum,
1010 2525 1155 2586 huniver-

185 2616 297 2676 sarium
311 2609 513 2674 Dedicationis
525 2609 676 2672 Ecclesiae.
687 2611 768 2670 lnter
780 2609 962 2673 Festivitates
976 2611 1156 2693 principales

185 2695 1154 2782 EcclesiaeCathedralis‚numerandaestdiesinchoationisSynodi

187 2791 367 2852 Dioecesanae
380 2796 410 2851 et
422 2787 625 2849 Prouincialis.
641 2789 677 2847 V.
690 2786 802 2859 Bouix,
818 2787 862 2849 De
870 2788 1024 2870 Episcopo,
1034 2796 1109 2852 tom.
1119 2796 1150 2864 2,

190 2903 222 2956 p.
235 2876 302 2938 365.
316 2877 464 2938 lleeentsi·
480 2877 583 2940 addita
600 2877 676 2941 festa
693 2878 783 2940 lmm.
800 2878 893 2940 Gonu.
914 2887 944 2942 et
962 2880 993 2941 S.
1009 2879 1139 2964 loseph.

224 2966 293 3025 852.
313 2962 537 3047 tlrclriepiscopi
554 2966 647 3026 Pallio
665 2966 707 3027 uti
727 2983 789 3027 non
805 2973 928 3046 possunt
945 2976 1027 3032 extra
1046 2959 1153 3034 missa-

185 3069 254 3114 rum
269 3053 414 3115 solemnia
428 3053 513 3133 (Cap.
530 3051 579 3115 Au
588 3051 688 3115 honor.
704 3072 794 3136 supra
807 3055 888 3117 citat.
904 3063 933 3118 et
945 3057 1011 3119 aliis
1028 3061 1118 3142 capit.
1135 3063 1155 3124 h

216 3181 224 3208 ¹
242 3175 305 3226 Sunt
317 3177 390 3228 etiam
404 3174 515 3242 Episcopi
524 3175 613 3242 quibus
626 3175 787 3242 personaliter
798 3179 1082 3250 concedituraliquando
1091 3198 1155 3236 usus

187 3247 268 3309 Pallii,
283 3255 355 3314 prout
365 3248 414 3298 ltu.
430 3247 477 3298 DD.
490 3247 636 3313 Chptrousse
645 3247 808 3300 valentinensi
818 3251 936 3318 Episcopo
946 3252 991 3304 luit
1005 3269 1153 3307 concessum

186 3335 198 3370 ι
218 3321 260 3370 Pio
273 3321 310 3372 lll.
324 3321 375 3371 lloc
392 3319 544 3384 privilegium
556 3333 569 3367 a
581 3319 750 3384 jurisdictione
767 3321 946 3388 Metropolitum
959 3341 1007 3375 non
1020 3327 1151 3379 subtrahit.

186 3389 244 3442 Vide
256 3391 346 3442 Bened.
359 3391 416 3448 xlv,
429 3392 464 3442 De
476 3391 535 3454 Spn.
547 3427 553 3449 ,
566 3388 608 3439 lib.
620 3389 644 3451 ἒ,
661 3405 714 3455 cap.
727 3391 750 3451 6,
766 3391 790 3441 in
808 3393 864 3443 line.
878 3393 904 3443 ln
917 3393 963 3445 hoc
975 3411 1033 3447 casu
1047 3411 1152 3450 succes-

185 3477 267 3522 sores,
289 3469 316 3513 ut
333 3467 411 3528 petet,
429 3462 470 3527 jus
486 3460 517 3510 ad
535 3459 639 3508 Pallium
662 3475 708 3509 non
723 3460 822 3512 habent.
837 3465 905 3515 Errat
917 3473 998 3516 autem
1017 3468 1044 3518 D.
1058 3470 1140 3520 Andre

186 3547 212 3582 ro
224 3535 345 3596 Pettium,
362 3531 494 3584 asserendo
509 3529 578 3600 Pallii
593 3531 633 3595 jus
646 3531 760 3582 Ecclesiae
771 3534 935 3588 Valentinensi
952 3537 1028 3590 luisse
1043 3555 1149 3594 conces-

129 3607 130 3610 ’
186 3619 250 3656 sum.
