2506 3984
439 249 525 296 nress
545 251 663 300 enisus.
961 242 1021 306 ost

94 339 186 401 tans.
209 328 253 402 Ex
267 340 298 402 S.
321 341 469 423 congreg.
486 345 610 410 Concilii
625 347 782 430 eligendos
795 356 842 414 est
854 369 927 435 ergo
940 355 1030 418 Vica-

49 425 118 488 rius
138 427 316 508 capitularis
337 428 375 491 de
398 433 514 512 gremio
534 435 678 516 Capituli.
702 438 726 500 si
750 439 780 500 in
804 457 842 502 eo
865 443 1030 523 reperiatur
1075 498 1079 504 .

49 515 183 578 idoneus
197 515 228 577 in
242 535 333 581 sensu
343 517 473 601 praelatae
482 522 707 588 Declarationis.
726 529 818 590 Secus
831 535 933 592 tamen
942 533 1031 594 sentit

50 603 177 666 Cardin.
189 605 232 668 De
246 607 336 686 Luca,
352 624 401 689 ap.
418 609 512 672 Bouix
524 611 590 691 (ih,
602 633 632 694 p.
643 618 723 693 573).
738 619 849 680 Auctor
863 620 934 680 vero
947 619 1032 682 Pro·

52 690 123 754 leet.
139 693 234 756 sancti
248 694 351 778 Sulp,
370 705 404 758 n⁰
420 701 496 773 l8l,
513 707 638 762 annotat
651 703 732 784 quod
746 705 885 786 quaedam
899 707 1032 772 Concilio

52 781 139 862 apud
161 799 216 844 nos
234 782 376 864 implicite
394 783 609 851 declaraverint
626 809 714 872 posse
735 793 805 874 eligi
829 795 860 856 in
885 795 1029 874 Vicarios,

54 871 148 931 etiarn
162 872 281 952 eosqui
297 891 359 935 non
373 883 445 936 sunt
461 875 499 938 de
513 879 661 960 Capitulo,
676 880 750 942 dum
764 881 870 945 dicunt
883 883 1032 965 eligibiles

54 977 115 1019 esse
137 958 265 1022 Vicarios
279 962 421 1048 Episcopi
434 963 576 1047 defuncti.
593 969 668 1031 Vide
681 970 772 1032 etiam
787 973 906 1052 Deroti,
923 972 975 1036 lib.
992 978 1029 1054 1,

57 1047 102 1108 tit.
117 1051 147 1124 3,
163 1057 234 1111 sect.
250 1055 284 1123 ’1,
300 1051 381 1129 §lh

439 1259 594 1317 PUll'Clllhl
609 1261 655 1320 IX.

106 1419 148 1466 stt
168 1418 318 1465 sandonus
338 1419 435 1466 rosstr
456 1419 534 1466 Error
555 1421 587 1466 lll
606 1419 752 1467 vtclmort
773 1421 991 1472 carmonensis.

100 1587 189 1647 1236.
201 1583 255 1646 Vel
269 1589 368 1666 agitur
381 1583 420 1646 de
429 1583 562 1666 parocho
573 1583 747 1663 parochiam
760 1585 889 1647 habente
901 1593 982 1648 extra
992 1587 1033 1648 ci·

60 1673 180 1736 vitatem
193 1721 201 1750 ,
216 1673 263 1736 vel
285 1672 324 1735 de
341 1674 473 1755 parocho
493 1674 649 1756 ipsiusmet
667 1673 815 1736 civitatis:
831 1673 931 1755 quoad
951 1676 1032 1757 prio·

61 1781 137 1839 rem,
153 1765 214 1823 itt).
229 1764 431 1824 communiter
449 1763 583 1825 sentiunt
595 1770 700 1824 contra
713 1780 838 1844 paucos,
855 1762 939 1825 illum
954 1766 1033 1827 certe

62 1870 124 1913 non
138 1869 225 1932 posse
243 1851 312 1932 eligi
329 1852 360 1913 in
379 1851 532 1914 vicarium
550 1851 772 1934 Capitularem,
794 1851 865 1934 quia
885 1854 1035 1934 parochus

62 1946 181 2002 tenetur
198 1940 235 2003 ad
258 1939 470 2018 residentiam,
492 1941 524 2002 in
546 1945 605 2022 qua
618 1988 626 2018 ,
639 1941 723 2020 juxta
745 1942 777 2004 S.
795 1943 906 2023 Gongr.
927 1943 1033 2021 Cone,

62 2029 231 2110 Capitulum
254 2029 361 2110 nequit
385 2029 583 2110 dispensare,
605 2031 676 2091 clim
699 2047 756 2091 nec
778 2027 842 2111 ipse
869 2031 1035 2113 Episcopus

64 2119 157 2198 possit
170 2139 185 2176 <i
195 2118 238 2180 uti
249 2121 341 2197 opert
358 2116 498 2197 parochi,
514 2116 544 2177 in
559 2117 725 2179 visitatione
738 2117 784 2178 rel
798 2117 830 2179 in
844 2118 902 2180 alio
917 2121 1036 2184 servitio

63 2231 78 2266 n
104 2225 166 2268 suae
182 2205 338 2281 dimoesis,
355 2205 410 2266 nisi
425 2224 481 2286 pro
493 2211 629 2286 tempore
643 2207 790 2287 permisso
803 2205 934 2269 duorum
948 2227 1035 2270 men-

64 2317 80 2355 n
104 2295 202 2370 sium,
219 2300 250 2355 et
267 2301 341 2356 tunc
358 2312 414 2374 pro
433 2313 471 2356 eo
492 2301 627 2375 temporo
650 2294 778 2356 idoneus
793 2295 928 2358 Vicarios
948 2295 1037 2360 debet

65 2407 80 2445 r
104 2384 252 2465 deputari.
268 2405 284 2442 a
298 2381 454 2463 Pignatelli
469 2381 580 2444 relatus
594 2385 610 2444 a
625 2385 662 2444 D.
678 2383 785 2458 Bouix,
797 2403 828 2466 p.
845 2387 905 2446 580
919 2389 941 2445 ¹.

105 2473 209 2546 Quoad
223 2471 407 2542 secundum,
424 2471 454 2533 S.
471 2471 564 2552 Cong.
582 2471 721 2555 Episcop.
738 2479 768 2535 et
780 2473 888 2554 Regul.
905 2473 1037 2536 interro-

67 2570 148 2644 gata,
161 2581 211 2636 an,
223 2560 300 2622 Sede
310 2559 479 2642 Episcopali
493 2567 629 2638 vacante,
641 2561 783 2624 Canonici
796 2561 907 2642 eligere
921 2561 1036 2625 valeant

68 2654 98 2714 in
116 2652 268 2714 Vicarium
291 2648 491 2730 Capitularem
510 2650 695 2712 canonicum
714 2653 766 2732 qui
788 2649 819 2711 in
838 2650 944 2712 eadem
964 2651 1035 2714 civi-

68 2749 125 2802 tate
147 2747 177 2802 et
203 2737 327 2801 ecclesii
360 2754 465 2799 curam
493 2756 616 2819 quoque
645 2739 721 2819 gerit
746 2739 943 2817 animarum,
972 2743 1036 2828 ipsa

68 2827 220 2911 respondit
232 2825 434 2910 affimatiod;
447 2829 478 2887 et
492 2826 657 2907 generatim
679 2828 761 2908 quod
779 2828 928 2910 parochus
940 2831 1036 2895 Urba-

70 2938 142 2994 nus,
156 2925 218 2979 tam
231 2914 370 2998 Episcopi
385 2916 478 2996 qulam
493 2915 618 2994 Capituli
633 2915 767 2978 Vicarios
781 2917 915 2999 deputari
931 2921 1035 3001 possit,

70 3009 93 3071 si
109 3007 213 3069 haheat
224 3003 366 3086 requisita
378 3004 421 3081 (in
435 3003 577 3065 duriensi
586 3050 593 3080 ,
606 3007 644 3066 19
658 3013 745 3068 mart.
762 3011 793 3068 et
807 3012 843 3070 19
855 3008 921 3088 julii
937 3013 1034 3088 1810).

109 3099 151 3158 lle
168 3102 275 3158 caetero
296 3099 400 3154 tamen
420 3092 585 3172 generatim
607 3110 714 3173 parum
743 3097 945 3176 compatibilia
967 3107 1037 3160 sont

71 3186 163 3248 officia
178 3181 298 3266 parochi
314 3187 344 3243 et
359 3180 468 3242 vicarii
482 3180 674 3262 capitularis,
690 3182 772 3244 unde
785 3185 961 3266 regulariter
975 3205 1035 3248 non

72 3283 114 3338 est
127 3272 260 3336 iacienda
269 3268 392 3352 parochi
405 3269 511 3332 electio
526 3270 581 3332 nisi
598 3273 758 3334 necessitas
771 3271 809 3335 ad
824 3272 855 3335 id
868 3283 965 3356 cogat.

103 3448 143 3497 ‘A
161 3444 255 3496 fortiori
272 3458 322 3495 non
336 3448 418 3510 potest
434 3439 568 3508 Episcopus
584 3447 658 3492 notas
673 3443 787 3494 diocesis
804 3445 861 3511 eligi
879 3446 905 3497 in
917 3447 1036 3500 vicanum

73 3517 229 3584 Capitularem
242 3515 342 3566 alterius
355 3513 477 3572 dioecesis,
492 3513 594 3579 proinde
604 3515 676 3564 etiam
689 3514 714 3564 in
723 3515 882 3567 hocinralida
893 3518 938 3568 luit
949 3520 1036 3571 electio

74 3589 203 3654 lCapitulo
212 3585 342 3636 Parisiensi
357 3585 419 3636 lacta
427 3585 524 3638 Cardia.
534 3585 669 3650 hlauryjam
679 3585 792 3652 Episcopi
800 3587 1036 3640 Montislalisoi.llids

75 3660 159 3716 lotrix,
174 3659 208 3708 Da
220 3657 346 3722 Episcopo,
361 3661 419 3706 tom.
435 3656 494 3710 hu.
506 3653 625 3706 astato.
