<?xml version="1.0" encoding="UTF-8"?>
<!DOCTYPE html PUBLIC "-//W3C//DTD XHTML 1.0 Transitional//EN"
    "http://www.w3.org/TR/xhtml1/DTD/xhtml1-transitional.dtd">
<html xmlns="http://www.w3.org/1999/xhtml" xml:lang="en" lang="en">
 <head>
  <title>
</title>
<meta http-equiv="Content-Type" content="text/html;charset=utf-8" />
  <meta name='ocr-system' content='tesseract 3.04.00' />
  <meta name='ocr-capabilities' content='ocr_page ocr_carea ocr_par ocr_line ocrx_word'/>
</head>
<body>
  <div class='ocr_page' id='page_1' title='image "./manualetotiusju03craigoog_0505.png"; bbox 0 0 2546 3992; ppageno 0'>
   <div class='ocr_carea' id='block_1_1' title="bbox 177 258 930 325">
    <p class='ocr_par' dir='ltr' id='par_1_1' title="bbox 177 258 930 325">
     <span class='ocr_line' id='line_1_1' title="bbox 177 258 930 325; baseline 0.007 -5"><span class='ocrx_word' id='word_1_1' title='bbox 177 258 234 320; x_wconf 78' lang='lat' dir='ltr'><strong>itt</strong></span> <span class='ocrx_word' id='word_1_2' title='bbox 399 275 540 324; x_wconf 73' lang='lat' dir='ltr'><strong>usuratu</strong></span> <span class='ocrx_word' id='word_1_3' title='bbox 559 275 660 324; x_wconf 83' lang='lat' dir='ltr'><strong>aorrus</strong></span> <span class='ocrx_word' id='word_1_4' title='bbox 680 276 762 324; x_wconf 78' lang='lat' dir='ltr'><strong>runis</strong></span> <span class='ocrx_word' id='word_1_5' title='bbox 782 275 930 325; x_wconf 80' lang='lat' dir='ltr'><strong>canonici.</strong></span> 
     </span>
    </p>
   </div>
   <div class='ocr_carea' id='block_1_2' title="bbox 177 373 1268 544">
    <p class='ocr_par' dir='ltr' id='par_1_2' title="bbox 177 341 1268 544">
     <span class='ocr_line' id='line_1_2' title="bbox 177 373 1146 544; baseline 0.005 -110"><span class='ocrx_word' id='word_1_6' title='bbox 177 374 459 544; x_wconf 40' lang='lat' dir='ltr'><strong>§mismfflgsem</strong></span> <span class='ocrx_word' id='word_1_7' title='bbox 480 374 648 438; x_wconf 87' lang='lat' dir='ltr'><strong>coelestium</strong></span> <span class='ocrx_word' id='word_1_8' title='bbox 668 373 821 438; x_wconf 91' lang='lat' dir='ltr'><strong>donorum</strong></span> <span class='ocrx_word' id='word_1_9' title='bbox 835 376 868 453; x_wconf 88' lang='lat' dir='ltr'><strong>(t.</strong></span> <span class='ocrx_word' id='word_1_10' title='bbox 884 378 962 457; x_wconf 76' lang='lat' dir='ltr'><strong>t‚p.</strong></span> <span class='ocrx_word' id='word_1_11' title='bbox 979 379 1057 453; x_wconf 74' lang='grc'><strong>746,</strong></span> <span class='ocrx_word' id='word_1_12' title='bbox 1075 375 1146 440; x_wconf 87' lang='lat' dir='ltr'><strong>edit.</strong></span> 
     </span>
     <span class='ocr_line' id='line_1_3' title="bbox 200 481 1268 541; baseline 0.011 -16"><span class='ocrx_word' id='word_1_13' title='bbox 200 481 291 541; x_wconf 75' lang='lat' dir='ltr'><strong>aris,</strong></span> <span class='ocrx_word' id='word_1_14' title='bbox 401 511 408 525; x_wconf 91' lang='lat'><strong>.</strong></span> <span class='ocrx_word' id='word_1_15' title='bbox 1267 481 1268 494; x_wconf 61' lang='lat'>¹</span> 
     </span>
    </p>
   </div>
   <div class='ocr_carea' id='block_1_3' title="bbox 217 539 1268 635">
    <p class='ocr_par' dir='ltr' id='par_1_3' title="bbox 217 539 1268 635">
     <span class='ocr_line' id='line_1_4' title="bbox 217 539 1268 635; baseline 0.004 -22"><span class='ocrx_word' id='word_1_16' title='bbox 217 551 248 613; x_wconf 89' lang='lat'><strong>3⁰</strong></span> <span class='ocrx_word' id='word_1_17' title='bbox 264 554 295 614; x_wconf 85' lang='lat' dir='ltr'><strong>S.</strong></span> <span class='ocrx_word' id='word_1_18' title='bbox 316 553 481 616; x_wconf 86' lang='lat' dir='ltr'><strong>lnnooontii</strong></span> <span class='ocrx_word' id='word_1_19' title='bbox 502 555 515 615; x_wconf 94' lang='lat' dir='ltr'><strong>l</strong></span> <span class='ocrx_word' id='word_1_20' title='bbox 537 573 543 613; x_wconf 93' lang='lat'><strong>:</strong></span> <span class='ocrx_word' id='word_1_21' title='bbox 564 574 579 611; x_wconf 84' lang='lat' dir='ltr'><strong>a</strong></span> <span class='ocrx_word' id='word_1_22' title='bbox 597 553 731 616; x_wconf 87' lang='lat' dir='ltr'><strong>Solentes</strong></span> <span class='ocrx_word' id='word_1_23' title='bbox 746 553 820 634; x_wconf 87' lang='lat' dir='ltr'><strong>quid</strong></span> <span class='ocrx_word' id='word_1_24' title='bbox 842 553 1021 635; x_wconf 81' lang='lat' dir='ltr'><strong>Apostolicae</strong></span> <span class='ocrx_word' id='word_1_25' title='bbox 1042 555 1149 619; x_wconf 86' lang='lat' dir='ltr'><strong>Sedi...</strong></span> <span class='ocrx_word' id='word_1_26' title='bbox 1267 539 1268 550; x_wconf 10' lang='grc' dir='ltr'>ἵ</span> 
     </span>
    </p>
   </div>
   <div class='ocr_carea' id='block_1_4' title="bbox 147 641 1156 2592">
    <p class='ocr_par' dir='ltr' id='par_1_4' title="bbox 176 641 1153 813">
     <span class='ocr_line' id='line_1_5' title="bbox 176 641 1153 725; baseline 0.003 -25"><span class='ocrx_word' id='word_1_27' title='bbox 176 661 192 700; x_wconf 88' lang='lat' dir='ltr'><strong>n</strong></span> <span class='ocrx_word' id='word_1_28' title='bbox 214 641 451 725; x_wconf 82' lang='lat' dir='ltr'><strong>debeaturdquo</strong></span> <span class='ocrx_word' id='word_1_29' title='bbox 466 661 528 725; x_wconf 84' lang='lat' dir='ltr'><strong>ipse</strong></span> <span class='ocrx_word' id='word_1_30' title='bbox 539 642 734 724; x_wconf 78' lang='lat' dir='ltr'><strong>Episcopatus</strong></span> <span class='ocrx_word' id='word_1_31' title='bbox 744 648 773 704; x_wconf 88' lang='lat' dir='ltr'><strong>et</strong></span> <span class='ocrx_word' id='word_1_32' title='bbox 784 649 844 703; x_wconf 86' lang='lat' dir='ltr'><strong>totu</strong></span> <span class='ocrx_word' id='word_1_33' title='bbox 853 643 1014 704; x_wconf 83' lang='lat' dir='ltr'><strong>auctoritas</strong></span> <span class='ocrx_word' id='word_1_34' title='bbox 1025 644 1153 705; x_wconf 83' lang='lat' dir='ltr'><strong>nominis</strong></span> 
     </span>
     <span class='ocr_line' id='line_1_6' title="bbox 177 731 930 813; baseline 0.004 -24"><span class='ocrx_word' id='word_1_35' title='bbox 177 753 192 789; x_wconf 84' lang='lat' dir='ltr'><strong>a</strong></span> <span class='ocrx_word' id='word_1_36' title='bbox 215 731 303 811; x_wconf 80' lang='lat' dir='ltr'><strong>liujus</strong></span> <span class='ocrx_word' id='word_1_37' title='bbox 316 733 443 794; x_wconf 80' lang='lat' dir='ltr'><em>emersit.</em></span> <span class='ocrx_word' id='word_1_38' title='bbox 461 755 475 792; x_wconf 82' lang='lat' dir='ltr'><strong>a</strong></span> <span class='ocrx_word' id='word_1_39' title='bbox 495 732 602 813; x_wconf 84' lang='lat' dir='ltr'><strong>(Epist.</strong></span> <span class='ocrx_word' id='word_1_40' title='bbox 619 731 656 792; x_wconf 90' lang='lat' dir='ltr'><strong>ad</strong></span> <span class='ocrx_word' id='word_1_41' title='bbox 670 733 761 794; x_wconf 84' lang='lat' dir='ltr'><strong>Cone.</strong></span> <span class='ocrx_word' id='word_1_42' title='bbox 778 731 930 811; x_wconf 80' lang='lat' dir='ltr'><strong>Carthag.)</strong></span> 
     </span>
    </p>

    <p class='ocr_par' dir='ltr' id='par_1_5' title="bbox 177 819 1155 1150">
     <span class='ocr_line' id='line_1_7' title="bbox 216 819 1151 902; baseline 0.001 -21"><span class='ocrx_word' id='word_1_43' title='bbox 216 825 249 881; x_wconf 72' lang='lat'><strong>4⁰</strong></span> <span class='ocrx_word' id='word_1_44' title='bbox 262 822 292 882; x_wconf 91' lang='lat' dir='ltr'><strong>S.</strong></span> <span class='ocrx_word' id='word_1_45' title='bbox 310 821 439 883; x_wconf 83' lang='lat' dir='ltr'>Thomas</span> <span class='ocrx_word' id='word_1_46' title='bbox 453 819 576 900; x_wconf 81' lang='lat' dir='ltr'><strong>(Contra</strong></span> <span class='ocrx_word' id='word_1_47' title='bbox 589 828 704 901; x_wconf 71' lang='lat' dir='ltr'><strong>pentes,</strong></span> <span class='ocrx_word' id='word_1_48' title='bbox 722 819 774 882; x_wconf 89' lang='lat' dir='ltr'><strong>lib.</strong></span> <span class='ocrx_word' id='word_1_49' title='bbox 790 825 825 896; x_wconf 82' lang='lat' dir='ltr'><strong>i,</strong></span> <span class='ocrx_word' id='word_1_50' title='bbox 848 839 876 882; x_wconf 88' lang='lat' dir='ltr'><strong>c.</strong></span> <span class='ocrx_word' id='word_1_51' title='bbox 892 821 946 902; x_wconf 75' lang='lat' dir='ltr'><strong>l):</strong></span> <span class='ocrx_word' id='word_1_52' title='bbox 966 823 1083 884; x_wconf 81' lang='lat' dir='ltr'><strong>«Petro</strong></span> <span class='ocrx_word' id='word_1_53' title='bbox 1096 821 1151 882; x_wconf 86' lang='lat' dir='ltr'><strong>soli</strong></span> 
     </span>
     <span class='ocr_line' id='line_1_8' title="bbox 177 908 1155 990; baseline 0.003 -22"><span class='ocrx_word' id='word_1_54' title='bbox 177 933 192 968; x_wconf 82' lang='lat' dir='ltr'><strong>a</strong></span> <span class='ocrx_word' id='word_1_55' title='bbox 218 909 379 988; x_wconf 76' lang='lat' dir='ltr'>promisit:</span> <span class='ocrx_word' id='word_1_56' title='bbox 399 909 425 970; x_wconf 83' lang='grc' dir='ltr'><em>Τ</em></span> <span class='ocrx_word' id='word_1_57' title='bbox 423 909 466 970; x_wconf 75' lang='lat' dir='ltr'><strong>itt</strong></span> <span class='ocrx_word' id='word_1_58' title='bbox 479 909 551 970; x_wconf 80' lang='lat' dir='ltr'><strong>(tado</strong></span> <span class='ocrx_word' id='word_1_59' title='bbox 572 909 665 970; x_wconf 84' lang='lat' dir='ltr'><strong>claues</strong></span> <span class='ocrx_word' id='word_1_60' title='bbox 679 909 764 990; x_wconf 76' lang='lat' dir='ltr'><strong>nopai</strong></span> <span class='ocrx_word' id='word_1_61' title='bbox 782 908 939 985; x_wconf 76' lang='lat' dir='ltr'><strong>caelorum,</strong></span> <span class='ocrx_word' id='word_1_62' title='bbox 963 917 996 972; x_wconf 90' lang='lat' dir='ltr'><strong>ut</strong></span> <span class='ocrx_word' id='word_1_63' title='bbox 1017 910 1155 973; x_wconf 69' lang='lat' dir='ltr'><strong>ostenda</strong></span> 
     </span>
     <span class='ocr_line' id='line_1_9' title="bbox 178 997 1153 1080; baseline 0.003 -23"><span class='ocrx_word' id='word_1_64' title='bbox 178 1021 192 1057; x_wconf 83' lang='lat' dir='ltr'><strong>u</strong></span> <span class='ocrx_word' id='word_1_65' title='bbox 218 1006 299 1060; x_wconf 90' lang='lat' dir='ltr'><strong>retur</strong></span> <span class='ocrx_word' id='word_1_66' title='bbox 320 1005 449 1080; x_wconf 88' lang='lat' dir='ltr'><strong>potestas</strong></span> <span class='ocrx_word' id='word_1_67' title='bbox 468 997 595 1059; x_wconf 84' lang='lat' dir='ltr'><strong>clavium</strong></span> <span class='ocrx_word' id='word_1_68' title='bbox 616 1017 671 1078; x_wconf 85' lang='lat' dir='ltr'><strong>per</strong></span> <span class='ocrx_word' id='word_1_69' title='bbox 691 1017 755 1060; x_wconf 78' lang='lat' dir='ltr'><strong>euna</strong></span> <span class='ocrx_word' id='word_1_70' title='bbox 777 997 817 1060; x_wconf 86' lang='lat' dir='ltr'><strong>ad</strong></span> <span class='ocrx_word' id='word_1_71' title='bbox 828 997 902 1059; x_wconf 84' lang='lat' dir='ltr'><strong>alios</strong></span> <span class='ocrx_word' id='word_1_72' title='bbox 915 997 1091 1074; x_wconf 79' lang='lat' dir='ltr'><strong>derivanda,</strong></span> <span class='ocrx_word' id='word_1_73' title='bbox 1115 997 1153 1060; x_wconf 82' lang='lat' dir='ltr'><strong>ad</strong></span> 
     </span>
     <span class='ocr_line' id='line_1_10' title="bbox 178 1086 813 1150; baseline 0.002 -5"><span class='ocrx_word' id='word_1_74' title='bbox 178 1110 193 1145; x_wconf 80' lang='lat' dir='ltr'><strong>a</strong></span> <span class='ocrx_word' id='word_1_75' title='bbox 217 1087 453 1150; x_wconf 84' lang='lat' dir='ltr'><strong>conservandam</strong></span> <span class='ocrx_word' id='word_1_76' title='bbox 471 1087 611 1148; x_wconf 83' lang='lat' dir='ltr'><strong>Ecclesiae</strong></span> <span class='ocrx_word' id='word_1_77' title='bbox 625 1086 813 1148; x_wconf 77' lang='lat' dir='ltr'><strong>unitatem.»</strong></span> 
     </span>
    </p>

    <p class='ocr_par' dir='ltr' id='par_1_6' title="bbox 147 1175 1156 2324">
     <span class='ocr_line' id='line_1_11' title="bbox 217 1175 1156 1258; baseline 0.003 -21"><span class='ocrx_word' id='word_1_78' title='bbox 217 1177 266 1238; x_wconf 86' lang='lat' dir='ltr'><strong>lli.</strong></span> <span class='ocrx_word' id='word_1_79' title='bbox 278 1178 322 1238; x_wconf 83' lang='lat' dir='ltr'><strong>Ex</strong></span> <span class='ocrx_word' id='word_1_80' title='bbox 331 1177 420 1238; x_wconf 87' lang='lat' dir='ltr'><strong>variis</strong></span> <span class='ocrx_word' id='word_1_81' title='bbox 433 1175 619 1258; x_wconf 71' lang='lat' dir='ltr'>argumentis</span> <span class='ocrx_word' id='word_1_82' title='bbox 632 1175 828 1258; x_wconf 79' lang='lat' dir='ltr'><strong>theologicis:</strong></span> <span class='ocrx_word' id='word_1_83' title='bbox 843 1181 873 1240; x_wconf 85' lang='lat' dir='ltr'><strong>l⁰</strong></span> <span class='ocrx_word' id='word_1_84' title='bbox 888 1177 968 1251; x_wconf 67' lang='lat' dir='ltr'><strong>«Oui</strong></span> <span class='ocrx_word' id='word_1_85' title='bbox 982 1183 1085 1240; x_wconf 87' lang='lat' dir='ltr'><strong>tenent</strong></span> <span class='ocrx_word' id='word_1_86' title='bbox 1099 1179 1156 1240; x_wconf 90' lang='lat' dir='ltr'><strong>im·</strong></span> 
     </span>
     <span class='ocr_line' id='line_1_12' title="bbox 178 1264 1156 1348; baseline 0.004 -24"><span class='ocrx_word' id='word_1_87' title='bbox 178 1289 193 1324; x_wconf 84' lang='lat' dir='ltr'><strong>u</strong></span> <span class='ocrx_word' id='word_1_88' title='bbox 219 1265 348 1328; x_wconf 76' lang='lat' dir='ltr'><strong>mediate</strong></span> <span class='ocrx_word' id='word_1_89' title='bbox 362 1268 379 1327; x_wconf 79' lang='lat' dir='ltr'><strong>t</strong></span> <span class='ocrx_word' id='word_1_90' title='bbox 394 1265 509 1328; x_wconf 86' lang='lat' dir='ltr'><strong>Christo</strong></span> <span class='ocrx_word' id='word_1_91' title='bbox 519 1264 650 1328; x_wconf 88' lang='lat' dir='ltr'><strong>oonlerri</strong></span> <span class='ocrx_word' id='word_1_92' title='bbox 666 1266 823 1348; x_wconf 85' lang='lat' dir='ltr'><strong>Episcopis</strong></span> <span class='ocrx_word' id='word_1_93' title='bbox 836 1267 1092 1347; x_wconf 74' lang='lat' dir='ltr'><strong>iurisdietionem,</strong></span> <span class='ocrx_word' id='word_1_94' title='bbox 1103 1266 1156 1328; x_wconf 76' lang='lat' dir='ltr'><strong>de</strong></span> 
     </span>
     <span class='ocr_line' id='line_1_13' title="bbox 179 1353 1153 1432; baseline 0.004 -20"><span class='ocrx_word' id='word_1_95' title='bbox 179 1377 193 1412; x_wconf 81' lang='lat' dir='ltr'><strong>u</strong></span> <span class='ocrx_word' id='word_1_96' title='bbox 219 1355 290 1416; x_wconf 85' lang='lat' dir='ltr'><strong>bont</strong></span> <span class='ocrx_word' id='word_1_97' title='bbox 303 1355 430 1418; x_wconf 89' lang='lat' dir='ltr'><strong>alterum</strong></span> <span class='ocrx_word' id='word_1_98' title='bbox 441 1374 476 1416; x_wconf 84' lang='lat' dir='ltr'><strong>ex</strong></span> <span class='ocrx_word' id='word_1_99' title='bbox 487 1353 662 1416; x_wconf 89' lang='lat' dir='ltr'><strong>hisduobas</strong></span> <span class='ocrx_word' id='word_1_100' title='bbox 672 1353 845 1432; x_wconf 87' lang='lat' dir='ltr'><strong>admittere,</strong></span> <span class='ocrx_word' id='word_1_101' title='bbox 857 1355 1153 1419; x_wconf 85' lang='lat' dir='ltr'><strong>videlicet:oonlerri</strong></span> 
     </span>
     <span class='ocr_line' id='line_1_14' title="bbox 180 1441 1154 1526; baseline 0.007 -27"><span class='ocrx_word' id='word_1_102' title='bbox 180 1467 193 1499; x_wconf 80' lang='lat' dir='ltr'><strong>a</strong></span> <span class='ocrx_word' id='word_1_103' title='bbox 219 1443 296 1506; x_wconf 90' lang='lat' dir='ltr'><strong>hanc</strong></span> <span class='ocrx_word' id='word_1_104' title='bbox 308 1444 558 1522; x_wconf 69' lang='lat' dir='ltr'><strong>jurisdictionem,</strong></span> <span class='ocrx_word' id='word_1_105' title='bbox 569 1442 616 1503; x_wconf 83' lang='lat' dir='ltr'><strong>uel</strong></span> <span class='ocrx_word' id='word_1_106' title='bbox 627 1441 785 1504; x_wconf 85' lang='lat' dir='ltr'><strong>iniustanli</strong></span> <span class='ocrx_word' id='word_1_107' title='bbox 801 1445 985 1526; x_wconf 85' lang='lat' dir='ltr'><strong>Episcopalis</strong></span> <span class='ocrx_word' id='word_1_108' title='bbox 995 1462 1154 1506; x_wconf 84' lang='lat' dir='ltr'><strong>consecra-</strong></span> 
     </span>
     <span class='ocr_line' id='line_1_15' title="bbox 180 1531 1154 1614; baseline 0.004 -24"><span class='ocrx_word' id='word_1_109' title='bbox 180 1555 194 1590; x_wconf 78' lang='lat'>»</span> <span class='ocrx_word' id='word_1_110' title='bbox 218 1533 324 1610; x_wconf 89' lang='lat' dir='ltr'><strong>tionis,</strong></span> <span class='ocrx_word' id='word_1_111' title='bbox 339 1534 385 1594; x_wconf 82' lang='lat' dir='ltr'><strong>rel</strong></span> <span class='ocrx_word' id='word_1_112' title='bbox 401 1533 432 1594; x_wconf 94' lang='lat' dir='ltr'><strong>in</strong></span> <span class='ocrx_word' id='word_1_113' title='bbox 453 1531 573 1594; x_wconf 86' lang='lat' dir='ltr'><strong>instanti</strong></span> <span class='ocrx_word' id='word_1_114' title='bbox 593 1531 850 1611; x_wconf 86' lang='lat' dir='ltr'><strong>praeeonimtionis</strong></span> <span class='ocrx_word' id='word_1_115' title='bbox 873 1551 926 1596; x_wconf 86' lang='lat' dir='ltr'><strong>seu</strong></span> <span class='ocrx_word' id='word_1_116' title='bbox 944 1533 1154 1614; x_wconf 78' lang='lat' dir='ltr'><strong>assignationis</strong></span> 
     </span>
     <span class='ocr_line' id='line_1_16' title="bbox 180 1621 402 1684; baseline 0.009 -5"><span class='ocrx_word' id='word_1_117' title='bbox 180 1641 194 1679; x_wconf 83' lang='lat' dir='ltr'><strong>n</strong></span> <span class='ocrx_word' id='word_1_118' title='bbox 219 1621 370 1684; x_wconf 87' lang='lat' dir='ltr'><strong>territorii.</strong></span> <span class='ocrx_word' id='word_1_119' title='bbox 387 1643 402 1681; x_wconf 83' lang='lat' dir='ltr'><strong>u</strong></span> 
     </span>
     <span class='ocr_line' id='line_1_17' title="bbox 147 1707 1153 1792; baseline 0.004 -22"><span class='ocrx_word' id='word_1_120' title='bbox 147 1717 151 1724; x_wconf 84' lang='grc'><strong>’</strong></span> <span class='ocrx_word' id='word_1_121' title='bbox 221 1709 353 1771; x_wconf 84' lang='lat' dir='ltr'><strong>Primum</strong></span> <span class='ocrx_word' id='word_1_122' title='bbox 367 1710 426 1772; x_wconf 87' lang='lat' dir='ltr'><strong>dici</strong></span> <span class='ocrx_word' id='word_1_123' title='bbox 448 1711 553 1791; x_wconf 89' lang='lat' dir='ltr'><strong>nequit</strong></span> <span class='ocrx_word' id='word_1_124' title='bbox 570 1731 576 1770; x_wconf 95' lang='lat'><strong>:</strong></span> <span class='ocrx_word' id='word_1_125' title='bbox 593 1729 665 1772; x_wconf 86' lang='lat' dir='ltr'><strong>narn</strong></span> <span class='ocrx_word' id='word_1_126' title='bbox 683 1710 722 1772; x_wconf 90' lang='lat' dir='ltr'><strong>de</strong></span> <span class='ocrx_word' id='word_1_127' title='bbox 736 1713 867 1774; x_wconf 71' lang='lat' dir='ltr'><strong>essentiis</strong></span> <span class='ocrx_word' id='word_1_128' title='bbox 878 1707 1096 1792; x_wconf 88' lang='lat' dir='ltr'><strong>jurisdictionis</strong></span> <span class='ocrx_word' id='word_1_129' title='bbox 1109 1719 1153 1774; x_wconf 87' lang='lat' dir='ltr'><strong>est</strong></span> 
     </span>
     <span class='ocr_line' id='line_1_18' title="bbox 180 1797 1154 1880; baseline 0.001 -20"><span class='ocrx_word' id='word_1_130' title='bbox 180 1799 265 1860; x_wconf 83' lang='lat' dir='ltr'><strong>alsit</strong></span> <span class='ocrx_word' id='word_1_131' title='bbox 283 1799 314 1858; x_wconf 92' lang='lat' dir='ltr'><strong>in</strong></span> <span class='ocrx_word' id='word_1_132' title='bbox 338 1799 452 1880; x_wconf 83' lang='lat' dir='ltr'><strong>aliquos</strong></span> <span class='ocrx_word' id='word_1_133' title='bbox 472 1797 599 1860; x_wconf 81' lang='lat' dir='ltr'><strong>sabditos</strong></span> <span class='ocrx_word' id='word_1_134' title='bbox 620 1801 787 1880; x_wconf 88' lang='lat' dir='ltr'><strong>etquidem</strong></span> <span class='ocrx_word' id='word_1_135' title='bbox 808 1799 1024 1863; x_wconf 88' lang='lat' dir='ltr'><strong>determinatos</strong></span> <span class='ocrx_word' id='word_1_136' title='bbox 1043 1821 1050 1860; x_wconf 93' lang='lat'>:</span> <span class='ocrx_word' id='word_1_137' title='bbox 1061 1801 1154 1880; x_wconf 86' lang='lat' dir='ltr'><strong>juris-</strong></span> 
     </span>
     <span class='ocr_line' id='line_1_19' title="bbox 180 1886 1155 1970; baseline 0.002 -22"><span class='ocrx_word' id='word_1_138' title='bbox 180 1887 271 1948; x_wconf 90' lang='lat' dir='ltr'><strong>dictio</strong></span> <span class='ocrx_word' id='word_1_139' title='bbox 284 1888 366 1949; x_wconf 88' lang='lat' dir='ltr'><strong>enim</strong></span> <span class='ocrx_word' id='word_1_140' title='bbox 381 1888 412 1948; x_wconf 94' lang='lat' dir='ltr'><strong>in</strong></span> <span class='ocrx_word' id='word_1_141' title='bbox 426 1886 524 1949; x_wconf 60' lang='lat' dir='ltr'><strong>aalma</strong></span> <span class='ocrx_word' id='word_1_142' title='bbox 538 1907 681 1969; x_wconf 89' lang='lat' dir='ltr'><strong>personas</strong></span> <span class='ocrx_word' id='word_1_143' title='bbox 689 1889 917 1964; x_wconf 87' lang='lat' dir='ltr'><strong>determinatas,</strong></span> <span class='ocrx_word' id='word_1_144' title='bbox 930 1888 1009 1951; x_wconf 90' lang='lat' dir='ltr'><strong>idem</strong></span> <span class='ocrx_word' id='word_1_145' title='bbox 1021 1889 1155 1970; x_wconf 78' lang='lat' dir='ltr'><strong>rigorose</strong></span> 
     </span>
     <span class='ocr_line' id='line_1_20' title="bbox 180 1975 1154 2060; baseline 0.001 -23"><span class='ocrx_word' id='word_1_146' title='bbox 180 1984 224 2037; x_wconf 91' lang='lat' dir='ltr'><strong>est</strong></span> <span class='ocrx_word' id='word_1_147' title='bbox 238 1994 273 2038; x_wconf 87' lang='lat' dir='ltr'><strong>ac</strong></span> <span class='ocrx_word' id='word_1_148' title='bbox 287 1975 370 2038; x_wconf 90' lang='lat' dir='ltr'><strong>nulla</strong></span> <span class='ocrx_word' id='word_1_149' title='bbox 381 1975 568 2056; x_wconf 80' lang='lat' dir='ltr'><strong>jurisdictio,</strong></span> <span class='ocrx_word' id='word_1_150' title='bbox 585 1978 655 2038; x_wconf 85' lang='lat' dir='ltr'><strong>clun</strong></span> <span class='ocrx_word' id='word_1_151' title='bbox 671 1997 733 2040; x_wconf 91' lang='lat' dir='ltr'><strong>non</strong></span> <span class='ocrx_word' id='word_1_152' title='bbox 748 1979 847 2060; x_wconf 81' lang='lat' dir='ltr'><strong>potius</strong></span> <span class='ocrx_word' id='word_1_153' title='bbox 863 1979 894 2039; x_wconf 95' lang='lat' dir='ltr'><strong>in</strong></span> <span class='ocrx_word' id='word_1_154' title='bbox 909 1995 1002 2040; x_wconf 90' lang='lat' dir='ltr'><strong>unam</strong></span> <span class='ocrx_word' id='word_1_155' title='bbox 1016 1981 1109 2059; x_wconf 78' lang='lat' dir='ltr'><strong>quarn</strong></span> <span class='ocrx_word' id='word_1_156' title='bbox 1123 1978 1154 2039; x_wconf 89' lang='lat' dir='ltr'><strong>in</strong></span> 
     </span>
     <span class='ocr_line' id='line_1_21' title="bbox 181 2065 1154 2148; baseline 0.002 -22"><span class='ocrx_word' id='word_1_157' title='bbox 181 2065 303 2126; x_wconf 88' lang='lat' dir='ltr'><strong>alteram</strong></span> <span class='ocrx_word' id='word_1_158' title='bbox 314 2081 475 2146; x_wconf 87' lang='lat' dir='ltr'><strong>personam</strong></span> <span class='ocrx_word' id='word_1_159' title='bbox 486 2067 618 2127; x_wconf 86' lang='lat' dir='ltr'><strong>exerceri</strong></span> <span class='ocrx_word' id='word_1_160' title='bbox 629 2066 740 2141; x_wconf 89' lang='lat' dir='ltr'><strong>valeat;</strong></span> <span class='ocrx_word' id='word_1_161' title='bbox 751 2068 840 2147; x_wconf 83' lang='lat' dir='ltr'><strong>porro</strong></span> <span class='ocrx_word' id='word_1_162' title='bbox 851 2067 881 2127; x_wconf 90' lang='lat' dir='ltr'><strong>in</strong></span> <span class='ocrx_word' id='word_1_163' title='bbox 892 2067 1021 2128; x_wconf 74' lang='lat' dir='ltr'><strong>instante</strong></span> <span class='ocrx_word' id='word_1_164' title='bbox 1031 2067 1154 2148; x_wconf 83' lang='lat' dir='ltr'><strong>Episco-</strong></span> 
     </span>
     <span class='ocr_line' id='line_1_22' title="bbox 181 2153 1153 2236; baseline 0.001 -21"><span class='ocrx_word' id='word_1_165' title='bbox 181 2155 255 2235; x_wconf 89' lang='lat' dir='ltr'><strong>palis</strong></span> <span class='ocrx_word' id='word_1_166' title='bbox 274 2154 508 2218; x_wconf 87' lang='lat' dir='ltr'><strong>consecrationis</strong></span> <span class='ocrx_word' id='word_1_167' title='bbox 527 2173 587 2216; x_wconf 90' lang='lat' dir='ltr'><strong>non</strong></span> <span class='ocrx_word' id='word_1_168' title='bbox 608 2155 799 2236; x_wconf 79' lang='lat' dir='ltr'><strong>assignantur</strong></span> <span class='ocrx_word' id='word_1_169' title='bbox 817 2155 927 2218; x_wconf 89' lang='lat' dir='ltr'><strong>subditi</strong></span> <span class='ocrx_word' id='word_1_170' title='bbox 943 2173 1000 2217; x_wconf 89' lang='lat' dir='ltr'><strong>noc</strong></span> <span class='ocrx_word' id='word_1_171' title='bbox 1013 2153 1153 2218; x_wconf 85' lang='lat' dir='ltr'><strong>determi·</strong></span> 
     </span>
     <span class='ocr_line' id='line_1_23' title="bbox 181 2244 612 2324; baseline 0 -20"><span class='ocrx_word' id='word_1_172' title='bbox 181 2251 270 2304; x_wconf 92' lang='lat' dir='ltr'><strong>natur</strong></span> <span class='ocrx_word' id='word_1_173' title='bbox 283 2244 431 2306; x_wconf 90' lang='lat' dir='ltr'><strong>dioecesis.</strong></span> <span class='ocrx_word' id='word_1_174' title='bbox 443 2245 540 2324; x_wconf 82' lang='lat' dir='ltr'><strong>Ergo,</strong></span> <span class='ocrx_word' id='word_1_175' title='bbox 556 2251 612 2306; x_wconf 88' lang='lat' dir='ltr'><strong>etc.</strong></span> 
     </span>
    </p>

    <p class='ocr_par' dir='ltr' id='par_1_7' title="bbox 182 2331 1156 2592">
     <span class='ocr_line' id='line_1_24' title="bbox 221 2331 1156 2416; baseline 0.003 -23"><span class='ocrx_word' id='word_1_176' title='bbox 221 2335 281 2394; x_wconf 88' lang='lat' dir='ltr'><strong>Nec</strong></span> <span class='ocrx_word' id='word_1_177' title='bbox 307 2333 397 2394; x_wconf 89' lang='lat' dir='ltr'><strong>etiam</strong></span> <span class='ocrx_word' id='word_1_178' title='bbox 420 2331 570 2394; x_wconf 75' lang='lat' dir='ltr'><strong>secandam</strong></span> <span class='ocrx_word' id='word_1_179' title='bbox 593 2332 652 2395; x_wconf 89' lang='lat' dir='ltr'><strong>dici</strong></span> <span class='ocrx_word' id='word_1_180' title='bbox 668 2336 793 2413; x_wconf 86' lang='lat' dir='ltr'><strong>potest:</strong></span> <span class='ocrx_word' id='word_1_181' title='bbox 819 2351 890 2394; x_wconf 90' lang='lat' dir='ltr'><strong>nam</strong></span> <span class='ocrx_word' id='word_1_182' title='bbox 914 2333 1029 2396; x_wconf 84' lang='lat' dir='ltr'><strong>admitti</strong></span> <span class='ocrx_word' id='word_1_183' title='bbox 1050 2336 1156 2416; x_wconf 85' lang='lat' dir='ltr'><strong>nequit</strong></span> 
     </span>
     <span class='ocr_line' id='line_1_25' title="bbox 182 2421 1156 2503; baseline 0.004 -21"><span class='ocrx_word' id='word_1_184' title='bbox 182 2421 362 2483; x_wconf 80' lang='lat' dir='ltr'><strong>interuenire</strong></span> <span class='ocrx_word' id='word_1_185' title='bbox 378 2421 528 2482; x_wconf 85' lang='lat' dir='ltr'><strong>Christum</strong></span> <span class='ocrx_word' id='word_1_186' title='bbox 539 2421 589 2482; x_wconf 91' lang='lat' dir='ltr'><strong>ubi</strong></span> <span class='ocrx_word' id='word_1_187' title='bbox 605 2421 720 2484; x_wconf 89' lang='lat' dir='ltr'><strong>inutilis</strong></span> <span class='ocrx_word' id='word_1_188' title='bbox 731 2428 774 2484; x_wconf 87' lang='lat' dir='ltr'><strong>est</strong></span> <span class='ocrx_word' id='word_1_189' title='bbox 787 2422 881 2503; x_wconf 90' lang='lat' dir='ltr'><strong>ipsius</strong></span> <span class='ocrx_word' id='word_1_190' title='bbox 896 2422 1091 2499; x_wconf 85' lang='lat' dir='ltr'><strong>interventio;</strong></span> <span class='ocrx_word' id='word_1_191' title='bbox 1102 2425 1156 2486; x_wconf 86' lang='lat' dir='ltr'><strong>sed</strong></span> 
     </span>
     <span class='ocr_line' id='line_1_26' title="bbox 183 2509 1156 2592; baseline 0.006 -23"><span class='ocrx_word' id='word_1_192' title='bbox 183 2509 325 2572; x_wconf 78' lang='lat' dir='ltr'><strong>inutiliter</strong></span> <span class='ocrx_word' id='word_1_193' title='bbox 336 2509 470 2571; x_wconf 89' lang='lat' dir='ltr'><strong>Christus</strong></span> <span class='ocrx_word' id='word_1_194' title='bbox 479 2509 564 2570; x_wconf 86' lang='lat' dir='ltr'><strong>daret</strong></span> <span class='ocrx_word' id='word_1_195' title='bbox 575 2510 638 2591; x_wconf 87' lang='lat' dir='ltr'><strong>ipse</strong></span> <span class='ocrx_word' id='word_1_196' title='bbox 643 2510 883 2589; x_wconf 75' lang='lat' dir='ltr'><strong>Jurisdictionem</strong></span> <span class='ocrx_word' id='word_1_197' title='bbox 892 2511 1016 2592; x_wconf 85' lang='lat' dir='ltr'><strong>quando</strong></span> <span class='ocrx_word' id='word_1_198' title='bbox 1025 2512 1156 2575; x_wconf 80' lang='lat' dir='ltr'><strong>Ecclesia</strong></span> 
     </span>
    </p>
   </div>
   <div class='ocr_carea' id='block_1_5' title="bbox 182 2591 1268 2682">
    <p class='ocr_par' dir='ltr' id='par_1_8' title="bbox 182 2591 1268 2682">
     <span class='ocr_line' id='line_1_27' title="bbox 182 2591 1268 2682; baseline 0.005 -24"><span class='ocrx_word' id='word_1_199' title='bbox 182 2598 257 2660; x_wconf 86' lang='lat' dir='ltr'><strong>valet</strong></span> <span class='ocrx_word' id='word_1_200' title='bbox 280 2607 436 2681; x_wconf 85' lang='lat' dir='ltr'><strong>praestare,</strong></span> <span class='ocrx_word' id='word_1_201' title='bbox 458 2603 505 2674; x_wconf 88' lang='lat' dir='ltr'><strong>et,</strong></span> <span class='ocrx_word' id='word_1_202' title='bbox 529 2600 789 2662; x_wconf 82' lang='lat' dir='ltr'><strong>consentientibus</strong></span> <span class='ocrx_word' id='word_1_203' title='bbox 812 2598 1003 2678; x_wconf 71' lang='lat' dir='ltr'><strong>adversariis,</strong></span> <span class='ocrx_word' id='word_1_204' title='bbox 1023 2617 1157 2682; x_wconf 83' lang='lat' dir='ltr'><strong>persaepe</strong></span> <span class='ocrx_word' id='word_1_205' title='bbox 1267 2591 1268 2598; x_wconf 9' lang='grc' dir='ltr'>ἵ</span> 
     </span>
    </p>
   </div>
   <div class='ocr_carea' id='block_1_6' title="bbox 182 2687 1158 3039">
    <p class='ocr_par' dir='ltr' id='par_1_9' title="bbox 182 2687 1158 3039">
     <span class='ocr_line' id='line_1_28' title="bbox 182 2687 1157 2771; baseline 0.004 -23"><span class='ocrx_word' id='word_1_206' title='bbox 182 2694 301 2768; x_wconf 75' lang='lat' dir='ltr'><strong>praestat</strong></span> <span class='ocrx_word' id='word_1_207' title='bbox 324 2715 330 2750; x_wconf 89' lang='lat'>:</span> <span class='ocrx_word' id='word_1_208' title='bbox 357 2687 469 2751; x_wconf 85' lang='lat' dir='ltr'><strong>etenim</strong></span> <span class='ocrx_word' id='word_1_209' title='bbox 491 2687 654 2769; x_wconf 89' lang='lat' dir='ltr'><strong>aliquando</strong></span> <span class='ocrx_word' id='word_1_210' title='bbox 678 2691 757 2771; x_wconf 88' lang='lat' dir='ltr'><strong>Papa</strong></span> <span class='ocrx_word' id='word_1_211' title='bbox 779 2689 895 2752; x_wconf 83' lang='lat' dir='ltr'><strong>conteri</strong></span> <span class='ocrx_word' id='word_1_212' title='bbox 916 2688 1157 2768; x_wconf 77' lang='lat' dir='ltr'><strong>iurisdictionem</strong></span> 
     </span>
     <span class='ocr_line' id='line_1_29' title="bbox 182 2777 1157 2860; baseline 0.005 -24"><span class='ocrx_word' id='word_1_213' title='bbox 182 2777 363 2858; x_wconf 82' lang='lat' dir='ltr'><strong>presbyteris</strong></span> <span class='ocrx_word' id='word_1_214' title='bbox 377 2777 428 2858; x_wconf 87' lang='lat' dir='ltr'><strong>qui</strong></span> <span class='ocrx_word' id='word_1_215' title='bbox 451 2794 515 2838; x_wconf 93' lang='lat' dir='ltr'><strong>non</strong></span> <span class='ocrx_word' id='word_1_216' title='bbox 534 2783 605 2838; x_wconf 88' lang='lat' dir='ltr'><strong>sunt</strong></span> <span class='ocrx_word' id='word_1_217' title='bbox 624 2777 822 2840; x_wconf 90' lang='lat' dir='ltr'><strong>consecrandi</strong></span> <span class='ocrx_word' id='word_1_218' title='bbox 836 2778 976 2860; x_wconf 82' lang='lat' dir='ltr'><strong>Episcopi</strong></span> <span class='ocrx_word' id='word_1_219' title='bbox 989 2797 997 2854; x_wconf 92' lang='grc'><strong>;</strong></span> <span class='ocrx_word' id='word_1_220' title='bbox 1015 2797 1111 2859; x_wconf 83' lang='lat' dir='ltr'><strong>nuper</strong></span> <span class='ocrx_word' id='word_1_221' title='bbox 1125 2779 1157 2842; x_wconf 94' lang='lat' dir='ltr'><strong>in</strong></span> 
     </span>
     <span class='ocr_line' id='line_1_30' title="bbox 183 2865 1157 2949; baseline 0.004 -23"><span class='ocrx_word' id='word_1_222' title='bbox 183 2865 309 2927; x_wconf 88' lang='lat' dir='ltr'><strong>coloniis</strong></span> <span class='ocrx_word' id='word_1_223' title='bbox 323 2866 449 2942; x_wconf 87' lang='lat' dir='ltr'><strong>nostris,</strong></span> <span class='ocrx_word' id='word_1_224' title='bbox 464 2866 536 2928; x_wconf 88' lang='lat' dir='ltr'><strong>Pius</strong></span> <span class='ocrx_word' id='word_1_225' title='bbox 549 2867 589 2927; x_wconf 84' lang='lat' dir='ltr'><strong>lx</strong></span> <span class='ocrx_word' id='word_1_226' title='bbox 602 2865 750 2948; x_wconf 86' lang='lat' dir='ltr'><strong>disposuit</strong></span> <span class='ocrx_word' id='word_1_227' title='bbox 762 2873 811 2942; x_wconf 80' lang='lat' dir='ltr'><strong>ut,</strong></span> <span class='ocrx_word' id='word_1_228' title='bbox 827 2865 905 2930; x_wconf 85' lang='lat' dir='ltr'><strong>Sede</strong></span> <span class='ocrx_word' id='word_1_229' title='bbox 917 2875 1056 2942; x_wconf 86' lang='lat' dir='ltr'><strong>vacante,</strong></span> <span class='ocrx_word' id='word_1_230' title='bbox 1069 2869 1157 2949; x_wconf 88' lang='lat' dir='ltr'><strong>Epis-</strong></span> 
     </span>
     <span class='ocr_line' id='line_1_31' title="bbox 182 2953 1158 3039; baseline 0.003 -24"><span class='ocrx_word' id='word_1_231' title='bbox 182 2955 295 3036; x_wconf 89' lang='lat' dir='ltr'><strong>copalis</strong></span> <span class='ocrx_word' id='word_1_232' title='bbox 305 2953 472 3034; x_wconf 85' lang='lat' dir='ltr'><strong>jurisdictio</strong></span> <span class='ocrx_word' id='word_1_233' title='bbox 487 2962 675 3017; x_wconf 77' lang='lat' dir='ltr'><strong>exerceretur</strong></span> <span class='ocrx_word' id='word_1_234' title='bbox 689 2973 707 3016; x_wconf 90' lang='lat' dir='ltr'><strong>a</strong></span> <span class='ocrx_word' id='word_1_235' title='bbox 729 2955 844 3017; x_wconf 87' lang='lat' dir='ltr'><strong>Vicario</strong></span> <span class='ocrx_word' id='word_1_236' title='bbox 859 2955 996 3018; x_wconf 87' lang='lat' dir='ltr'><strong>Generali</strong></span> <span class='ocrx_word' id='word_1_237' title='bbox 1017 2957 1158 3039; x_wconf 84' lang='lat' dir='ltr'><strong>Episcopi</strong></span> 
     </span>
    </p>
   </div>
   <div class='ocr_carea' id='block_1_7' title="bbox 183 3041 1268 3214">
    <p class='ocr_par' dir='ltr' id='par_1_10' title="bbox 183 3041 1268 3214">
     <span class='ocr_line' id='line_1_32' title="bbox 183 3041 1268 3126; baseline 0.005 -23"><span class='ocrx_word' id='word_1_238' title='bbox 183 3043 313 3106; x_wconf 89' lang='lat' dir='ltr'><strong>doluncti</strong></span> <span class='ocrx_word' id='word_1_239' title='bbox 327 3063 334 3119; x_wconf 93' lang='lat'>;</span> <span class='ocrx_word' id='word_1_240' title='bbox 351 3061 416 3104; x_wconf 87' lang='lat' dir='ltr'><strong>earn</strong></span> <span class='ocrx_word' id='word_1_241' title='bbox 429 3041 581 3105; x_wconf 76' lang='lat' dir='ltr'><strong>ordinarie</strong></span> <span class='ocrx_word' id='word_1_242' title='bbox 591 3049 710 3106; x_wconf 85' lang='lat' dir='ltr'><strong>exercet</strong></span> <span class='ocrx_word' id='word_1_243' title='bbox 723 3045 894 3126; x_wconf 81' lang='lat' dir='ltr'><strong>Capitulum</strong></span> <span class='ocrx_word' id='word_1_244' title='bbox 906 3045 937 3106; x_wconf 95' lang='lat' dir='ltr'><strong>in</strong></span> <span class='ocrx_word' id='word_1_245' title='bbox 947 3043 1054 3106; x_wconf 87' lang='lat' dir='ltr'><strong>eodem</strong></span> <span class='ocrx_word' id='word_1_246' title='bbox 1065 3063 1156 3123; x_wconf 85' lang='lat' dir='ltr'><strong>casu3</strong></span> <span class='ocrx_word' id='word_1_247' title='bbox 1267 3049 1268 3082; x_wconf 70' lang='lat'><em>³</em></span> 
     </span>
     <span class='ocr_line' id='line_1_33' title="bbox 183 3131 1268 3214; baseline 0.006 -21"><span class='ocrx_word' id='word_1_248' title='bbox 183 3131 424 3193; x_wconf 89' lang='lat' dir='ltr'><strong>communicatur</strong></span> <span class='ocrx_word' id='word_1_249' title='bbox 444 3132 601 3214; x_wconf 87' lang='lat' dir='ltr'><strong>Episcopis</strong></span> <span class='ocrx_word' id='word_1_250' title='bbox 613 3132 836 3210; x_wconf 85' lang='lat' dir='ltr'><strong>consecrandis,</strong></span> <span class='ocrx_word' id='word_1_251' title='bbox 856 3133 983 3213; x_wconf 86' lang='lat' dir='ltr'><strong>proinde</strong></span> <span class='ocrx_word' id='word_1_252' title='bbox 997 3133 1095 3196; x_wconf 86' lang='lat' dir='ltr'><strong>adhuc</strong></span> <span class='ocrx_word' id='word_1_253' title='bbox 1108 3153 1159 3198; x_wconf 88' lang='lat' dir='ltr'><strong>so-</strong></span> <span class='ocrx_word' id='word_1_254' title='bbox 1267 3155 1268 3158; x_wconf 69' lang='grc'>’</span> 
     </span>
    </p>
   </div>
   <div class='ocr_carea' id='block_1_8' title="bbox 184 3219 1159 3306">
    <p class='ocr_par' dir='ltr' id='par_1_11' title="bbox 184 3219 1159 3306">
     <span class='ocr_line' id='line_1_34' title="bbox 184 3219 1159 3306; baseline 0.001 -24"><span class='ocrx_word' id='word_1_255' title='bbox 184 3221 248 3282; x_wconf 82' lang='lat' dir='ltr'><strong>ltrm</strong></span> <span class='ocrx_word' id='word_1_256' title='bbox 262 3219 454 3302; x_wconf 85' lang='lat' dir='ltr'><strong>presbyteris.</strong></span> <span class='ocrx_word' id='word_1_257' title='bbox 469 3222 537 3282; x_wconf 87' lang='lat' dir='ltr'><strong>lam</strong></span> <span class='ocrx_word' id='word_1_258' title='bbox 552 3223 622 3283; x_wconf 85' lang='lat' dir='ltr'><strong>vero</strong></span> <span class='ocrx_word' id='word_1_259' title='bbox 643 3239 734 3284; x_wconf 90' lang='lat' dir='ltr'><strong>nemo</strong></span> <span class='ocrx_word' id='word_1_260' title='bbox 748 3221 856 3284; x_wconf 85' lang='lat' dir='ltr'><strong>dixerit</strong></span> <span class='ocrx_word' id='word_1_261' title='bbox 870 3221 1018 3301; x_wconf 86' lang='lat' dir='ltr'><strong>ejusmodi</strong></span> <span class='ocrx_word' id='word_1_262' title='bbox 1033 3223 1159 3306; x_wconf 83' lang='lat' dir='ltr'><strong>presby-</strong></span> 
     </span>
    </p>
   </div>
   <div class='ocr_carea' id='block_1_9' title="bbox 183 3308 1268 3394">
    <p class='ocr_par' dir='ltr' id='par_1_12' title="bbox 183 3308 1268 3394">
     <span class='ocr_line' id='line_1_35' title="bbox 183 3308 1268 3394; baseline 0.004 -23"><span class='ocrx_word' id='word_1_263' title='bbox 183 3311 255 3371; x_wconf 89' lang='lat' dir='ltr'><strong>teris</strong></span> <span class='ocrx_word' id='word_1_264' title='bbox 277 3315 448 3390; x_wconf 85' lang='lat' dir='ltr'><strong>competere</strong></span> <span class='ocrx_word' id='word_1_265' title='bbox 468 3308 708 3388; x_wconf 89' lang='lat' dir='ltr'><strong>jurisdictionem</strong></span> <span class='ocrx_word' id='word_1_266' title='bbox 729 3331 767 3374; x_wconf 80' lang='lat' dir='ltr'><strong>ea</strong></span> <span class='ocrx_word' id='word_1_267' title='bbox 783 3311 856 3391; x_wconf 82' lang='lat' dir='ltr'><strong>jure</strong></span> <span class='ocrx_word' id='word_1_268' title='bbox 873 3311 993 3382; x_wconf 77' lang='lat' dir='ltr'><strong>diuino,</strong></span> <span class='ocrx_word' id='word_1_269' title='bbox 1015 3319 1066 3374; x_wconf 91' lang='lat' dir='ltr'><strong>aut</strong></span> <span class='ocrx_word' id='word_1_270' title='bbox 1087 3312 1161 3394; x_wconf 89' lang='lat' dir='ltr'><strong>ipsis</strong></span> <span class='ocrx_word' id='word_1_271' title='bbox 1267 3367 1268 3394; x_wconf 19' lang='grc' dir='ltr'>ἶ</span> 
     </span>
    </p>
   </div>
   <div class='ocr_carea' id='block_1_10' title="bbox 184 3397 1161 3571">
    <p class='ocr_par' dir='ltr' id='par_1_13' title="bbox 184 3397 1161 3571">
     <span class='ocr_line' id='line_1_36' title="bbox 184 3397 1160 3486; baseline 0.004 -26"><span class='ocrx_word' id='word_1_272' title='bbox 184 3398 357 3460; x_wconf 73' lang='lat' dir='ltr'><strong>immediate</strong></span> <span class='ocrx_word' id='word_1_273' title='bbox 367 3397 496 3486; x_wconf 79' lang='lat' dir='ltr'><strong>conferri</strong></span> <span class='ocrx_word' id='word_1_274' title='bbox 511 3401 529 3460; x_wconf 81' lang='lat' dir='ltr'><strong>a</strong></span> <span class='ocrx_word' id='word_1_275' title='bbox 542 3398 668 3461; x_wconf 79' lang='lat' dir='ltr'><strong>Christo,</strong></span> <span class='ocrx_word' id='word_1_276' title='bbox 684 3401 764 3482; x_wconf 79' lang='lat' dir='ltr'><strong>Ergo</strong></span> <span class='ocrx_word' id='word_1_277' title='bbox 778 3400 850 3480; x_wconf 89' lang='lat' dir='ltr'><strong>ipsis</strong></span> <span class='ocrx_word' id='word_1_278' title='bbox 865 3420 918 3483; x_wconf 86' lang='lat' dir='ltr'><strong>per</strong></span> <span class='ocrx_word' id='word_1_279' title='bbox 932 3403 963 3464; x_wconf 86' lang='lat' dir='ltr'><strong>S.</strong></span> <span class='ocrx_word' id='word_1_280' title='bbox 979 3400 1160 3464; x_wconf 83' lang='lat' dir='ltr'><strong>Pontificem</strong></span> 
     </span>
     <span class='ocr_line' id='line_1_37' title="bbox 184 3487 1161 3571; baseline 0.003 -21"><span class='ocrx_word' id='word_1_281' title='bbox 184 3487 351 3563; x_wconf 59' lang='lat' dir='ltr'><strong>confertum</strong></span> <span class='ocrx_word' id='word_1_282' title='bbox 374 3487 500 3568; x_wconf 90' lang='lat' dir='ltr'><strong>proinde</strong></span> <span class='ocrx_word' id='word_1_283' title='bbox 519 3487 651 3549; x_wconf 80' lang='lat' dir='ltr'><strong>Ecclesia</strong></span> <span class='ocrx_word' id='word_1_284' title='bbox 670 3489 805 3551; x_wconf 82' lang='lat' dir='ltr'><strong>Romana</strong></span> <span class='ocrx_word' id='word_1_285' title='bbox 826 3490 904 3552; x_wconf 91' lang='lat' dir='ltr'><strong>hanc</strong></span> <span class='ocrx_word' id='word_1_286' title='bbox 919 3490 1007 3552; x_wconf 85' lang='lat' dir='ltr'><strong>hahet</strong></span> <span class='ocrx_word' id='word_1_287' title='bbox 1026 3498 1161 3571; x_wconf 80' lang='lat' dir='ltr'><strong>potesta·</strong></span> 
     </span>
    </p>
   </div>
   <div class='ocr_carea' id='block_1_11' title="bbox 184 3577 1268 3658">
    <p class='ocr_par' dir='ltr' id='par_1_14' title="bbox 184 3577 1268 3658">
     <span class='ocr_line' id='line_1_38' title="bbox 184 3577 1268 3658; baseline 0.013 -27"><span class='ocrx_word' id='word_1_288' title='bbox 184 3583 268 3653; x_wconf 83' lang='lat' dir='ltr'><strong>lem,</strong></span> <span class='ocrx_word' id='word_1_289' title='bbox 290 3583 320 3638; x_wconf 91' lang='lat' dir='ltr'><strong>ct</strong></span> <span class='ocrx_word' id='word_1_290' title='bbox 349 3578 413 3658; x_wconf 80' lang='lat' dir='ltr'><strong>ipsa</strong></span> <span class='ocrx_word' id='word_1_291' title='bbox 436 3583 701 3652; x_wconf 64' lang='lat' dir='ltr'><strong>cameracense,</strong></span> <span class='ocrx_word' id='word_1_292' title='bbox 730 3577 874 3640; x_wconf 87' lang='lat' dir='ltr'><strong>inutiliter</strong></span> <span class='ocrx_word' id='word_1_293' title='bbox 897 3590 1101 3642; x_wconf 87' lang='lat' dir='ltr'><strong>recurrerotur</strong></span> <span class='ocrx_word' id='word_1_294' title='bbox 1120 3581 1161 3644; x_wconf 89' lang='lat' dir='ltr'><strong>ad</strong></span> <span class='ocrx_word' id='word_1_295' title='bbox 1267 3649 1268 3652; x_wconf 51' lang='lat'>,</span> 
     </span>
    </p>
   </div>
   <div class='ocr_carea' id='block_1_12' title="bbox 186 3663 1162 3751">
    <p class='ocr_par' dir='ltr' id='par_1_15' title="bbox 186 3663 1162 3751">
     <span class='ocr_line' id='line_1_39' title="bbox 186 3663 1162 3751; baseline 0.006 -27"><span class='ocrx_word' id='word_1_296' title='bbox 186 3663 352 3738; x_wconf 61' lang='lat' dir='ltr'><strong>Christum,</strong></span> <span class='ocrx_word' id='word_1_297' title='bbox 363 3663 491 3727; x_wconf 87' lang='lat' dir='ltr'><strong>dicendo</strong></span> <span class='ocrx_word' id='word_1_298' title='bbox 499 3665 536 3725; x_wconf 88' lang='lat' dir='ltr'><strong>ab</strong></span> <span class='ocrx_word' id='word_1_299' title='bbox 544 3663 731 3726; x_wconf 89' lang='lat' dir='ltr'><strong>illoconierri</strong></span> <span class='ocrx_word' id='word_1_300' title='bbox 740 3667 896 3749; x_wconf 85' lang='lat' dir='ltr'><strong>Episcopis</strong></span> <span class='ocrx_word' id='word_1_301' title='bbox 906 3669 938 3730; x_wconf 94' lang='lat' dir='ltr'><strong>in</strong></span> <span class='ocrx_word' id='word_1_302' title='bbox 947 3669 1068 3730; x_wconf 87' lang='lat' dir='ltr'><strong>instanti</strong></span> <span class='ocrx_word' id='word_1_303' title='bbox 1080 3670 1162 3751; x_wconf 90' lang='lat' dir='ltr'><strong>ipso·</strong></span> 
     </span>
    </p>
   </div>
   <div class='ocr_carea' id='block_1_13' title="bbox 0 0 1288 3992">
    <p class='ocr_par' dir='ltr' id='par_1_16' title="bbox 0 0 1288 3992">
     <span class='ocr_line' id='line_1_40' title="bbox 0 0 1288 3992; baseline 0 0"><span class='ocrx_word' id='word_1_304' title='bbox 0 0 1288 3992; x_wconf 95' lang='lat' dir='ltr'><strong> </strong></span> 
     </span>
    </p>
   </div>
  </div>
 </body>
</html>
