2588 3994
486 279 709 328 enowoonarta.
969 287 976 316 l
1050 271 1086 329 itt

107 369 178 432 bant
190 371 332 435 Ecclesiis
353 375 548 458 suppressis,
564 383 616 439 aut
629 376 747 440 illarum
763 375 926 459 Capitulis,
941 380 971 440 et
989 374 1090 456 huius·

106 460 189 522 modi
200 463 441 528 consuetudines
453 464 578 528 indubie
592 465 712 528 luerunt
728 485 895 547 suppresse
905 485 959 548 per
972 465 1090 528 llullnm

109 549 166 626 (lui
183 551 208 614 C
208 551 300 613 tristi
317 553 460 630 Domini3
481 554 526 616 rel
541 560 586 617 est
604 555 730 637 quaestio
744 555 782 616 de
796 557 912 616 caeteris
925 568 1090 618 consuetu·

106 639 245 716 dinibus,
262 661 331 722 quae
350 644 472 707 nullum
483 645 533 724 jus
547 647 667 726 proprie
681 643 815 719 dictum,
833 645 950 706 nullum
970 645 1088 727 privile-

109 731 191 810 gium
210 731 411 796 conterebant
428 733 579 817 predictis
597 733 754 808 Ecclesiis,
775 732 828 794 sed
845 737 963 796 tantum
979 734 1090 815 populo

109 827 158 881 aut
177 819 260 882 clero
274 821 357 904 apud
376 841 429 885 eas
449 822 669 900 residentibus,
684 831 714 886 et
733 829 807 885 tuuc
829 821 903 883 nihil
922 824 1089 904 apparatio

110 909 194 972 Bulla
210 920 337 994 propter
355 911 439 994 quod
452 911 527 975 tales
547 913 782 976 consuetudines
801 911 939 975 dicendae
957 911 1017 974 sint
1036 929 1090 994 per

110 1017 176 1062 earn
191 1019 375 1083 suppressae.

147 1091 185 1151 Et
202 1092 276 1153 rerb
295 1092 320 1153 si
339 1093 601 1176 supprimerentur
618 1113 725 1156 omnes
745 1093 887 1158 Ecclesiae
908 1093 1086 1172 orientales,

111 1197 177 1242 cum
188 1199 296 1244 earum
304 1182 434 1261 juribus,
443 1190 514 1257 eto,
530 1187 863 1266 sequereturneeoipsc
873 1183 967 1245 teneri
982 1201 1089 1246 omnes

109 1270 282 1334 sacerdotes
296 1270 468 1350 hujusmodi
487 1273 691 1336 Ecclesiarum
706 1271 743 1335 ad
762 1272 982 1336 observandum
997 1273 1088 1334 ritum

111 1359 238 1422 latinum
262 1360 294 1422 in
314 1361 517 1424 celebratione
540 1363 640 1424 missae
653 1411 661 1440 ,
676 1361 884 1424 consecrando
906 1363 937 1422 in
963 1362 1086 1437 azimis;

112 1455 328 1512 tenerenturne
342 1467 379 1512 eo
394 1453 458 1532 ipso
474 1451 577 1514 lideles
592 1453 623 1513 in
639 1453 743 1514 azimis
762 1451 1004 1522 communicare,
1021 1450 1089 1512 etc?

110 1539 191 1620 Ergo
201 1539 313 1621 pariter
324 1559 385 1602 non
395 1539 507 1602 debent
519 1541 578 1604 dici
593 1560 763 1624 suppressae
772 1540 1007 1604 consuetudines
1021 1558 1088 1622 quae

111 1627 143 1690 in
156 1629 253 1690 Gallia
269 1627 402 1711 legitime
417 1630 583 1692 existebant
596 1637 733 1713 tempore
747 1629 936 1693 Concordati.

148 1716 221 1780 ldeo
233 1718 320 1780 Bulla
336 1719 397 1795 Oui
414 1718 545 1794 Christi,
562 1727 634 1796 eto,
650 1719 845 1801 intelligenda
861 1726 938 1781 esset
952 1717 983 1780 in
999 1735 1089 1781 sensu

109 1809 146 1869 D.
163 1809 261 1870 111111
274 1807 447 1872 etaliorum
461 1815 613 1890 utsupra,
629 1810 700 1891 qnia
715 1810 758 1871 sio
772 1812 875 1870 Romae
890 1808 1088 1890 interpretan-

109 1904 175 1974 tnr;
193 1897 247 1959 sed
269 1895 328 1960 hoc
354 1898 481 1960 minime
500 1899 660 1980 probatur,
677 1899 738 1960 imd
759 1898 942 1961 contrarium
967 1904 1089 1978 apparet

111 2005 148 2048 er
160 1985 360 2048 decisiones.
377 1987 471 2065 Cong.
483 1986 742 2068 indulgentiarum
759 1987 864 2050 ltmai
881 1989 958 2048 t853
973 1986 1090 2064 ¹,juxta

111 2095 203 2156 quarn
219 2075 418 2158 indulgentiae
431 2094 582 2138 concessae
598 2076 891 2139 confraternitatibns
905 2074 1006 2136 Galliae
1020 2082 1090 2138 ante

110 2166 369 2247 perturbationem
386 2169 463 2228 1789
475 2185 535 2227 111
550 2165 673 2230 suerunt
689 2171 834 2230 revocatae
850 2183 905 2247 per
919 2164 1089 2227 Concorde-

110 2262 174 2317 tum
191 2259 264 2320 1801
283 2263 313 2318 et
332 2255 430 2316 Bullas
444 2254 673 2336 subsequentes.

149 2345 349 2424 Nenobjicias
363 2344 486 2406 hicnon
500 2347 547 2425 agi
562 2344 600 2406 de
620 2341 901 2414 consuetudinibus,
925 2340 977 2403 sed
989 2339 1090 2420 potius

111 2433 147 2498 de
160 2435 326 2516 privilegiis
347 2433 490 2496 Ecclesiis
506 2435 670 2496 concessis.
692 2435 770 2495 Nam
785 2430 870 2494 Bulla
895 2429 951 2506 (lut
974 2428 1091 2490 Cia-isti

112 2523 217 2586 eodem
239 2523 331 2585 modo
350 2521 482 2604 loquitur
500 2520 715 2604 de'prioribus
743 2539 778 2584 11
800 2520 838 2582 de
855 2517 1088 2604 posterioribusg

111 2613 192 2674 unde
205 2615 248 2677 si.
262 2631 325 2674 non
340 2612 476 2674 obstante
491 2611 587 2686 Bullt,
604 2619 684 2673 certa
694 2609 848 2694 privilegia
862 2609 935 2669 olim
950 2605 1088 2672 Ecclesiis

111 2721 254 2766 concessa
264 2702 364 2764 adhuc
382 2701 556 2768 subsistunt.
577 2719 638 2763 non
653 2708 697 2763 est
712 2703 787 2762 ratio
804 2716 859 2760 cur
874 2715 934 2758 non
954 2696 991 2759 sit
1009 2696 1089 2758 idem

111 2791 275 2854 dicendum
288 2790 327 2852 de
337 2791 426 2854 certis
435 2789 781 2870 consuetudinibusquae
797 2785 938 2848 Ecclesiis
952 2805 1089 2868 suppres·

111 2882 150 2943 sis
161 2882 235 2943 nihil
242 2881 321 2961 juris
336 2887 388 2943 aut
399 2879 549 2961 privilegii
565 2878 739 2941 conferunt.

150 2973 299 3034 Praeterea
321 2969 353 3032 in
379 2969 506 3051 ipsamet
527 2967 686 3044 BullaOni
708 2967 842 3038 Christi,
864 2972 935 3044 eta,
955 2965 1088 3028 dicitur:

115 3083 130 3111 ν
149 3063 184 3122 11
199 3062 273 3144 ipsis
295 3066 398 3122 autem
418 3059 539 3120 statutis
556 3058 603 3120 vel
626 3057 808 3133 condendis,
830 3058 875 3119 rel
893 3056 1090 3119 immutandis

113 3177 127 3207 a
150 3151 288 3232 (quaestio
303 3155 348 3211 est
362 3148 402 3210 ibi
417 3145 454 3210 de
469 3145 583 3209 statutis
597 3147 816 3229 capitulorum)
833 3147 974 3228 religiosa
989 3164 1090 3210 sacro-

111 3262 127 3300 1
151 3257 221 3302 rum
251 3255 406 3301 canonum
429 3237 617 3299 observantia
648 3239 832 3313 retineatur,
861 3254 1034 3318 uanumque
1056 3255 1092 3300 ac

110 3351 126 3390 ι
150 3327 350 3392 laudabilium
370 3325 626 3390 consuetudinum
644 3331 732 3388 antea
749 3325 915 3406 rigentium
936 3325 1091 3406 praesenti-

141 3489 220 3540 ·ffid.
246 3487 337 3554 opus:
359 3487 392 3540 te
415 3485 527 3541 Clre'tien
550 3485 639 3538 dctnirt
663 3501 708 3538 aar
734 3488 758 3538 lo
781 3491 870 3537 rtoture
893 3489 917 3538 et
940 3485 1035 3547 l’urooe
1052 3483 1092 3535 det

112 3563 216 3626 ludulp,
231 3576 275 3627 par
287 3560 310 3612 le
323 3559 351 3611 1).
365 3561 393 3610 Α.
407 3559 513 3618 llaurel,
527 3557 634 3618 ldsuite,
649 3575 673 3624 p.
686 3559 740 3609 lli.
756 3557 897 3608 [incisiones
911 3555 935 3606 in
949 3553 1092 3619 ltrrrnsmodl

112 3649 185 3700 opere
196 3631 595 3683 retataedeelarauturauthenticae
605 3631 618 3681 ri
629 3631 700 3682 dard.
713 3628 852 3688 11111111..
860 3624 973 3676 Praelect.
983 3625 1092 3688 eiusdem

113 3702 331 3768 Congrepationit,
344 3703 430 3752 ntuttt
443 3703 513 3754 1856.
