2496 3992
456 287 541 332 emen
565 288 684 334 enruus.
985 273 1044 334 6119

93 403 172 449 mater
184 404 208 450 et
222 402 402 464 custoseplims
417 401 538 451 libertatis
548 402 680 452 reritasest
695 418 701 451 :
721 403 815 456 Veritas
828 404 946 454 liberabit
964 420 1006 456 ooo
1021 405 1040 455 ¹.

125 475 209 536 ltaque
225 473 250 522 in
269 479 317 522 tam
335 473 432 523 difficili
458 488 540 522 rerum
552 487 625 523 cursu
642 475 761 524 catholici
778 476 900 532 homines,
914 478 935 526 ei
950 481 1006 532 Nes.
1018 485 1045 527 ut

93 549 194 607 oportet,
214 545 346 594 audierint.
374 546 446 595 iacile
460 545 578 594 ridebunt
599 559 655 608 quse
675 561 720 595 sua
734 547 853 608 cujusque
878 549 928 598 sint
947 553 996 598 lam
1019 549 1043 597 in

92 617 262 680 opinionibus,
278 632 351 677 qnam
366 617 390 666 in
400 616 476 678 seclia
489 617 579 666 officia.
597 643 625 654 -
640 619 669 666 Et
679 618 704 666 in
719 619 843 680 opinando
856 620 966 682 quidem,
979 635 1045 682 qum·

91 701 196 749 eumque
218 689 347 737 Pontifices
365 689 459 738 romoni
482 689 629 738 tradiderint
651 690 691 738 rel
715 690 829 739 tradituri
856 695 922 748 sunt,
945 692 1046 756 singula

92 775 194 810 neeesse
207 765 244 809 est
257 765 281 809 et
292 764 381 810 tenere
388 761 482 822 judicio
497 760 580 810 stabili
598 762 787 823 eomprebeuso,
807 766 832 810 et
845 763 934 825 palem,
948 765 1046 824 quoties

93 846 132 881 ree
144 833 311 893 postulaverit,
324 831 442 895 profiteri,
459 845 488 882 ae
501 832 649 880 nominatim
665 833 695 882 de
706 833 745 889 iis,
755 849 815 894 quas
824 833 1048 884 libertatesvomnt

93 903 222 952 uerissime
237 907 345 965 tempore
359 905 488 968 quesitas.
500 907 599 964 oportet
614 905 760 966 Apostolicte
773 905 842 954 Sedis
858 909 923 955 stare
942 906 1046 968 judicio,

92 981 118 1026 et
132 975 196 1038 quod
212 977 264 1037 ipse
289 975 405 1034 senserit,
422 975 486 1024 idem
502 975 598 1024 sentire
621 975 738 1039 singulos.
755 976 902 1030 Cavendum,
925 991 957 1026 ne
972 993 1048 1040 qnenr

93 1047 160 1096 tollar
178 1049 283 1096 lronesta
293 1047 392 1094 illerum
408 1046 504 1109 speeies
515 1061 520 1094 :
533 1047 739 1109 cogitandumque
756 1048 845 1111 quibus
857 1053 915 1098 orte
927 1049 1014 1098 initiis.
1024 1055 1049 1098 et

93 1119 182 1180 quibus
197 1117 288 1180 passim
303 1122 472 1166 sustententur
485 1123 558 1178 atque
569 1120 666 1166 alantur
676 1119 764 1167 studiis
792 1120 854 1168 Satis
862 1120 912 1182 jam
929 1125 964 1169 est
975 1137 1048 1184 expe·

93 1191 178 1240 tiendo
195 1189 330 1252 cognitum.
349 1203 455 1251 querum
467 1189 516 1237 ida
533 1203 615 1237 rorum
631 1189 766 1239 effectrices
785 1192 834 1239 sint
847 1192 872 1240 iu
885 1193 991 1242 civitate.
1005 1207 1048 1243 cos

94 1262 184 1323 quippe
200 1261 290 1323 passim
313 1275 422 1324 genuere
448 1261 551 1314 fruetus,
567 1275 670 1322 querum
696 1263 860 1324 probosriros
880 1268 905 1312 et
925 1265 1048 1327 sapientes

95 1333 148 1394 jure
162 1334 286 1394 poeniteat.
300 1359 330 1368 —
342 1333 367 1382 Si
383 1332 438 1380 talis
451 1329 541 1379 alicubi
553 1337 595 1380 aut
612 1345 700 1393 reapse
718 1333 757 1390 sit,
772 1337 815 1381 eut
831 1331 939 1398 tingatur
954 1337 1048 1400 cogita-

95 1405 162 1452 tione
181 1404 268 1452 civitas
285 1417 341 1466 quae
367 1403 530 1452 christianum
553 1417 643 1452 nomen
659 1405 791 1452 insectetur
807 1405 916 1468 prolerre
928 1411 952 1454 el
968 1411 1050 1470 tyran·

95 1476 159 1536 uice,
171 1489 226 1523 curn
241 1489 319 1538 eaque
348 1475 493 1524 conteratur
504 1489 582 1538 genus
599 1475 622 1522 id
643 1476 785 1538 reipublicae
796 1491 895 1533 recens,
910 1479 940 1525 de
953 1493 1001 1538 quo
1014 1479 1049 1527 lo·

95 1547 201 1608 quimus,
220 1547 310 1609 poterit
327 1547 372 1595 hoo
387 1547 465 1596 videri
480 1547 642 1594 tolerabilius.
659 1547 783 1609 Principia
795 1551 885 1606 laureo,
901 1548 990 1611 quibus
1014 1550 1050 1598 ni·

95 1619 161 1676 titur,
175 1623 232 1668 suut
250 1619 358 1680 prolecto
371 1619 503 1681 ejusmodi,
517 1617 583 1666 sieut
598 1621 654 1666 ante
664 1618 782 1680 diximus,
796 1623 822 1668 ut
832 1633 877 1681 per
888 1634 915 1668 se
927 1620 982 1684 ipse
997 1635 1050 1684 pro·

96 1691 149 1738 beri
163 1690 254 1738 nemini
265 1691 380 1739 debeant.

127 1763 205 1810 Potest
220 1766 300 1810 tumen
313 1768 354 1810 aut
365 1762 389 1810 in
416 1762 516 1825 privetis
535 1761 725 1822 domesticisque
742 1763 824 1821 rebus,
841 1765 882 1812 aut
901 1763 925 1812 in
945 1763 1050 1822 publicis

97 1833 158 1882 actio
172 1834 272 1882 versari.
284 1834 398 1882 Privatim
412 1835 512 1895 quidum
528 1834 635 1896 primum
649 1833 758 1890 officium
773 1839 820 1889 est,
837 1833 967 1896 praeceptis
979 1849 1051 1884 eran·

97 1905 182 1968 gelicis
195 1904 382 1968 diligentissime
409 1906 562 1954 conformare
581 1906 695 1954 vitamet
719 1919 807 1962 mores,
823 1920 868 1956 nec
891 1921 1003 1955 recusare
1029 1908 1049 1956 si

97 1977 155 2036 quid
167 1975 300 2025 christiana
312 1977 389 2026 virtus
399 1977 480 2039 exigat
494 1979 523 2026 ad
540 1977 683 2038 patiendum
700 1977 903 2040 tolerandumque
915 1980 989 2039 paule
1006 1978 1050 2028 dil-

97 2047 194 2096 srcilius.
209 2048 302 2094 Debent
313 2053 429 2108 praeterea
441 2047 533 2109 singuli
549 2048 682 2096 Ecclesiam
693 2046 727 2095 sic
739 2047 849 2110 diligere,
863 2054 1050 2098 urcommumm

99 2125 200 2168 matrem
227 2121 349 2179 :ejusque
367 2123 391 2167 et
403 2118 459 2180 jura
475 2119 543 2166 salva
559 2120 621 2168 velle
640 2119 790 2179 :conarique
807 2125 833 2168 ut
848 2121 879 2168 ab
903 2119 933 2168 iis
947 2121 972 2167 in
989 2136 1051 2182 quos

98 2191 200 2254 quisque
211 2190 304 2251 aliquid
317 2190 460 2238 errctoritute
476 2193 562 2250 potest.
582 2189 634 2252 pari
644 2189 736 2252 pietate
747 2192 840 2239 colatur
859 2195 931 2252 etque
948 2197 1051 2244 ametur.

98 2290 128 2299 -
143 2263 207 2310 lllud
218 2261 295 2309 'etiam
312 2261 418 2324 publicse
431 2261 517 2309 salutis
534 2260 645 2314 interest.
663 2261 694 2308 ad
710 2275 794 2310 rerum
808 2261 958 2310 urbanarum
973 2264 1052 2312 adrui-

98 2333 267 2383 nistrntionom
282 2333 392 2382 conterre
413 2333 537 2394 sapienter
560 2345 659 2393 operam
677 2347 683 2379 ε
699 2331 724 2380 in
737 2347 815 2394 eaque
829 2334 927 2382 cludere
945 2335 1051 2382 maxime

99 2411 124 2454 ot
139 2405 246 2460 officere,
266 2403 537 2452 uladoleseentibused
549 2403 703 2466 religionem,
722 2405 753 2452 ed
767 2405 854 2465 probos
874 2419 954 2454 mores
972 2405 1051 2453 intor-

99 2477 195 2526 mandis
208 2491 237 2524 ea
251 2475 353 2536 ratione,
365 2490 413 2536 qua
428 2489 526 2538 aequurn
537 2481 573 2524 est
584 2474 733 2532 christianis,
745 2475 842 2538 publice
853 2478 991 2524 consultum
1001 2477 1033 2525 sit
1044 2488 1049 2520 :
1082 2517 1085 2528 .

100 2549 188 2610 quibus
200 2561 228 2596 ex
239 2548 311 2596 rebus
322 2561 470 2610 rnugnopere
488 2547 578 2608 pendet
592 2545 747 2608 singularum
758 2549 823 2595 selus
838 2545 973 2596 ciuitatum.

131 2621 190 2668 item
213 2619 387 2668 catholicorum
400 2619 526 2667 homiuum
540 2633 640 2679 operam
652 2631 683 2668 ex
708 2619 753 2666 boc
777 2624 892 2680 tanquam
909 2621 1051 2682 angustiore

100 2705 184 2748 campo
201 2689 296 2753 longius
313 2704 458 2748 excurrere,
485 2690 612 2752 ipsamque
634 2703 754 2738 summam
779 2690 961 2752 rempublicam
985 2705 1052 2739 curn·

99 2761 324 2826 plectiqeneralim
346 2763 406 2811 ulrle
419 2765 456 2810 est
478 2767 550 2823 etque
575 2763 713 2810 honestum.
732 2759 877 2812 Generatim
897 2776 927 2810 eo
945 2761 1051 2811 dicimus

99 2836 154 2897 quia
165 2835 216 2882 bec
226 2840 346 2894 praecepte
361 2838 445 2882 nostra
458 2838 544 2895 gentes
559 2834 690 2882 universas
702 2833 834 2896 attingunt.
847 2833 960 2882 Ceterum
973 2839 1052 2896 potcst

98 2904 188 2954 alieubi
202 2901 323 2962 accidere,
336 2906 370 2960 ut,
385 2905 498 2952 maximis
510 2902 704 2964 justissimisque
716 2903 746 2952 de
757 2903 859 2957 caussis,
875 2906 1051 2966 rempublicam

98 2989 234 3038 capessere.
253 2973 278 3022 in
294 2975 487 3036 muneribusque
503 2974 609 3037 politicis
626 2974 727 3026 versari,
752 2987 908 3035 nequequam
919 2977 1047 3038 expedint.

98 3049 143 3097 Sed
154 3045 298 3110 generatim,
317 3050 343 3093 ut
359 3045 477 3100 diximus,
491 3045 585 3093 nullam
598 3045 662 3094 velle
677 3059 759 3094 rerum
784 3045 939 3107 publicarum
953 3054 1051 3108 partem

98 3125 217 3180 attingere
234 3120 283 3164 tam
297 3121 362 3165 esset
382 3117 407 3164 in
430 3116 497 3172 uitio,
519 3130 593 3178 quum
611 3116 673 3166 nibil
698 3118 729 3164 ad
752 3129 905 3168 communem
921 3119 1051 3168 utilitatem

98 3191 184 3238 ullor-re
199 3188 282 3240 studii,
297 3187 358 3236 nibil
381 3201 464 3250 operte
483 3201 489 3236 ι
505 3200 534 3236 eo
560 3189 600 3236 rel
622 3187 701 3252 magis
719 3189 784 3250 quod
803 3189 920 3238 eettuolici
940 3189 1053 3239 immines

99 3262 183 3324 ipsius,
199 3273 272 3322 quam
281 3258 427 3321 prolitentur
438 3258 609 3308 admonitione
627 3259 756 3321 doctrine,
769 3261 800 3309 ed
815 3275 866 3309 rem
877 3262 973 3322 integre
985 3267 1009 3309 et
1021 3275 1053 3310 ex

99 3333 147 3382 irde
157 3331 289 3395 gerendum
301 3331 467 3393 impelluntur.
477 3329 565 3379 Contra
579 3329 639 3391 ipsis
653 3329 746 3390 otiosis,
763 3331 837 3382 facile
852 3333 959 3380 habenas
969 3347 1052 3394 accep·

99 3405 145 3455 turi
157 3408 214 3450 sunt
229 3400 245 3449 ii
260 3415 363 3463 quorum
378 3401 508 3463 opiniones
522 3413 591 3462 spem
614 3401 701 3450 salutis
714 3403 778 3450 baud
792 3417 850 3452 sane
862 3417 976 3465 magnam
994 3403 1051 3451 aile-

100 3478 158 3526 rent.
176 3473 253 3536 ldque
267 3477 332 3522 esset
344 3473 481 3524 eriameum
493 3471 601 3537 pernicie
612 3475 773 3536 conjunctum
785 3473 912 3524 christierni
922 3474 1029 3523 nominis
1046 3489 1053 3526 s

125 3643 145 3687 1.
155 3640 283 3697 tostam.
294 3641 328 3687 82.
