2574 3994
492 237 579 288 anm
599 237 719 287 eamus.
1035 223 1091 284 303

120 337 279 422 eligendus
292 343 371 401 esset
383 335 515 400 licerius
528 333 706 417 capitularis
719 382 726 412 ,
743 339 773 397 et
786 332 920 416 primum
936 351 998 396 non
1013 332 1096 396 ades-

120 437 189 492 sent
202 435 270 492 rota
283 425 480 502 sufficientia,
496 425 605 488 valeret
622 431 694 486 lunc
713 441 851 486 accessus
866 424 991 484 minoris
1003 423 1096 504 partis

121 517 159 580 ad
179 519 344 596 majorem,
369 515 415 576 rel
435 513 560 595 aequalis
579 511 617 575 ad
641 512 810 594 equalem,
834 512 925 575 etiam
946 511 1097 594 publicato

121 607 267 674 scmtinio
282 603 463 683 (Reiffenst,
478 601 519 664 id.
536 613 571 664 n⁰
583 605 662 674 303,
677 605 760 682 ele).

34 767 36 771 ¹
153 689 1097 772 409.-'i·lluamvisidnonsildeproeeepto,cptandumlamen

122 790 167 846 est
181 782 263 864 qudd
276 781 383 844 electio
397 779 449 843 fiat
463 797 517 862 per
530 779 671 859 suffragia
685 785 809 842 secreta.
825 779 887 842 Nisi
906 780 976 842 verd
991 785 1098 841 statuta

104 879 108 887 '
121 870 250 953 Capituli
264 869 441 952 praecipiant
453 867 594 948 suffragia
604 874 717 930 secreta
730 867 786 930 sub
798 865 928 930 clausultl
943 867 1096 944 irritante,

121 959 255 1022 validum
272 965 317 1022 est
334 957 416 1040 quod
434 957 574 1020 cononici
596 957 662 1019 vird
678 974 751 1020 voce
774 955 961 1022 concludunt
975 957 1096 1039 (Bouix,

123 1047 170 1112 Dc
184 1047 332 1130 Capitul,
347 1066 378 1129 p.
393 1047 474 1127 300).

163 1139 198 1198 ln
217 1137 363 1200 electione
376 1143 479 1198 lamen
497 1135 687 1217 superiorum
701 1134 882 1215 regularium
896 1136 942 1199 rel
962 1135 1097 1216 superio·

122 1225 268 1288 rissarum
281 1223 471 1300 monialium,
487 1225 549 1286 imd
559 1225 591 1285 in
605 1223 750 1286 electione
759 1242 1021 1305 quorumcumque
1031 1223 1097 1285 old-

122 1315 246 1377 cialium
260 1313 470 1396 religiosorum
487 1313 644 1394 utriusque
663 1313 752 1373 sexus
765 1358 772 1389 ,
787 1312 843 1374 sub
853 1318 943 1394 poena
956 1312 1098 1374 nullitalis

123 1403 327 1485 praescribitur
340 1399 482 1466 aConcil.
494 1401 587 1471 Trid..
601 1419 674 1464 sess.
690 1404 741 1476 35,
756 1419 822 1483 cap.
835 1405 866 1477 6,
875 1401 957 1482 quod
966 1407 1032 1462 vola
1040 1401 1099 1461 sint

123 1489 1099 1571 secreta.ldiactumeslulpraescinderenlurinimicitieintercon-

123 1579 230 1644 fratres
243 1581 294 1662 qui
309 1581 456 1663 perpetuo
471 1578 560 1641 simul
571 1579 669 1642 vivore
680 1584 821 1641 tenentur
833 1597 840 1640 :
850 1577 914 1641 haec
927 1577 1099 1641 constitutio

123 1675 186 1732 tom
201 1670 301 1733 strioll
321 1669 452 1749 obligat,
467 1675 500 1731 ut
514 1667 620 1730 electio
633 1668 671 1730 sit
685 1667 767 1730 nulla
787 1667 812 1730 si
835 1667 881 1730 vel
895 1685 975 1732 unus
988 1666 1097 1729 eleeto-

123 1776 194 1822 rum
224 1764 328 1822 votum
356 1775 474 1835 suum,
499 1757 688 1839 permittente
715 1755 873 1840 Capitale,
902 1755 1066 1840 publicaret
1088 1773 1096 1817 :

123 1865 212 1910 secus
226 1853 328 1910 lamen
338 1847 362 1910 si
380 1846 412 1908 id
424 1847 628 1928 contingeret,
645 1845 741 1909 inscio
756 1852 808 1908 aul
821 1861 883 1908 non
894 1845 1098 1909 consentiente

125 1935 282 2017 Capitulo,
304 1943 334 1998 et
352 1933 383 1997 id
402 1934 526 2016 quidem
546 1936 579 1996 in
601 1934 666 2016 ipsl
684 1934 850 2012 electione;
872 1941 974 2017 postea
996 1941 1097 1995 tames

124 2023 268 2105 perdurat
297 2023 440 2104 obligatio
465 2031 613 2087 secretum
637 2023 775 2086 servandi
798 2023 935 2106 quamvis
957 2039 1011 2105 per
1033 2024 1098 2101 ejus

123 2111 317 2174 violationem
336 2112 480 2195 deinceps
502 2113 695 2175 commissam
709 2113 814 2175 electio
838 2130 900 2174 non
914 2111 1096 2174 annulletur.

124 2199 163 2263 V.
189 2201 302 2278 Bouix,
319 2201 364 2264 De
383 2201 539 2282 depellar,
554 2207 576 2262 l.
599 2205 629 2276 3,
651 2220 683 2284 p.
702 2205 762 2262 tlt
783 2208 813 2263 et
824 2205 884 2264 415
900 2219 910 2278 3
928 2199 1096 2278 Reideast,

125 2287 182 2367 ib„
197 2293 316 2366 10345,
332 2297 403 2367 etc.;
419 2297 448 2353 et
462 2289 539 2352 inira
552 2289 680 2353 dicenda
694 2290 806 2368 (3330).

164 2380 235 2442 llll.
245 2382 325 2441 -tl⁰
339 2378 452 2441 Eleclio
467 2377 529 2442 iteri
546 2380 650 2461 nequit
659 2397 716 2462 per
730 2385 860 2457 sortem,
875 2395 912 2442 ex
925 2395 991 2459 cap.
1008 2379 1038 2450 3,
1055 2377 1099 2440 De

124 2466 387 2548 Sortr'lep.;Bouix
402 2475 502 2530 lamen
512 2467 566 2546 (De
582 2467 729 2552 Capitol,
740 2487 771 2550 p.
787 2470 868 2544 303),
883 2468 1096 2530 oilanscecco·

124 2557 269 2636 perium,
293 2555 403 2638 excipit
422 2573 526 2619 casum
545 2557 577 2618 in
600 2575 662 2639 quo
689 2563 756 2640 post
779 2557 886 2620 binum
909 2555 954 2620 vel
977 2563 1096 2618 ternum

124 2645 325 2722 scrutinium,
340 2652 430 2708 staret
447 2647 557 2728 paritas
570 2651 706 2710 votorum
721 2647 798 2710 inter
812 2645 889 2708 duos
902 2645 1094 2721 candidal0s3

125 2739 239 2796 sortem
261 2740 335 2796 tuno
356 2734 455 2796 solum
478 2735 621 2816 permittit
635 2737 666 2797 S.
682 2736 803 2816 Lignor.
830 2735 894 2812 (lib.
922 2738 952 2812 3,
977 2739 1012 2796 n⁰
1035 2737 1094 2813 ll),

125 2820 249 2901 quando
262 2819 296 2884 fit
306 2824 523 2886 exauctorilale
530 2823 639 2904 iudicis
652 2843 707 2906 pro
720 2824 893 2886 decidendis
902 2824 1004 2888 lilibus
1017 2825 1097 2889 circa

125 2908 226 2974 ollicia
236 2918 288 2975 aut
300 2911 446 2976 beneficia
459 2913 669 2975 ecclesiastica.
685 2913 761 2975 Vide
773 2913 901 2976 dicende
911 2913 1030 2994 (3303).
1114 2988 1116 2994 ‚

165 3003 237 3062 tlt.
261 3001 383 3074 Ouaerit.
399 3007 432 3062 4⁰
445 3001 523 3074 Quid
538 2999 688 3083 agendum
703 3002 755 3069 sit,
771 3006 890 3084 peracta
904 3003 1068 3066 electione?

166 3089 256 3170 itesp.
276 3111 292 3148 r
311 3089 455 3163 Absolute
472 3097 502 3152 ct
521 3090 664 3172 patefacta
685 3090 849 3168 electione,
869 3089 1026 3154 conficitur
1047 3092 1097 3155 de-

125 3195 143 3238 o
165 3186 283 3240 eretum
296 3177 378 3260 quod
391 3179 585 3242 subscribunt
603 3180 765 3260 eligentes,
785 3180 894 3262 quibus
910 3186 984 3244 lunc
997 3183 1096 3245 omnis

11 3281 12 3292 ¹
125 3285 142 3325 r
165 3265 297 3328 variandi
313 3275 441 3350 potestas
463 3267 614 3330 adimitur.
632 3269 702 3350 Cap.
719 3272 769 3346 30,
788 3272 824 3330 31
845 3276 874 3330 et
888 3271 938 3347 58,
959 3269 994 3331 de
1008 3271 1095 3333 Elec·

11 3329 13 3450 {
124 3373 144 3410 s
166 3353 278 3430 tane.
296 3355 409 3434 nevos,
426 3356 477 3419 au.
494 3361 523 3432 r,
538 3355 583 3418 at.
600 3361 630 3434 s,
646 3362 717 3420 ool.
734 3361 763 3434 r,
778 3357 796 3438 5
811 3361 859 3422 re.

166 3442 235 3505 lllox
258 3442 370 3520 electo,
394 3444 424 3505 id
458 3451 501 3508 est
524 3445 601 3508 intra
623 3452 692 3508 octo
718 3445 808 3524 dies,
838 3445 983 3510 notificari
1009 3447 1096 3512 delret
1212 3507 1214 3512 .

126 3529 232 3594 electio
246 3532 345 3612 (dard.
362 3533 477 3614 Soglia,
493 3533 585 3596 lustr.
601 3535 669 3600 Jur.
680 3535 776 3618 prio,
791 3535 809 3616 ξ
822 3539 883 3611 36).

166 3619 260 3684 diecti
274 3637 441 3686 consensus
457 3621 605 3700 petendae
625 3629 687 3700 est,
711 3629 741 3686 et
759 3623 825 3706 ipra
843 3621 921 3684 lolia
940 3637 1094 3702 mensem,
