2496 3992
208 226 266 286 678
415 235 553 284 annosos
573 234 676 286 rorros
698 237 780 284 sonte
802 237 954 285 canorum.

208 367 282 418 tentia
296 365 372 416 :Non
386 369 538 429 estpotestate
552 364 627 414 nisis
638 363 711 423 Dee‚·
726 379 757 414 ex
772 378 821 428 quo
834 369 961 429 nmquam
971 381 1003 417 ex
1014 381 1095 418 eausa
1107 369 1168 418 mse

208 437 330 490 concludit
344 451 349 484 :
365 437 483 500 Princeps
494 435 539 486 Del
554 437 670 486 minister
681 438 746 487 est¹.

180 535 183 542 ι
238 509 353 560 Ecclesiae
369 510 453 558 Patres
477 509 540 556 banc
554 507 641 570 ipsam,
657 507 689 556 ad
701 521 775 570 quam
786 507 886 558 luerent
897 509 1017 572 instituti,
1028 513 1169 562 doctrinan

209 581 313 644 proliteri
325 595 352 630 nc
363 594 497 644 propagare
508 580 639 643 diligenter
654 581 810 630 studuerunt.
830 577 887 632 lien
898 583 1060 638 tribuamus.
1084 585 1107 632 S.
1126 591 1169 634 ,tn-

209 653 319 720 pustinus
335 653 379 712 sit,
391 653 466 701 desit
478 653 549 714 repat
566 657 592 701 et
603 651 704 713 imperti
715 654 875 714 potestatem.
890 654 942 702 nist
958 669 1020 704 nero
1037 657 1119 705 ileos.
1146 659 1170 704 Ιι

210 727 321 776 eamdem
336 723 513 774 sentcntismS.
524 723 835 786 ioannesssbrysostourus,
847 725 917 788 Quod
928 727 1166 788 principaturum.
1238 699 1242 758 ¹

210 797 296 860 inquil,
308 795 403 859 etpuod
419 795 467 844 etti
481 796 616 860 imperent,
633 793 682 843 elli
697 794 803 856 subiecti
819 796 881 852 sint.
904 811 985 861 nepus
998 799 1096 848 omnia
1111 811 1169 848 ess·

210 877 231 919 et
245 873 341 919 temere
357 868 497 932 serantur...
513 865 608 916 elicisse
625 877 677 915 esre
689 867 823 930 sapientie
836 867 923 918 altem.
942 871 967 917 ttl
984 869 1169 932 ipsumscrc·

210 942 290 1005 gorius
302 941 403 1003 Magnus
416 941 564 988 testatusest
580 936 697 1000 inquiens
712 951 718 986 ι
736 937 897 989 Poteststem
914 940 1125 1004 imperatoribus
1140 957 1169 989 sc

210 1011 314 1077 llepiius
335 1011 433 1061 emittes
449 1009 536 1060 dotem
550 1009 700 1070 fatemuri.
725 1011 805 1060 Immo
829 1010 908 1059 sancti
934 1011 1056 1062 Doctores
1084 1013 1169 1062 esders

210 1087 329 1146 praecepte
350 1082 423 1132 etism
435 1080 543 1130 naturali
559 1079 664 1130 rationis
677 1079 772 1130 lumine
788 1081 935 1131 illustranda
952 1089 1129 1144 susceperunt.
1145 1091 1170 1132 ut

210 1156 246 1204 sel
258 1154 296 1210 iis,
312 1153 354 1215 qui
364 1153 485 1202 rationem
499 1153 575 1202 solam
588 1151 679 1200 ducem
693 1156 837 1214 sequuntur,
851 1153 953 1202 omnino
964 1154 1047 1202 rideri
1061 1159 1131 1203 reeta
1145 1161 1169 1202 st

210 1241 266 1276 vers
279 1225 394 1275 debeant.
408 1251 437 1262 -
450 1223 479 1272 lit
493 1237 553 1274 sane
568 1224 682 1272 homines
705 1223 730 1272 in
752 1223 817 1274 cirili
840 1225 958 1274 societate
978 1225 1065 1274 vivere
1080 1229 1167 1274 natura

210 1297 283 1359 iubet,
306 1311 349 1346 seu
363 1296 444 1346 verius
467 1299 554 1344 auetor
567 1299 664 1344 naturas
677 1297 741 1344 beus
756 1310 763 1344 ι
776 1297 840 1358 quod
852 1297 981 1358 perspicue
997 1297 1169 1346 demonstrant

210 1375 234 1422 et
253 1369 357 1418 maxima
370 1367 493 1418 societatis
508 1365 661 1416 conciliatrix
676 1367 794 1429 loquendi
805 1369 909 1416 facultas
918 1373 944 1416 et
958 1367 1052 1417 innatae
1065 1371 1165 1430 appeti-

210 1439 370 1492 tionesanimi
383 1439 517 1502 perplures,
534 1443 559 1486 et
575 1451 615 1486 res
628 1436 776 1487 necessarie
793 1438 876 1487 multae
893 1452 922 1486 ac
937 1439 1166 1502 magnimornenti.

210 1528 269 1576 quas
282 1511 383 1561 solitarii
396 1509 492 1571 assequi
511 1509 623 1558 homines
635 1523 682 1556 non
696 1513 806 1572 possunt,
820 1508 900 1570 juncti
915 1518 940 1558 et
956 1510 1096 1559 consociati
1108 1527 1165 1560 curn

210 1584 291 1634 alteris
306 1582 548 1644 assequunturllunc
560 1595 627 1638 vero,
638 1593 718 1642 neque
728 1580 834 1630 existere
847 1593 927 1642 neque
939 1581 1047 1644 intelligi
1061 1583 1165 1632 societas

211 1658 299 1720 potest,
319 1654 344 1704 iu
356 1668 404 1715 qua
421 1667 469 1702 non
491 1652 584 1713 aliquis
597 1655 719 1713 temperet
734 1651 888 1714 cingulorum
899 1652 1037 1702 uoluntates
1058 1659 1087 1704 ut
1104 1656 1167 1703 relnt

211 1740 287 1775 unnrn
313 1723 356 1772 llst
371 1739 402 1772 ex
419 1723 541 1786 pluribus.
556 1737 647 1784 casque
661 1721 692 1770 ad
703 1725 937 1772 commonebonurn
952 1731 1020 1773 reete
1037 1729 1114 1787 etque
1131 1741 1165 1774 ar·

211 1798 266 1847 dine
277 1795 385 1857 impellat
398 1811 403 1842 :
416 1794 491 1843 voltrlt
501 1795 576 1859 igitur
587 1795 651 1842 bens
662 1797 689 1842 ul
702 1793 728 1842 in
741 1793 807 1841 civili
817 1795 934 1843 societate
945 1797 1039 1852 assent,
1050 1797 1095 1857 qui
1106 1799 1164 1846 mnt-

212 1867 310 1918 titmlini
327 1867 484 1928 imperarent.
501 1893 530 1902 -
544 1867 621 1927 ltqne
634 1864 695 1912 illud
713 1863 785 1913 etiam
801 1877 954 1929 magnopere
968 1867 1042 1926 valet,
1060 1871 1129 1929 qnod
1142 1869 1164 1928 ii,

212 1953 313 2001 qnorum
326 1937 469 1986 auctoritate
484 1935 623 2000 respublica
639 1935 836 1996 administratur,
853 1937 943 1985 debent
957 1936 1024 1986 cives
1045 1937 1082 1987 ita
1098 1955 1165 2001 posse

213 2022 299 2074 cogere
312 2009 342 2058 ad
357 2009 500 2070 parendum,
523 2011 550 2056 ut
564 2007 602 2056 lais
627 2007 700 2069 plane
715 2011 843 2068 peecatum
859 2007 890 2056 sit
907 2019 956 2054 non
972 2021 1074 2069 parere.
1094 2011 1166 2060 bema
1240 2001 1241 2014 ¹

213 2087 295 2132 autem
312 2079 439 2129 hominum
463 2081 537 2128 hebet
555 2079 580 2127 in
595 2093 623 2128 se
640 2083 682 2126 aut
694 2091 770 2136 exse,
787 2079 852 2128 unde
869 2077 945 2142 possit
964 2075 1110 2140 hujusmodi
1126 2084 1167 2131 im

213 2151 392 2218 periirinculis
411 2151 519 2201 liberam
546 2154 685 2199 ceterorum
710 2148 861 2198 voluntatem
885 2149 1064 2212 constringere.
1091 2154 1166 2204 Unice

213 2239 294 2275 reruni
312 2225 420 2273 omniurn
438 2221 585 2286 procreatori
599 2226 624 2270 et
638 2219 775 2284 legislatori
789 2221 836 2270 lieo
850 2233 880 2270 ee
895 2225 1005 2283 potestas
1021 2227 1060 2270 est
1076 2238 1165 2286 :qoem

213 2297 255 2360 qul
270 2299 392 2354 exercent,
415 2299 541 2356 tamquam
555 2307 569 2341 a
583 2293 631 2342 lteo
648 2305 732 2340 secum
753 2291 958 2342 communicatam
976 2301 1111 2343 exerceant
1126 2311 1167 2344 ne-

213 2373 335 2419 cesseest.
355 2363 1166 2428 Usesestlsotsloteretiudre.qutpetestperdereerliberam.

214 2442 283 2500 Quod
299 2437 443 2503 perspicitur
468 2437 536 2486 idem
559 2434 584 2484 in
600 2433 665 2484 omni
681 2447 774 2499 genere
786 2435 922 2498 potcstatis.
941 2436 1010 2495 llam,
1025 2450 1083 2498 quse
1096 2437 1120 2486 in
1131 2452 1167 2486 sa·

215 2511 353 2562 cerdotibus
368 2513 413 2570 est,
431 2507 553 2572 proticisci
566 2521 581 2555 a
596 2507 643 2554 ileo
659 2509 707 2554 tarn
722 2511 760 2554 est
782 2506 907 2569 cognitum
921 2511 948 2555 ut
971 2505 989 2555 ii
1002 2509 1068 2568 apud
1082 2523 1167 2559 omnes

216 2585 317 2648 populos
332 2581 439 2631 ministri
452 2585 475 2630 el
485 2579 622 2628 habeantur
637 2581 662 2625 et
675 2577 827 2640 appellentur
840 2578 893 2629 bei.
920 2577 1037 2626 Similiter
1058 2585 1167 2640 potestas

215 2661 309 2720 patrum
323 2652 426 2702 familias
436 2663 576 2714 expressam
588 2649 680 2697 retinet
690 2648 934 2712 quemdamelllgiem
947 2663 976 2698 ac
991 2649 1096 2698 lorrnam
1109 2666 1166 2700 anc-

219 2725 326 2780 britatis.
337 2727 434 2786 queest
444 2723 533 2780 iubeo,
547 2735 580 2770 ee
595 2733 642 2784 quo
657 2719 744 2769 omnis
755 2721 899 2781 paternitas
909 2721 936 2770 tn
949 2721 1049 2770 eoettset
1061 2723 1089 2770 tn
1101 2729 1166 2774 terre

216 2797 389 2850 seminatore.
408 2795 455 2843 islo
481 2797 564 2842 antem
578 2793 648 2840 niodo
662 2791 759 2840 diverse
771 2803 860 2855 genera
869 2791 999 2854 potestatis
1015 2793 1092 2841 mirso
1104 2794 1166 2844 inter

214 2883 241 2918 se
253 2867 344 2917 babent
357 2863 542 2923 similitudines,
554 2875 609 2912 curn
621 2861 740 2926 quidquid
756 2861 848 2923 uspiam
861 2867 898 2912 est
910 2862 1009 2925 imperii
1023 2869 1049 2912 et
1063 2865 1166 2914 auctori-

214 2937 341 2998 estlssjtn
351 2939 381 2986 ab
404 2950 453 2986 uno
464 2935 596 2998 eodemque
610 2933 698 2982 mundi
714 2931 801 2994 opillus
817 2937 842 2982 et
852 2933 962 2993 domino,
979 2935 1023 2995 qul
1040 2935 1107 2985 bens
1117 2942 1163 2998 eet,

215 3011 250 3060 ori
261 3025 283 3058 ro
295 3009 408 3060 ducatur.

245 3027 290 3138 ffel
304 3079 403 3128 civilem
418 3079 587 3130 societatemn
603 3077 680 3127 libero
692 3077 821 3126 hominum
839 3089 958 3126 consensu
974 3080 1056 3124 natam
1070 3079 1164 3138 solunt,

214 3152 290 3215 {posius
315 3149 410 3212 imperii
423 3155 503 3199 ortum
517 3163 549 3200 ex
565 3152 649 3199 codem
663 3150 727 3198 lente
741 3151 862 3213 petentes,
875 3147 973 3211 dejure
989 3163 1036 3199 sno
1052 3148 1168 3212 inquiunt

1239 3209 1240 3238 l

240 3305 376 3351 l.lelltom.
389 3305 500 3354 xm‚l.t,

240 3363 260 3404 9.
271 3361 301 3404 lle
311 3361 357 3404 Cis.
375 3360 420 3409 liei,
431 3359 468 3402 llb.
485 3373 506 3402 v.
520 3371 567 3422 esp.
582 3359 618 3401 21.

239 3416 261 3457 ll.
274 3415 298 3455 ln
307 3415 370 3468 epist.
386 3415 410 3454 nt
422 3413 483 3454 Rom.
497 3413 571 3456 nemu.
587 3421 649 3463 xxiii,
660 3423 683 3454 n.
693 3413 716 3458 i.

239 3467 262 3508 t.
275 3467 298 3508 ln
310 3466 372 3520 epist.
387 3466 425 3510 lib.
439 3475 464 3517 ιι,
475 3465 537 3517 epist.
549 3463 583 3506 et.

240 3520 261 3560 5.
273 3519 316 3563 tae,
329 3527 359 3562 lv.
371 3518 406 3561 lu.

241 3571 263 3614 s,
279 3571 395 3625 senense.
412 3579 445 3622 ns,
458 3569 494 3612 ts.
