2586 3988
505 268 682 323 rnurtrto,
1041 286 1071 330 lx

104 393 267 461 mittimus
284 393 426 467 :hucin
448 393 560 466 datin
578 417 642 462 non
661 395 908 477 criminantem
927 395 994 466 hue
1012 417 1074 465 non

103 491 173 547 sunt
188 493 316 571 receptu
330 487 422 574 apud
436 508 495 552 nor
515 507 528 553 .·
552 483 645 571 quasi
669 482 769 552 uattta
785 485 905 550 donata
925 485 1038 553 suisset
1056 507 1074 554 a

103 567 227 638 [linisto
244 574 424 662 privilegio
439 593 504 641 non
518 573 717 660 obsequendi
735 572 762 638 ei
780 573 832 640 cui
846 585 950 640 tomen
965 571 1074 642 Chris·

103 669 282 728 tuscuram
306 661 411 730 totius
435 663 544 748 gregis
567 661 616 727 sui
638 660 800 728 commisit
822 662 944 749 absque
960 683 1074 750 excep·

103 745 201 814 tione.
217 747 466 819 Dictaasser'tio
487 749 670 817 verificatur
691 749 855 838 imprimis
868 751 973 836 quoad
993 751 1076 817 deri·

105 835 211 903 siones
231 837 462 906 Romanarum
487 835 807 924 Congregationum:
829 837 1075 918 utramvisenim

107 922 176 988 tuce
191 926 382 994 meridiana
397 927 517 994 ctariirs
533 927 584 1002 sit,
608 925 803 1012 Supremam
823 925 1000 1005 Pastorem,
1016 926 1075 994 Pa·

107 1031 178 1097 pam
195 1013 365 1096 uidelicet,
392 1016 458 1082 sive
479 1035 538 1102 per
549 1035 595 1094 se,
611 1016 675 1080 sive
690 1035 747 1100 per
774 1013 919 1082 tientes
933 1027 964 1082 et
983 1015 1075 1083 oete

108 1111 211 1184 gatos,
229 1121 331 1190 posse
346 1124 439 1170 snam
460 1105 585 1190 ptenam
596 1101 859 1189 jurisdictionem
877 1123 1029 1171 exercere
1041 1103 1069 1172 in

108 1207 237 1256 omnem
256 1189 434 1258 Ecclesiam
453 1212 462 1274 ;
478 1201 629 1266 attamen,
647 1211 711 1256 non
724 1191 1072 1277 obstantibusexpres-

109 1275 150 1342 sis
164 1277 454 1347 Declarationilrus
467 1278 499 1347 S.
521 1279 700 1360 Pontificis,
718 1299 781 1345 non
797 1281 873 1347 raro
893 1279 1010 1347 acrzidit
1026 1292 1073 1364 ut,

111 1362 139 1429 in
154 1365 273 1446 Gallia,
301 1366 332 1433 ei
345 1368 401 1455 qui
419 1369 451 1434 in
464 1366 689 1456 probationem
705 1387 840 1434 suarum
858 1370 1075 1436 assertionum

111 1451 200 1520 at'tert
218 1454 348 1544 aliquas
356 1454 751 1544 responsionrsdictarum
766 1453 1073 1542 congregationum,

112 1543 219 1608 statim
236 1543 367 1610 dicatur
384 1566 391 1611 :
410 1549 619 1631 conprobare
637 1543 824 1630 hujusmodi
847 1547 1073 1632 responsiones,

111 1640 141 1695 eo
156 1632 243 1718 quod
255 1633 344 1718 uprtd
367 1653 501 1700 necnon
516 1633 711 1699 admittatur
733 1653 843 1700 eurum
876 1635 1076 1716 unctoritns;

115 1719 274 1808 talemque
298 1741 363 1788 esse
380 1729 524 1808 nostrum
547 1720 724 1788 libertatem
743 1744 780 1788 uc
799 1724 1074 1790 consuetudinem:

114 1809 207 1892 quasi
225 1821 334 1895 posset
360 1809 530 1896 praescribi
547 1821 659 1875 contra
681 1807 736 1898 jus
760 1811 903 1878 divinum
929 1813 1077 1888 obtinens

114 1894 223 1962 fideles
234 1917 350 1964 omnes
365 1898 403 1964 ad
420 1898 708 1984 obtemperandum
723 1896 906 1966 Successori
922 1899 956 1966 B.
976 1899 1074 1976 Petri,

116 1983 205 2050 etsie
225 1984 330 2050 minui
346 1987 466 2052 vateret
481 1986 656 2052 auctoritas
676 1986 716 2052 ab
732 1987 800 2074 ipsu
814 1987 878 2055 Deo
900 1989 1077 2056 constituta

116 2082 145 2138 et
159 2071 288 2138 firmata
305 2073 462 2162 usquead
484 2071 579 2140 finem
597 2074 720 2142 mundi.

156 2191 290 2262 Admitti
304 2196 436 2282 quidem
451 2205 566 2282 potest,
581 2195 647 2264 imo
661 2205 691 2262 et
703 2195 797 2265 debet
808 2199 988 2268 auctoritas
1002 2219 1078 2266 con·

119 2282 311 2363 suetudinis
330 2283 461 2351 utinira
479 2282 597 2348 dicturi
614 2305 740 2360 somus
759 2286 813 2351 sed
831 2287 1078 2356 consuetudinis

121 2371 239 2436 tentum
260 2370 329 2438 suis
350 2371 503 2458 legitimis
518 2371 640 2440 vestitae
661 2373 916 2454 conditionibus,
937 2397 1077 2464 quarum

118 2469 313 2524 numeroest
327 2459 413 2545 quon
429 2461 470 2526 sit
483 2459 696 2540 rationabitis‚
715 2461 852 2549 proinde
876 2483 942 2529 [lon
965 2476 1078 2532 contra

116 2543 164 2629 jus
175 2545 321 2612 divinum
342 2557 398 2613 aut
414 2549 578 2626 naturale;
601 2549 735 2637 iusuper
750 2550 837 2638 quod
852 2551 982 2618 accedat
999 2553 1077 2620 taci-

118 2645 166 2699 tus
195 2633 308 2702 saitem
335 2647 391 2701 aut
414 2636 525 2723 legatis
554 2635 740 2724 Superioris
766 2659 956 2708 consensus.
993 2639 1077 2728 Ergo

118 2722 322 2809 praescriptio
347 2724 477 2809 allegari
495 2726 620 2811 nequit,
638 2727 767 2812 quando
781 2729 888 2815 agitur
908 2731 945 2796 de
964 2731 1053 2796 immi
1070 2769 1078 2786 ·

117 2809 249 2876 notione
270 2811 435 2898 potestatis
451 2833 547 2900 quam
571 2811 720 2881 Christus
736 2817 894 2884 concessit
912 2839 971 2885 suo
987 2818 1078 2887 Vica-

118 2897 165 2962 rio
187 2919 194 2964 :
216 2899 293 2986 quia
308 2921 400 2966 secus
419 2902 632 2987 derogaretur
644 2902 712 2990 juri
736 2904 867 2986 divino;
885 2919 916 2973 et
942 2907 1076 2994 insuper

119 2983 341 3072 Superiorseu
356 2986 459 3076 Caput
472 2989 619 3057 Eeclesiae
636 3012 699 3058 non
717 2994 840 3060 tantirm
860 3014 925 3061 non
941 3015 1077 3062 consen·

120 3074 163 3152 tit,
178 3075 233 3141 sed
251 3095 311 3142 nec
325 3077 508 3144 consentire
524 3089 640 3165 potest,
663 3080 736 3146 cunr
750 3094 887 3170 nequeat
903 3084 1077 3154 immutare

119 3163 336 3230 conditionem
351 3186 448 3253 quam
464 3165 549 3232 Deus
565 3167 609 3233 itti
624 3178 657 3235 et
668 3169 823 3238 Ecclesiae
840 3191 906 3239 susc
923 3172 1009 3242 tecit.

159 3281 202 3349 Er
217 3282 269 3350 his
284 3283 394 3351 lectori
412 3283 478 3372 jam
495 3288 581 3356 ctare
594 3289 778 3376 perspicere
794 3291 869 3358 ticet
881 3291 967 3380 quun
984 3295 1076 3381 puris

117 3369 1079 3464 EcclesiecRomanaeprincipiistotomtrocttanuotcsitinni·

118 3479 204 3527 xum.
224 3460 367 3548 trigenas
377 3463 462 3528 enim
477 3463 615 3531 fatemur
628 3486 687 3532 nos
700 3467 880 3556 intelligere
896 3489 960 3534 non
973 3476 1078 3536 vetere

118 3550 282 3636 quomodo
298 3549 581 3620 aliofundamcnto
599 3555 737 3623 stabiliri
754 3567 861 3642 posset
873 3555 1080 3623 JusCanoni·

119 3657 189 3704 cum
205 3658 213 3704 :
226 3636 311 3705 nihil
324 3639 412 3708 enirn
422 3639 509 3709 aliud
521 3653 568 3710 est
580 3641 666 3712 istud
673 3647 773 3732 quiam
782 3643 961 3727 complexio
969 3644 1079 3726 legum
