2574 3994
200 291 257 352 rsa
417 309 556 357 nruuam
575 308 676 359 sortus
696 299 778 358 tunrs
798 309 946 358 cauemcr.

198 410 359 490 potestate,
384 407 535 476 ordinarit
557 411 670 476 scilieet
691 417 721 474 et
740 411 899 494 cetegum
929 427 1130 496 quanquam,
1152 407 1180 475 si

197 495 272 558 nihil
291 497 457 580 exprimat,
479 509 639 566 censeatur
657 519 731 565 usus
745 501 836 564 luisse
854 505 890 565 et
907 521 976 584 quaa
990 503 1062 564 lacit
1074 509 1179 564 actum

199 585 307 649 valere.
332 589 399 650 Non
418 597 518 670 posset
540 597 643 654 autem
664 591 832 672 Episcopus
850 589 946 654 valide
960 589 1181 654 dismembrare

199 675 371 756 parochiam
394 685 566 762 exemptam
589 685 734 762 potestate
757 681 812 742 sut
833 679 1005 758 ordinarit,
1029 679 1083 742 sed
1101 679 1181 742 salet

198 772 343 846 potestate
356 764 502 850 delegata.
514 769 557 832 Ita
571 769 721 849 Fagnau,
732 786 781 852 ap.
798 771 835 832 D.
852 768 964 846 Bouix,
979 769 1023 831 Ile
1034 768 1178 844 Par-octo,

238 945 308 1006 355.
330 945 365 1006 In
376 943 480 1021 Gallie,
490 945 519 1008 vi
533 947 710 1012 concordati
722 994 730 1026 ,
742 953 776 1010 ut
785 945 1009 1030 supradiximus
1018 945 1109 1026 (339),
1120 963 1178 1027 pro

198 1030 492 1116 circumscriptione,
515 1051 551 1097 ac
576 1034 703 1117 proinde
723 1053 777 1118 pro
804 1033 1072 1098 dismembratione
1089 1051 1175 1116 paro·

198 1118 354 1200 chiorum
379 1121 541 1204 requiritur
568 1123 707 1205 gubernii
731 1141 882 1188 assensus.
907 1124 1046 1186 Diximus
1070 1119 1177 1190 ibidem

199 1225 339 1290 quaenam
354 1209 547 1274 formalitates
561 1214 579 1274 d
594 1213 660 1294 lege
673 1211 751 1274 civili
767 1213 827 1274 sint
840 1221 914 1276 tunc
927 1211 1133 1274 observande.

238 1301 307 1361 356.
331 1300 452 1372 Quaeril.
481 1303 512 1362 l⁰
537 1303 584 1363 tln
604 1301 755 1384 Episcopo
779 1301 863 1364 liceat
889 1309 1005 1386 partem
1029 1299 1180 1384 parochiae

198 1385 416 1453 ‹tisrnembrwara
430 1397 463 1452 ut
476 1389 584 1452 altari
573 1407 636 1469 Jam
651 1391 789 1452 existenti
804 1389 973 1474 adjungat?

240 1481 328 1560 Hesp.
350 1479 404 1540 ch
424 1497 485 1541 non
506 1477 555 1559 agi
572 1477 611 1540 de
634 1477 901 1543 dismembratione
922 1477 1076 1542 fructuum
1090 1497 1180 1562 paro·

200 1565 297 1646 chiae,
327 1567 487 1648 quaelicet
512 1569 551 1628 sit
572 1567 750 1648 regulariter
773 1567 957 1650 prohibita
950 1587 982 1630 m
1009 1585 1075 1651 cap.
1105 1569 1181 1630 cem

199 1674 324 1728 causon,
336 1655 371 1717 dc
386 1655 567 1728 Proelcndis,
580 1655 632 1717 ubi
646 1655 773 1717 dicitur·
788 1679 803 1714 o
817 1655 1069 1756 Respondemus..
1076 1657 1180 1739 ,quod

200 1766 215 1802 a
240 1753 349 1806 nostrae
364 1744 538 1806 intentionis
550 1761 610 1806 non
626 1744 737 1805 exstitit
752 1751 784 1808 ut
796 1764 874 1826 ,pro
889 1745 1087 1826 integratione
1102 1765 1179 1828 prae-

200 1855 215 1893 a
240 1832 346 1896 bendae
369 1831 534 1914 supradicti
553 1833 696 1894 Canonici
706 1833 900 1916 ,rprabenda
917 1833 955 1896 de
979 1851 1057 1896 novo
1077 1833 1180 1916 aliqua

200 1945 216 1982 a
240 1915 444 1998 scinderetur,
466 1943 482 1980 r
500 1921 662 1984 attamen
656 1939 686 1983 rn
704 1923 793 1984 certis
807 1923 927 1986 casibus
941 1922 1019 1986 licite
1033 1923 1124 1985 etiam
1142 1924 1180 1985 ab

201 2013 223 2074 l
228 2009 547 2094 piseepisireripotest,
562 2017 684 2094 utpotet
692 2029 730 2073 ex
745 2011 858 2072 Concil.
873 2011 1007 2075 Trident.
1021 2019 1104 2090 (sess
1117 2017 1177 2084 Ἃ,

202 2119 267 2180 cup.
293 2104 359 2178 tut:
382 2099 420 2162 de
442 2097 493 2161 tali
513 2097 777 2162 dismembratione
792 2099 885 2162 iusior
904 2119 1003 2164 sermo
1025 2103 1081 2164 erit
1102 2101 1177 2163 inira

201 2193 397 2267 (custosne,
413 2191 522 2268 testu
538 2189 590 2250 sed
605 2189 730 2270 quaestio
740 2197 784 2252 est
798 2187 848 2252 hic
861 2189 899 2251 de
913 2190 1179 2253 dismembratione

202 2277 350 2359 parochiae
364 2277 464 2360 quoad
479 2277 573 2360 ipsius
583 2279 779 2354 territorium,
791 2278 828 2340 de
839 2281 899 2362 qud
909 2279 1028 2360 egimus
1039 2291 1071 2340 n⁰
1081 2283 1138 2342 337
1150 2286 1179 2342 et

201 2369 284 2430 atu
305 2387 400 2448 usque
415 2367 493 2443 lruc;
509 2373 540 2429 et
553 2367 751 2448 respondetur
765 2367 846 2449 qued
862 2370 892 2430 S.
910 2369 1033 2430 Carolus
1046 2369 1127 2430 risus
1141 2370 1180 2431 sit

201 2457 316 2540 opinari
341 2457 423 2537 qued
447 2456 602 2538 Episcopi,
624 2456 712 2536 justis
734 2455 908 2532 decausis,
932 2457 1049 2540 possint
1068 2456 1179 2520 dictam

200 2545 497 2608 dismembrationem
511 2547 627 2626 operari
638 2563 645 2605 ε
657 2544 808 2626 siquidem
818 2545 992 2608 insecundt
1002 2555 1180 2628 partecons·

202 2633 1177 2718 tituticnumsuitConcrliiProvincialrslActaMediol.,t.t,p.'t)‚

203 2725 302 2784 statuit
316 2730 349 2786 ut
362 2722 485 2806 quando
503 2721 716 2804 «parochiales
730 2723 863 2786 ecclesiae
877 2731 994 2806 partem
1005 2723 1115 2786 habent
1131 2725 1179 2788 sui

203 2833 218 2870 a
242 2811 346 2892 populi
364 2820 447 2874 extra
467 2813 580 2874 moenia
602 2811 723 2874 urbium
747 2813 793 2874 vel
815 2811 996 2894 oppidorum
1019 2812 1065 2876 vel
1087 2812 1178 2893 alibi,

201 2901 304 2982 »qud
319 2900 370 2962 liat
384 2909 416 2962 ut
425 2899 589 2982 parochus
606 2901 771 2982 praesertim
785 2909 937 2964 nocturno
949 2911 1105 2984 tempore,
1121 2903 1181 2965 illis

203 3011 217 3046 a
242 2985 1178 3080 honrtnibussacramantacommodeadnnnisnarenonpossit,

204 3099 218 3136 n
244 3076 274 3138 in
290 3077 347 3140 illis
368 3075 529 3160 Episcopi,
549 3087 601 3142 aut
622 3097 685 3142 eom
694 3087 812 3162 portem
834 3061 1021 3141 commodiori
1029 3079 1182 3164 paraclite

204 3187 218 3224 n
244 3165 360 3242 uniant,
376 3167 568 3231 autetiam...
585 3167 1046 3250 noraseonstituantparochias.
1060 3169 1181 3230 »Eam-

204 3253 274 3317 dem
295 3255 475 3317 sententiam
495 3257 684 3336 conplectitur
706 3267 812 3320 auctor
834 3258 974 3323 Proeleet.
998 3259 1034 3320 S.
1050 3259 1179 3340 Sutpua?
1259 3275 1262 3297 ¹

205 3346 378 3428 (sesses),
400 3344 452 3406 ubi
475 3343 587 3407 dictam
607 3345 907 3409 dismembrationem
931 3347 1088 3429 Episcopis
1111 3365 1180 3429 per-

205 3433 294 3496 mittit
306 3433 347 3495 ob
365 3433 443 3495 male
458 3432 618 3515 dispositos
637 3433 713 3497 fines
737 3435 908 3518 parochiae:
926 3437 956 3498 in
972 3436 1181 3520 probationem

205 3521 326 3587 adducit
344 3521 458 3586 Concil.
480 3522 613 3584 Trident.
635 3527 719 3602 (sess.
735 3529 791 3606 et,
811 3543 879 3607 cap.
896 3529 960 3605 13);
980 3523 1033 3587 sed
1048 3523 1122 3584 uilril
1135 3529 1181 3586 est
1278 3517 1279 3520 '

207 3611 237 3672 in
259 3609 340 3675 dicto
361 3611 458 3696 capite
477 3611 561 3696 qued
582 3611 689 3675 debeat
709 3613 834 3696 intelligi
852 3613 890 3676 de
912 3611 1182 3675 dismembraticne

208 3700 416 3780 parochiarum
438 3700 470 3762 in
492 3717 584 3764 sensu
607 3701 646 3764 de
673 3721 735 3770 uuo
757 3721 840 3764 nunc
865 3701 995 3784 agimus,
1010 3706 1044 3764 ut
1069 3703 1182 3764 attente
