2586 3988
218 235 258 300 bb
438 249 579 299 annuam
600 249 704 296 sortus
724 249 804 296 rums
824 239 972 297 ceroma,

219 356 310 418 modo
332 355 481 418 contraria
493 354 631 416 vobmtas
649 373 709 415 non
724 352 891 434 probetur:
911 349 1077 415 Deducitnr
1094 367 1132 412 cx
1146 365 1196 409 va·

218 445 271 506 riis
282 445 358 523 juris
372 445 488 507 romani
503 443 760 524 dispositionibus.

259 534 377 596 Dictum
399 536 453 598 luit
466 544 613 615 quantum
627 533 665 595 de
679 533 778 616 rigore
791 533 885 616 juris,
901 539 957 610 etc;
979 532 1061 612 quia,
1082 546 1196 590 secun-

219 621 293 686 dbm
313 625 564 687 consuetudinem
591 624 688 685 Curiae
714 641 863 690 romanas.
894 641 955 686 non
981 621 1055 683 solat
1077 617 1197 682 admitti

219 717 354 794 exceptio
368 713 502 778 detectus
521 713 650 776 mandent
664 721 768 776 oontm
782 713 934 796 Rescripta
945 715 1076 794 justitias.
1093 713 1196 796 (acin.

219 803 261 867 ib.
278 807 392 883 sta-sa).

259 899 309 958 bri.
333 895 455 967 Quaerit.
471 893 503 956 5υ
517 894 671 975 quomodb
684 892 907 975 interpretanda
919 893 980 958 sint
989 895 1154 976 rescripta?

259 986 349 1067 Resp.
367 988 397 1045 l⁰
412 987 578 1064 generatim
592 981 715 1066 quando
732 982 1015 1060 verbosantem,
1031 1003 1067 1046 ea
1084 983 1198 1046 intelli-

220 1074 319 1158 genda
332 1081 401 1138 sunt
419 1073 588 1136 secundnm
605 1090 801 1136 communem
820 1091 909 1136 usum
930 1073 1084 1155 loquendi.
1105 1074 1196 1155 (Cap.

221 1163 271 1226 Ad
282 1164 462 1226 audientium
478 1168 515 1226 ll
529 1211 535 1240 ‚
552 1163 596 1226 De
610 1163 755 1242 decimis.)

260 1255 349 1336 Resp.
365 1260 396 1316 2⁰
412 1254 443 1314 in
457 1253 550 1315 dubio
560 1301 567 1329 ,
579 1253 629 1316 ubi
644 1253 682 1315 de
696 1254 1009 1318 contraritPontilrcis
1029 1254 1199 1318 intentione

221 1361 284 1405 non
298 1350 429 1420 constat,
445 1343 589 1424 rescripta
610 1343 731 1422 justitia
753 1343 977 1426 interpretanda
996 1353 1066 1406 sunt
1085 1363 1199 1406 secun-

220 1432 294 1494 dnm
310 1433 360 1513 jus
378 1449 557 1504 commune,
577 1433 618 1494 it'a
631 1439 665 1494 ut
678 1451 770 1513 quam
789 1435 951 1495 minimirm
967 1434 1005 1496 ab
1023 1452 1059 1496 eo
1072 1433 1199 1498 reccda-

220 1528 279 1584 tur.
302 1524 344 1584 Ita
366 1522 534 1584 desumitur
548 1540 584 1584 ex
604 1541 671 1602 cap.
690 1524 815 1585 Consum
834 1543 865 1604 q.
889 1527 937 1586 18.
958 1524 1044 1586 Ratio
1062 1531 1107 1586 cst
1123 1525 1199 1606 quia

222 1612 410 1692 Rescriptum
423 1612 545 1693 justitiae
558 1611 734 1674 conceditur
744 1611 781 1674 ad
793 1613 870 1692 Juris
884 1613 1133 1676 observationem.

260 1697 387 1782 Insuper
401 1701 544 1782 rescripta
555 1699 677 1778 justitiae
691 1707 762 1763 sunt
776 1703 884 1764 strictae
894 1703 1147 1784 interpretationis
1160 1723 1199 1768 ac

221 1789 348 1871 proinde
362 1789 398 1851 ad
407 1808 511 1852 casum
519 1789 565 1850 vel
574 1809 735 1863 personam
746 1792 777 1852 in
789 1792 942 1872 ltescripto
954 1810 1013 1854 non
1023 1811 1199 1874 expressam

221 1877 339 1942 extendi
356 1897 415 1940 non
430 1877 551 1941 debent.
566 1881 609 1940 lta
623 1881 726 1941 Gtossa
740 1881 771 1941 in
781 1897 847 1962 cap.
864 1880 1199 1964 Nuanutlidellcscrip-

224 1969 261 2029 tis
288 1968 337 2030 ubi
363 1968 472 2030 dicitur
498 1967 576 2049 qnid
600 1967 667 2029 lites
693 1969 904 2052 restringendae
930 1971 991 2032 siat
1007 1971 1199 2054 potiusquam

222 2055 373 2119 locandae.

261 2149 351 2228 Resp.
366 2149 397 2209 3ο
412 2145 516 2218 Quoad
530 2149 684 2230 Rescripta
697 2151 818 2232 pratia,
837 2150 921 2233 larga
934 2151 1138 2233 interpretatio
1152 2157 1199 2214 est

221 2235 377 2313 iacienda,
393 2235 515 2317 quando
537 2255 573 2300 ea
592 2239 666 2301 nulli
686 2241 902 2322 praejudicant,
924 2261 961 2304 ex
980 2261 1046 2321 cap.
1068 2239 1148 2304 Olim
1162 2241 1199 2303 de

220 2325 300 2388 verb.
323 2325 427 2406 signif.
451 2325 652 2390 ubidicitur:
672 2351 688 2388 c
707 2331 781 2393 Cium
796 2330 934 2412 beneficio
952 2329 1122 2414 principum
1136 2331 1200 2391 sint

220 2414 441 2497 interpretando
457 2415 632 2497 turpissimi.
645 2441 660 2476 t>
674 2418 731 2480 Sed
740 2420 764 2481 si
775 2427 879 2500 agatur
888 2419 927 2482 de
937 2421 1097 2502 descriptis
1107 2438 1200 2500 super

220 2503 375 2567 beneficiis
395 2505 603 2568 ecclesiasticis
630 2508 825 2586 obtinendis,
854 2511 925 2590 quia
952 2510 1021 2572 talia
1046 2511 1200 2592 Rescripta

220 2591 370 2657 habentur
384 2593 591 2666 utantbitiosa‚
603 2599 702 2659 stricte
714 2605 784 2660 sunt
798 2599 1020 2679 interpretanda
1034 2609 1063 2660 et
1077 2601 1201 2662 restrin-

221 2683 332 2764 genda.
349 2686 391 2745 lta
405 2686 609 2748 communiter
618 2695 646 2749 ct
656 2686 784 2750 babetur
798 2706 973 2770 expressum
983 2709 1050 2772 cap.
1066 2689 1200 2771 quoarois

220 2773 251 2834 3.
267 2772 302 2834 tle
318 2774 417 2837 aroc.
434 2775 465 2836 in
475 2779 516 2844 6⁰.
536 2775 734 2840 ubidicitur:
757 2778 906 2840 oLitterae
920 2797 1011 2860 super
1027 2777 1201 2842 obtinendis

221 2880 238 2920 ι
262 2859 417 2925 beneficiis
430 2861 561 2940 debent,
577 2867 647 2928 cbrn
658 2868 719 2928 sint
732 2866 897 2940 ambitioso,
913 2869 1065 2950 restringi.
1080 2891 1095 2927 u

262 2951 420 3022 Quomodb
441 2953 567 3035 intelligi
591 2955 720 3018 debcant
747 2958 891 3038 rescripta
913 2976 983 3039 quac
1005 2957 1200 3040 privilegium

222 3040 383 3104 conterunt
397 3040 514 3105 dicetur
528 3043 603 3106 intra
616 3046 654 3108 de
669 3046 842 3128 privilegiis.

263 3133 313 3192 56.
336 3132 454 3202 Quaerit.
473 3135 517 3198 θ’.
534 3135 677 3205 Quasnam
692 3135 835 3198 clausulae
849 3137 1001 3219 rescriptis
1014 3137 1198 3218 inserantur,

220 3217 269 3282 val
283 3218 387 3282 saltem
403 3221 481 3284 iniis
495 3221 677 3306 subintelligi
692 3223 844 3288 debeant?

263 3309 353 3390 Resp.
363 3308 423 3372 bas
442 3309 517 3373 duas
532 3312 681 3376 clausulas
694 3361 702 3392 ,
715 3313 761 3375 vel
779 3315 870 3376 inseri
892 3335 1011 3400 semper
1028 3320 1113 3382 omni
1137 3340 1201 3384 res-

223 3397 1204 3489 criptesivegratiaesivejustitiae‚veliniissemperintelligidaberc

222 3488 334 3554 scilicet
344 3507 351 3548 :
362 3493 392 3550 l⁰
408 3489 445 3550 Si
455 3491 497 3550 ito
510 3499 571 3564 est;
583 3491 627 3552 vel
638 3490 721 3564 quod
738 3491 818 3554 idem
833 3501 894 3556 est:
910 3495 949 3558 Si
957 3517 1055 3577 preces
1077 3497 1204 3561 ueritate

223 3577 376 3647 nitentum
392 3577 474 3640 unde
489 3579 512 3640 si
533 3589 703 3660 opponatur
724 3590 843 3648 narrata
863 3602 925 3647 non
939 3604 1005 3650 esse
1023 3605 1108 3666 vera,
1123 3605 1203 3650 onus

223 3665 371 3746 probandi
388 3667 534 3729 incumbit
548 3668 731 3740 impetranti.
819 3751 827 3756 .,
