<?xml version="1.0" encoding="UTF-8"?>
<!DOCTYPE html PUBLIC "-//W3C//DTD XHTML 1.0 Transitional//EN"
    "http://www.w3.org/TR/xhtml1/DTD/xhtml1-transitional.dtd">
<html xmlns="http://www.w3.org/1999/xhtml" xml:lang="en" lang="en">
 <head>
  <title>
</title>
<meta http-equiv="Content-Type" content="text/html;charset=utf-8" />
  <meta name='ocr-system' content='tesseract 3.04.00' />
  <meta name='ocr-capabilities' content='ocr_page ocr_carea ocr_par ocr_line ocrx_word'/>
</head>
<body>
  <div class='ocr_page' id='page_1' title='image "./manualetotiusju03craigoog_0310.png"; bbox 0 0 2578 4008; ppageno 0'>
   <div class='ocr_carea' id='block_1_1' title="bbox 480 142 1061 222">
    <p class='ocr_par' dir='ltr' id='par_1_1' title="bbox 480 142 1061 222">
     <span class='ocr_line' id='line_1_1' title="bbox 480 142 1061 222; baseline 0.012 -7"><span class='ocrx_word' id='word_1_1' title='bbox 480 165 568 216; x_wconf 82' lang='lat' dir='ltr'><strong>tram</strong></span> <span class='ocrx_word' id='word_1_2' title='bbox 588 162 704 218; x_wconf 82' lang='lat' dir='ltr'><strong>numos.</strong></span> <span class='ocrx_word' id='word_1_3' title='bbox 1006 142 1061 222; x_wconf 73' lang='lat'><strong>287</strong></span> 
     </span>
    </p>
   </div>
   <div class='ocr_carea' id='block_1_2' title="bbox 91 265 1082 3643">
    <p class='ocr_par' dir='ltr' id='par_1_2' title="bbox 91 265 1080 2750">
     <span class='ocr_line' id='line_1_2' title="bbox 91 265 1066 350; baseline 0.007 -20"><span class='ocrx_word' id='word_1_4' title='bbox 91 286 107 330; x_wconf 79' lang='lat' dir='ltr'><strong>a</strong></span> <span class='ocrx_word' id='word_1_5' title='bbox 130 267 302 346; x_wconf 83' lang='lat' dir='ltr'><strong>exemptas,</strong></span> <span class='ocrx_word' id='word_1_6' title='bbox 328 281 392 327; x_wconf 82' lang='lat' dir='ltr'><strong>suae</strong></span> <span class='ocrx_word' id='word_1_7' title='bbox 418 265 536 327; x_wconf 79' lang='lat' dir='ltr'><strong>tantum</strong></span> <span class='ocrx_word' id='word_1_8' title='bbox 552 265 752 344; x_wconf 75' lang='lat' dir='ltr'>jurisdictioni</span> <span class='ocrx_word' id='word_1_9' title='bbox 773 267 937 350; x_wconf 84' lang='lat' dir='ltr'><strong>subjicere3</strong></span> <span class='ocrx_word' id='word_1_10' title='bbox 957 271 999 335; x_wconf 87' lang='lat' dir='ltr'><strong>ita</strong></span> <span class='ocrx_word' id='word_1_11' title='bbox 1011 275 1066 337; x_wconf 88' lang='lat' dir='ltr'><strong>Su·</strong></span> 
     </span>
     <span class='ocr_line' id='line_1_3' title="bbox 93 351 1065 441; baseline 0.009 -24"><span class='ocrx_word' id='word_1_12' title='bbox 93 377 108 418; x_wconf 80' lang='lat' dir='ltr'><strong>r</strong></span> <span class='ocrx_word' id='word_1_13' title='bbox 131 373 237 437; x_wconf 90' lang='lat' dir='ltr'><strong>premo</strong></span> <span class='ocrx_word' id='word_1_14' title='bbox 264 351 395 435; x_wconf 81' lang='lat' dir='ltr'><strong>spiritali</strong></span> <span class='ocrx_word' id='word_1_15' title='bbox 417 354 550 436; x_wconf 84' lang='lat' dir='ltr'><strong>Principi</strong></span> <span class='ocrx_word' id='word_1_16' title='bbox 572 356 623 434; x_wconf 87' lang='lat' dir='ltr'><strong>jus</strong></span> <span class='ocrx_word' id='word_1_17' title='bbox 651 374 716 419; x_wconf 87' lang='lat' dir='ltr'><strong>esse</strong></span> <span class='ocrx_word' id='word_1_18' title='bbox 739 356 830 420; x_wconf 87' lang='lat' dir='ltr'><strong>debet</strong></span> <span class='ocrx_word' id='word_1_19' title='bbox 856 359 1065 441; x_wconf 88' lang='lat' dir='ltr'><strong>religiosorum</strong></span> 
     </span>
     <span class='ocr_line' id='line_1_4' title="bbox 93 442 1063 532; baseline 0.009 -26"><span class='ocrx_word' id='word_1_20' title='bbox 93 467 108 506; x_wconf 74' lang='lat' dir='ltr'><strong>a</strong></span> <span class='ocrx_word' id='word_1_21' title='bbox 131 449 281 519; x_wconf 81' lang='lat' dir='ltr'><strong>coetuum,</strong></span> <span class='ocrx_word' id='word_1_22' title='bbox 297 442 337 504; x_wconf 89' lang='lat' dir='ltr'><strong>ob</strong></span> <span class='ocrx_word' id='word_1_23' title='bbox 355 461 403 504; x_wconf 89' lang='lat' dir='ltr'><strong>res</strong></span> <span class='ocrx_word' id='word_1_24' title='bbox 416 461 472 524; x_wconf 91' lang='lat' dir='ltr'><strong>pro</strong></span> <span class='ocrx_word' id='word_1_25' title='bbox 485 443 632 507; x_wconf 77' lang='lat' dir='ltr'><strong>catholico</strong></span> <span class='ocrx_word' id='word_1_26' title='bbox 645 445 779 508; x_wconf 78' lang='lat' dir='ltr'><strong>Ecclesia</strong></span> <span class='ocrx_word' id='word_1_27' title='bbox 793 448 936 527; x_wconf 79' lang='lat' dir='ltr'><strong>praeclarb</strong></span> <span class='ocrx_word' id='word_1_28' title='bbox 950 457 1063 532; x_wconf 89' lang='lat' dir='ltr'><strong>gestas,</strong></span> 
     </span>
     <span class='ocr_line' id='line_1_5' title="bbox 94 529 1066 621; baseline 0.006 -26"><span class='ocrx_word' id='word_1_29' title='bbox 94 556 109 594; x_wconf 84' lang='lat' dir='ltr'><strong>r&gt;</strong></span> <span class='ocrx_word' id='word_1_30' title='bbox 132 531 264 614; x_wconf 84' lang='lat' dir='ltr'><strong>praemiis</strong></span> <span class='ocrx_word' id='word_1_31' title='bbox 277 529 517 608; x_wconf 82' lang='lat' dir='ltr'><strong>efficiendorum,</strong></span> <span class='ocrx_word' id='word_1_32' title='bbox 533 551 569 596; x_wconf 90' lang='lat' dir='ltr'><strong>ac</strong></span> <span class='ocrx_word' id='word_1_33' title='bbox 583 551 645 595; x_wconf 79' lang='lat' dir='ltr'><strong>suar</strong></span> <span class='ocrx_word' id='word_1_34' title='bbox 659 541 817 618; x_wconf 85' lang='lat' dir='ltr'><strong>propterea</strong></span> <span class='ocrx_word' id='word_1_35' title='bbox 831 535 999 600; x_wconf 78' lang='lat' dir='ltr'><strong>immediati</strong></span> <span class='ocrx_word' id='word_1_36' title='bbox 1012 559 1066 621; x_wconf 87' lang='lat' dir='ltr'><strong>pc·</strong></span> 
     </span>
     <span class='ocr_line' id='line_1_6' title="bbox 95 619 1068 707; baseline 0.011 -27"><span class='ocrx_word' id='word_1_37' title='bbox 95 643 109 680; x_wconf 79' lang='grc'>»</span> <span class='ocrx_word' id='word_1_38' title='bbox 132 620 228 683; x_wconf 83' lang='lat' dir='ltr'><strong>testati</strong></span> <span class='ocrx_word' id='word_1_39' title='bbox 242 619 485 682; x_wconf 81' lang='lat' dir='ltr'>asserendorum.</span> <span class='ocrx_word' id='word_1_40' title='bbox 503 623 580 683; x_wconf 89' lang='lat' dir='ltr'><strong>Nam</strong></span> <span class='ocrx_word' id='word_1_41' title='bbox 594 621 648 684; x_wconf 91' lang='lat' dir='ltr'><strong>etsi</strong></span> <span class='ocrx_word' id='word_1_42' title='bbox 662 623 802 707; x_wconf 79' lang='lat' dir='ltr'>Episcopi</span> <span class='ocrx_word' id='word_1_43' title='bbox 811 625 877 705; x_wconf 84' lang='lat' dir='ltr'><strong>ejus</strong></span> <span class='ocrx_word' id='word_1_44' title='bbox 887 623 995 688; x_wconf 81' lang='lat' dir='ltr'><strong>Vicani</strong></span> <span class='ocrx_word' id='word_1_45' title='bbox 1006 647 1068 690; x_wconf 95' lang='lat' dir='ltr'><strong>non</strong></span> 
     </span>
     <span class='ocr_line' id='line_1_7' title="bbox 95 709 1069 798; baseline 0.011 -29"><span class='ocrx_word' id='word_1_46' title='bbox 95 732 110 769; x_wconf 79' lang='lat' dir='ltr'><strong>o</strong></span> <span class='ocrx_word' id='word_1_47' title='bbox 134 715 220 788; x_wconf 86' lang='lat' dir='ltr'><strong>sunt,</strong></span> <span class='ocrx_word' id='word_1_48' title='bbox 245 709 289 772; x_wconf 90' lang='lat' dir='ltr'><strong>uti</strong></span> <span class='ocrx_word' id='word_1_49' title='bbox 316 709 449 790; x_wconf 83' lang='lat' dir='ltr'><strong>proeleoti</strong></span> <span class='ocrx_word' id='word_1_50' title='bbox 478 710 599 773; x_wconf 90' lang='lat' dir='ltr'><strong>urbium</strong></span> <span class='ocrx_word' id='word_1_51' title='bbox 622 730 657 774; x_wconf 91' lang='lat' dir='ltr'><strong>ac</strong></span> <span class='ocrx_word' id='word_1_52' title='bbox 678 713 903 795; x_wconf 85' lang='lat' dir='ltr'><strong>provinciarum</strong></span> <span class='ocrx_word' id='word_1_53' title='bbox 925 715 1069 798; x_wconf 87' lang='lat' dir='ltr'><strong>praesides</strong></span> 
     </span>
     <span class='ocr_line' id='line_1_8' title="bbox 97 797 1068 880; baseline 0.01 -23"><span class='ocrx_word' id='word_1_54' title='bbox 97 821 112 857; x_wconf 85' lang='lat' dir='ltr'><strong>o</strong></span> <span class='ocrx_word' id='word_1_55' title='bbox 136 798 214 880; x_wconf 88' lang='lat' dir='ltr'><strong>regis</strong></span> <span class='ocrx_word' id='word_1_56' title='bbox 237 797 339 860; x_wconf 88' lang='lat' dir='ltr'><strong>vicarii</strong></span> <span class='ocrx_word' id='word_1_57' title='bbox 361 797 520 870; x_wconf 85' lang='lat' dir='ltr'><strong>habentur,</strong></span> <span class='ocrx_word' id='word_1_58' title='bbox 547 799 586 862; x_wconf 92' lang='lat' dir='ltr'><strong>ad</strong></span> <span class='ocrx_word' id='word_1_59' title='bbox 614 803 777 866; x_wconf 85' lang='lat' dir='ltr'><strong>Summum</strong></span> <span class='ocrx_word' id='word_1_60' title='bbox 797 809 900 866; x_wconf 67' lang='lat' dir='ltr'><strong>umen</strong></span> <span class='ocrx_word' id='word_1_61' title='bbox 916 805 1068 868; x_wconf 81' lang='lat' dir='ltr'><strong>Pastorem</strong></span> 
     </span>
     <span class='ocr_line' id='line_1_9' title="bbox 97 887 1070 969; baseline 0.01 -23"><span class='ocrx_word' id='word_1_62' title='bbox 97 893 264 969; x_wconf 74' lang='lat' dir='ltr'><strong>aspectat,</strong></span> <span class='ocrx_word' id='word_1_63' title='bbox 298 887 556 968; x_wconf 85' lang='lat' dir='ltr'><strong>quemadmodum</strong></span> <span class='ocrx_word' id='word_1_64' title='bbox 585 888 706 953; x_wconf 92' lang='lat' dir='ltr'><strong>illorum</strong></span> <span class='ocrx_word' id='word_1_65' title='bbox 728 889 816 954; x_wconf 89' lang='lat' dir='ltr'><strong>ovilia</strong></span> <span class='ocrx_word' id='word_1_66' title='bbox 851 897 904 955; x_wconf 88' lang='lat' dir='ltr'><strong>aut</strong></span> <span class='ocrx_word' id='word_1_67' title='bbox 934 899 1070 958; x_wconf 83' lang='lat' dir='ltr'><strong>coactare</strong></span> 
     </span>
     <span class='ocr_line' id='line_1_10' title="bbox 97 975 1072 1063; baseline 0.009 -29"><span class='ocrx_word' id='word_1_68' title='bbox 97 997 112 1034; x_wconf 84' lang='lat' dir='ltr'><strong>o</strong></span> <span class='ocrx_word' id='word_1_69' title='bbox 135 983 186 1038; x_wconf 88' lang='lat' dir='ltr'><strong>aut</strong></span> <span class='ocrx_word' id='word_1_70' title='bbox 199 975 392 1057; x_wconf 90' lang='lat' dir='ltr'><strong>amplificare,</strong></span> <span class='ocrx_word' id='word_1_71' title='bbox 410 977 451 1040; x_wconf 87' lang='lat' dir='ltr'><strong>ita</strong></span> <span class='ocrx_word' id='word_1_72' title='bbox 464 983 495 1040; x_wconf 87' lang='lat' dir='ltr'><strong>et</strong></span> <span class='ocrx_word' id='word_1_73' title='bbox 507 995 578 1041; x_wconf 87' lang='lat' dir='ltr'><strong>oves</strong></span> <span class='ocrx_word' id='word_1_74' title='bbox 591 977 634 1041; x_wconf 89' lang='lat' dir='ltr'><strong>eis</strong></span> <span class='ocrx_word' id='word_1_75' title='bbox 648 979 810 1060; x_wconf 90' lang='lat' dir='ltr'><strong>assignare.</strong></span> <span class='ocrx_word' id='word_1_76' title='bbox 820 979 898 1054; x_wconf 83' lang='lat' dir='ltr'><strong>Ouid</strong></span> <span class='ocrx_word' id='word_1_77' title='bbox 910 998 983 1063; x_wconf 88' lang='lat' dir='ltr'><strong>ergo</strong></span> <span class='ocrx_word' id='word_1_78' title='bbox 994 988 1072 1045; x_wconf 85' lang='lat' dir='ltr'><strong>vetat</strong></span> 
     </span>
     <span class='ocr_line' id='line_1_11' title="bbox 98 1063 1071 1153; baseline 0.009 -28"><span class='ocrx_word' id='word_1_79' title='bbox 98 1087 113 1124; x_wconf 70' lang='lat' dir='ltr'><strong>a</strong></span> <span class='ocrx_word' id='word_1_80' title='bbox 137 1065 299 1148; x_wconf 85' lang='lat' dir='ltr'><strong>quominus</strong></span> <span class='ocrx_word' id='word_1_81' title='bbox 322 1063 431 1128; x_wconf 90' lang='lat' dir='ltr'><strong>barum</strong></span> <span class='ocrx_word' id='word_1_82' title='bbox 444 1065 559 1148; x_wconf 88' lang='lat' dir='ltr'><strong>aliquot</strong></span> <span class='ocrx_word' id='word_1_83' title='bbox 578 1067 635 1130; x_wconf 88' lang='lat' dir='ltr'><strong>sibi</strong></span> <span class='ocrx_word' id='word_1_84' title='bbox 652 1068 820 1150; x_wconf 87' lang='lat' dir='ltr'><strong>pascendas</strong></span> <span class='ocrx_word' id='word_1_85' title='bbox 841 1071 955 1132; x_wconf 84' lang='lat' dir='ltr'><strong>servet?</strong></span> <span class='ocrx_word' id='word_1_86' title='bbox 980 1070 1071 1153; x_wconf 81' lang='lat' dir='ltr'><strong>Atqui</strong></span> 
     </span>
     <span class='ocr_line' id='line_1_12' title="bbox 98 1153 1070 1240; baseline 0.006 -25"><span class='ocrx_word' id='word_1_87' title='bbox 98 1176 113 1214; x_wconf 82' lang='lat' dir='ltr'><strong>o</strong></span> <span class='ocrx_word' id='word_1_88' title='bbox 137 1153 195 1216; x_wconf 91' lang='lat' dir='ltr'><strong>hoc</strong></span> <span class='ocrx_word' id='word_1_89' title='bbox 216 1153 342 1216; x_wconf 78' lang='lat' dir='ltr'><strong>damiam</strong></span> <span class='ocrx_word' id='word_1_90' title='bbox 364 1160 409 1216; x_wconf 87' lang='lat' dir='ltr'><strong>est</strong></span> <span class='ocrx_word' id='word_1_91' title='bbox 432 1155 513 1237; x_wconf 92' lang='lat' dir='ltr'><strong>quod</strong></span> <span class='ocrx_word' id='word_1_92' title='bbox 539 1155 673 1218; x_wconf 79' lang='lat' dir='ltr'><strong>Pontifex</strong></span> <span class='ocrx_word' id='word_1_93' title='bbox 695 1155 767 1219; x_wconf 84' lang='lat' dir='ltr'><strong>lacit</strong></span> <span class='ocrx_word' id='word_1_94' title='bbox 788 1155 862 1220; x_wconf 89' lang='lat' dir='ltr'><strong>dum</strong></span> <span class='ocrx_word' id='word_1_95' title='bbox 887 1157 1070 1240; x_wconf 79' lang='lat' dir='ltr'><strong>regularium</strong></span> 
     </span>
     <span class='ocr_line' id='line_1_13' title="bbox 98 1241 1071 1323; baseline 0.008 -21"><span class='ocrx_word' id='word_1_96' title='bbox 98 1267 114 1302; x_wconf 81' lang='lat' dir='ltr'><strong>o</strong></span> <span class='ocrx_word' id='word_1_97' title='bbox 134 1248 228 1306; x_wconf 75' lang='lat' dir='ltr'><strong>metus</strong></span> <span class='ocrx_word' id='word_1_98' title='bbox 244 1241 295 1306; x_wconf 93' lang='lat' dir='ltr'><strong>uni</strong></span> <span class='ocrx_word' id='word_1_99' title='bbox 307 1243 364 1306; x_wconf 92' lang='lat' dir='ltr'><strong>sibi</strong></span> <span class='ocrx_word' id='word_1_100' title='bbox 383 1243 534 1323; x_wconf 87' lang='lat' dir='ltr'><strong>subjectos</strong></span> <span class='ocrx_word' id='word_1_101' title='bbox 548 1263 613 1308; x_wconf 89' lang='lat' dir='ltr'><strong>esse</strong></span> <span class='ocrx_word' id='word_1_102' title='bbox 626 1244 698 1307; x_wconf 91' lang='lat' dir='ltr'><strong>dicit</strong></span> <span class='ocrx_word' id='word_1_103' title='bbox 715 1265 722 1306; x_wconf 92' lang='lat'>:</span> <span class='ocrx_word' id='word_1_104' title='bbox 739 1261 810 1308; x_wconf 80' lang='lat' dir='ltr'><strong>oves</strong></span> <span class='ocrx_word' id='word_1_105' title='bbox 824 1245 891 1308; x_wconf 89' lang='lat' dir='ltr'><strong>illas</strong></span> <span class='ocrx_word' id='word_1_106' title='bbox 904 1246 1071 1310; x_wconf 87' lang='lat' dir='ltr'><strong>minoribus</strong></span> 
     </span>
     <span class='ocr_line' id='line_1_14' title="bbox 99 1331 1072 1416; baseline 0.009 -27"><span class='ocrx_word' id='word_1_107' title='bbox 99 1331 308 1414; x_wconf 73' lang='lat' dir='ltr'><strong>»pastoribus</strong></span> <span class='ocrx_word' id='word_1_108' title='bbox 339 1331 507 1412; x_wconf 89' lang='lat' dir='ltr'><strong>subtrabit,</strong></span> <span class='ocrx_word' id='word_1_109' title='bbox 542 1333 660 1415; x_wconf 87' lang='lat' dir='ltr'><strong>sibique</strong></span> <span class='ocrx_word' id='word_1_110' title='bbox 688 1335 836 1416; x_wconf 88' lang='lat' dir='ltr'><strong>Supremo</strong></span> <span class='ocrx_word' id='word_1_111' title='bbox 864 1335 1072 1400; x_wconf 87' lang='lat' dir='ltr'><strong>universarum</strong></span> 
     </span>
     <span class='ocr_line' id='line_1_15' title="bbox 99 1419 1074 1506; baseline 0.009 -28"><span class='ocrx_word' id='word_1_112' title='bbox 99 1443 114 1478; x_wconf 74' lang='lat' dir='ltr'><strong>o</strong></span> <span class='ocrx_word' id='word_1_113' title='bbox 138 1420 239 1484; x_wconf 91' lang='lat' dir='ltr'><strong>ovium</strong></span> <span class='ocrx_word' id='word_1_114' title='bbox 255 1419 367 1483; x_wconf 86' lang='lat' dir='ltr'><strong>Pastori</strong></span> <span class='ocrx_word' id='word_1_115' title='bbox 380 1421 528 1503; x_wconf 89' lang='lat' dir='ltr'><strong>regendas</strong></span> <span class='ocrx_word' id='word_1_116' title='bbox 542 1421 677 1486; x_wconf 84' lang='lat' dir='ltr'><strong>adciscit.</strong></span> <span class='ocrx_word' id='word_1_117' title='bbox 692 1425 798 1504; x_wconf 88' lang='lat' dir='ltr'><strong>Neque</strong></span> <span class='ocrx_word' id='word_1_118' title='bbox 806 1424 878 1486; x_wconf 83' lang='lat' dir='ltr'><strong>vero</strong></span> <span class='ocrx_word' id='word_1_119' title='bbox 886 1421 918 1486; x_wconf 89' lang='lat' dir='ltr'><strong>id</strong></span> <span class='ocrx_word' id='word_1_120' title='bbox 931 1431 977 1486; x_wconf 89' lang='lat' dir='ltr'><strong>est</strong></span> <span class='ocrx_word' id='word_1_121' title='bbox 989 1424 1074 1506; x_wconf 86' lang='lat' dir='ltr'><strong>Epis-</strong></span> 
     </span>
     <span class='ocr_line' id='line_1_16' title="bbox 100 1511 1074 1595; baseline 0.006 -27"><span class='ocrx_word' id='word_1_122' title='bbox 100 1531 116 1568; x_wconf 85' lang='lat'>»</span> <span class='ocrx_word' id='word_1_123' title='bbox 141 1527 251 1592; x_wconf 88' lang='lat' dir='ltr'><strong>capum</strong></span> <span class='ocrx_word' id='word_1_124' title='bbox 264 1511 332 1591; x_wconf 86' lang='lat' dir='ltr'><strong>jura</strong></span> <span class='ocrx_word' id='word_1_125' title='bbox 347 1511 499 1574; x_wconf 86' lang='lat' dir='ltr'><strong>invadere.</strong></span> <span class='ocrx_word' id='word_1_126' title='bbox 513 1511 694 1594; x_wconf 83' lang='lat' dir='ltr'><strong>Exemplum</strong></span> <span class='ocrx_word' id='word_1_127' title='bbox 711 1511 831 1595; x_wconf 80' lang='lat' dir='ltr'><strong>profero</strong></span> <span class='ocrx_word' id='word_1_128' title='bbox 845 1511 941 1574; x_wconf 81' lang='lat' dir='ltr'><strong>multd</strong></span> <span class='ocrx_word' id='word_1_129' title='bbox 955 1511 993 1574; x_wconf 88' lang='lat' dir='ltr'><strong>ad</strong></span> <span class='ocrx_word' id='word_1_130' title='bbox 1009 1531 1074 1575; x_wconf 90' lang='lat' dir='ltr'><strong>rem</strong></span> 
     </span>
     <span class='ocr_line' id='line_1_17' title="bbox 100 1600 1073 1684; baseline 0.005 -26"><span class='ocrx_word' id='word_1_131' title='bbox 100 1605 273 1662; x_wconf 78' lang='lat' dir='ltr'><strong>»nostram</strong></span> <span class='ocrx_word' id='word_1_132' title='bbox 295 1600 562 1664; x_wconf 88' lang='lat' dir='ltr'><strong>accommodatius.</strong></span> <span class='ocrx_word' id='word_1_133' title='bbox 591 1601 718 1664; x_wconf 88' lang='lat' dir='ltr'><strong>Paroobi</strong></span> <span class='ocrx_word' id='word_1_134' title='bbox 754 1602 832 1665; x_wconf 86' lang='lat' dir='ltr'><strong>intra</strong></span> <span class='ocrx_word' id='word_1_135' title='bbox 873 1601 1073 1684; x_wconf 86' lang='lat' dir='ltr'><strong>paroeciarum</strong></span> 
     </span>
     <span class='ocr_line' id='line_1_18' title="bbox 101 1685 1073 1774; baseline 0.008 -28"><span class='ocrx_word' id='word_1_136' title='bbox 101 1710 115 1746; x_wconf 80' lang='lat' dir='ltr'><strong>o</strong></span> <span class='ocrx_word' id='word_1_137' title='bbox 140 1685 218 1750; x_wconf 86' lang='lat' dir='ltr'><strong>fines</strong></span> <span class='ocrx_word' id='word_1_138' title='bbox 231 1707 328 1750; x_wconf 92' lang='lat' dir='ltr'><strong>unum</strong></span> <span class='ocrx_word' id='word_1_139' title='bbox 343 1695 393 1751; x_wconf 89' lang='lat' dir='ltr'><strong>aut</strong></span> <span class='ocrx_word' id='word_1_140' title='bbox 409 1690 552 1766; x_wconf 88' lang='lat' dir='ltr'><strong>alterum,</strong></span> <span class='ocrx_word' id='word_1_141' title='bbox 570 1689 733 1772; x_wconf 90' lang='lat' dir='ltr'><strong>aliquando</strong></span> <span class='ocrx_word' id='word_1_142' title='bbox 753 1690 840 1774; x_wconf 87' lang='lat' dir='ltr'><strong>plura</strong></span> <span class='ocrx_word' id='word_1_143' title='bbox 860 1690 1073 1754; x_wconf 87' lang='lat' dir='ltr'><strong>sanctimonia·</strong></span> 
     </span>
     <span class='ocr_line' id='line_1_19' title="bbox 100 1776 1075 1863; baseline 0.008 -29"><span class='ocrx_word' id='word_1_144' title='bbox 100 1799 116 1834; x_wconf 82' lang='lat'>»</span> <span class='ocrx_word' id='word_1_145' title='bbox 142 1776 216 1838; x_wconf 92' lang='lat' dir='ltr'><strong>lium</strong></span> <span class='ocrx_word' id='word_1_146' title='bbox 229 1778 367 1842; x_wconf 85' lang='lat' dir='ltr'><strong>coenobia</strong></span> <span class='ocrx_word' id='word_1_147' title='bbox 380 1778 493 1841; x_wconf 88' lang='lat' dir='ltr'><strong>habent</strong></span> <span class='ocrx_word' id='word_1_148' title='bbox 507 1799 515 1841; x_wconf 78' lang='lat' dir='ltr'><strong>r</strong></span> <span class='ocrx_word' id='word_1_149' title='bbox 530 1778 579 1841; x_wconf 87' lang='lat' dir='ltr'><strong>lac</strong></span> <span class='ocrx_word' id='word_1_150' title='bbox 592 1779 659 1842; x_wconf 90' lang='lat' dir='ltr'><strong>illos</strong></span> <span class='ocrx_word' id='word_1_151' title='bbox 671 1780 709 1842; x_wconf 91' lang='lat' dir='ltr'><strong>de</strong></span> <span class='ocrx_word' id='word_1_152' title='bbox 723 1779 879 1863; x_wconf 86' lang='lat' dir='ltr'><strong>Episcopis</strong></span> <span class='ocrx_word' id='word_1_153' title='bbox 893 1779 980 1860; x_wconf 89' lang='lat' dir='ltr'><strong>queri</strong></span> <span class='ocrx_word' id='word_1_154' title='bbox 993 1779 1075 1862; x_wconf 88' lang='lat' dir='ltr'><strong>qudd</strong></span> 
     </span>
     <span class='ocr_line' id='line_1_20' title="bbox 100 1865 1075 1950; baseline 0.006 -26"><span class='ocrx_word' id='word_1_155' title='bbox 100 1887 116 1924; x_wconf 82' lang='lat' dir='ltr'><strong>n</strong></span> <span class='ocrx_word' id='word_1_156' title='bbox 141 1865 190 1927; x_wconf 92' lang='lat' dir='ltr'><strong>illa</strong></span> <span class='ocrx_word' id='word_1_157' title='bbox 210 1866 248 1928; x_wconf 92' lang='lat' dir='ltr'><strong>ab</strong></span> <span class='ocrx_word' id='word_1_158' title='bbox 269 1867 405 1948; x_wconf 83' lang='lat' dir='ltr'><strong>ipsorum</strong></span> <span class='ocrx_word' id='word_1_159' title='bbox 422 1868 570 1950; x_wconf 88' lang='lat' dir='ltr'><strong>regimine</strong></span> <span class='ocrx_word' id='word_1_160' title='bbox 583 1869 695 1947; x_wconf 84' lang='lat' dir='ltr'><strong>avulsa,</strong></span> <span class='ocrx_word' id='word_1_161' title='bbox 724 1867 790 1931; x_wconf 85' lang='lat' dir='ltr'><strong>aliia</strong></span> <span class='ocrx_word' id='word_1_162' title='bbox 810 1868 1015 1932; x_wconf 84' lang='lat' dir='ltr'><strong>sacerdotibus</strong></span> <span class='ocrx_word' id='word_1_163' title='bbox 1043 1869 1075 1931; x_wconf 93' lang='lat' dir='ltr'><strong>in</strong></span> 
     </span>
     <span class='ocr_line' id='line_1_21' title="bbox 101 1955 1076 2038; baseline 0.006 -24"><span class='ocrx_word' id='word_1_164' title='bbox 101 1977 117 2013; x_wconf 83' lang='lat' dir='ltr'><strong>n</strong></span> <span class='ocrx_word' id='word_1_165' title='bbox 142 1955 285 2018; x_wconf 90' lang='lat' dir='ltr'><strong>omnibus</strong></span> <span class='ocrx_word' id='word_1_166' title='bbox 302 1975 371 2038; x_wconf 72' lang='lat' dir='ltr'><strong>qua</strong></span> <span class='ocrx_word' id='word_1_167' title='bbox 390 1955 429 2019; x_wconf 92' lang='lat' dir='ltr'><strong>ad</strong></span> <span class='ocrx_word' id='word_1_168' title='bbox 450 1964 710 2020; x_wconf 86' lang='lat' dir='ltr'><strong>sacramentorum</strong></span> <span class='ocrx_word' id='word_1_169' title='bbox 731 1957 1021 2020; x_wconf 87' lang='lat' dir='ltr'><strong>administrationem</strong></span> <span class='ocrx_word' id='word_1_170' title='bbox 1039 1975 1076 2020; x_wconf 90' lang='lat' dir='ltr'><strong>ao</strong></span> 
     </span>
     <span class='ocr_line' id='line_1_22' title="bbox 102 2043 1074 2128; baseline 0.005 -25"><span class='ocrx_word' id='word_1_171' title='bbox 102 2066 118 2103; x_wconf 81' lang='lat' dir='ltr'><strong>o</strong></span> <span class='ocrx_word' id='word_1_172' title='bbox 143 2043 329 2124; x_wconf 86' lang='lat' dir='ltr'><strong>spiritualem</strong></span> <span class='ocrx_word' id='word_1_173' title='bbox 351 2045 600 2126; x_wconf 81' lang='lat' dir='ltr'><strong>gubernationem</strong></span> <span class='ocrx_word' id='word_1_174' title='bbox 614 2047 776 2127; x_wconf 86' lang='lat' dir='ltr'><strong>pertinent,</strong></span> <span class='ocrx_word' id='word_1_175' title='bbox 796 2046 928 2128; x_wconf 89' lang='lat' dir='ltr'><strong>regenda</strong></span> <span class='ocrx_word' id='word_1_176' title='bbox 942 2045 1074 2123; x_wconf 82' lang='lat' dir='ltr'><strong>tradant3</strong></span> 
     </span>
     <span class='ocr_line' id='line_1_23' title="bbox 101 2132 1077 2216; baseline 0.006 -25"><span class='ocrx_word' id='word_1_177' title='bbox 101 2155 117 2191; x_wconf 82' lang='lat' dir='ltr'><strong>o</strong></span> <span class='ocrx_word' id='word_1_178' title='bbox 142 2132 321 2196; x_wconf 84' lang='lat' dir='ltr'><strong>ridebuntur</strong></span> <span class='ocrx_word' id='word_1_179' title='bbox 343 2153 416 2196; x_wconf 90' lang='lat' dir='ltr'><strong>sane</strong></span> <span class='ocrx_word' id='word_1_180' title='bbox 436 2155 443 2196; x_wconf 92' lang='lat'>:</span> <span class='ocrx_word' id='word_1_181' title='bbox 463 2152 561 2216; x_wconf 85' lang='lat' dir='ltr'><strong>neque</strong></span> <span class='ocrx_word' id='word_1_182' title='bbox 584 2134 708 2214; x_wconf 82' lang='lat' dir='ltr'><strong>injuria3</strong></span> <span class='ocrx_word' id='word_1_183' title='bbox 732 2137 804 2197; x_wconf 82' lang='lat' dir='ltr'><strong>cdm</strong></span> <span class='ocrx_word' id='word_1_184' title='bbox 827 2137 910 2196; x_wconf 89' lang='lat' dir='ltr'><strong>enim</strong></span> <span class='ocrx_word' id='word_1_185' title='bbox 934 2134 1077 2216; x_wconf 85' lang='lat' dir='ltr'><strong>Episcopi</strong></span> 
     </span>
     <span class='ocr_line' id='line_1_24' title="bbox 102 2221 1074 2304; baseline 0.004 -24"><span class='ocrx_word' id='word_1_186' title='bbox 102 2243 117 2280; x_wconf 79' lang='lat' dir='ltr'><strong>o</strong></span> <span class='ocrx_word' id='word_1_187' title='bbox 142 2221 202 2283; x_wconf 85' lang='lat' dir='ltr'><strong>sint</strong></span> <span class='ocrx_word' id='word_1_188' title='bbox 215 2223 352 2285; x_wconf 90' lang='lat' dir='ltr'><strong>omnium</strong></span> <span class='ocrx_word' id='word_1_189' title='bbox 368 2224 446 2286; x_wconf 88' lang='lat' dir='ltr'><strong>intra</strong></span> <span class='ocrx_word' id='word_1_190' title='bbox 466 2223 621 2286; x_wconf 88' lang='lat' dir='ltr'><strong>dioecesim</strong></span> <span class='ocrx_word' id='word_1_191' title='bbox 645 2224 746 2286; x_wconf 90' lang='lat' dir='ltr'><strong>ovium</strong></span> <span class='ocrx_word' id='word_1_192' title='bbox 763 2223 907 2285; x_wconf 84' lang='lat' dir='ltr'><strong>ordinarii</strong></span> <span class='ocrx_word' id='word_1_193' title='bbox 927 2229 1074 2304; x_wconf 80' lang='lat' dir='ltr'><strong>pastores,</strong></span> 
     </span>
     <span class='ocr_line' id='line_1_25' title="bbox 103 2310 1078 2394; baseline 0.001 -23"><span class='ocrx_word' id='word_1_194' title='bbox 103 2331 119 2370; x_wconf 82' lang='lat' dir='ltr'><strong>u</strong></span> <span class='ocrx_word' id='word_1_195' title='bbox 143 2311 184 2373; x_wconf 91' lang='lat' dir='ltr'><strong>ita</strong></span> <span class='ocrx_word' id='word_1_196' title='bbox 199 2312 298 2394; x_wconf 84' lang='lat' dir='ltr'><strong>gregis</strong></span> <span class='ocrx_word' id='word_1_197' title='bbox 312 2312 358 2375; x_wconf 89' lang='lat' dir='ltr'><strong>sui</strong></span> <span class='ocrx_word' id='word_1_198' title='bbox 374 2313 543 2394; x_wconf 87' lang='lat' dir='ltr'><strong>portionem</strong></span> <span class='ocrx_word' id='word_1_199' title='bbox 561 2311 699 2394; x_wconf 86' lang='lat' dir='ltr'><strong>parochis</strong></span> <span class='ocrx_word' id='word_1_200' title='bbox 712 2311 941 2374; x_wconf 86' lang='lat' dir='ltr'><strong>custodiendam</strong></span> <span class='ocrx_word' id='word_1_201' title='bbox 954 2310 1078 2372; x_wconf 88' lang='lat' dir='ltr'><strong>credere</strong></span> 
     </span>
     <span class='ocr_line' id='line_1_26' title="bbox 103 2399 1079 2483; baseline -0.001 -23"><span class='ocrx_word' id='word_1_202' title='bbox 103 2422 119 2460; x_wconf 83' lang='lat' dir='ltr'><strong>a</strong></span> <span class='ocrx_word' id='word_1_203' title='bbox 143 2407 281 2482; x_wconf 89' lang='lat' dir='ltr'><strong>possunt,</strong></span> <span class='ocrx_word' id='word_1_204' title='bbox 296 2407 329 2464; x_wconf 90' lang='lat' dir='ltr'><strong>ut</strong></span> <span class='ocrx_word' id='word_1_205' title='bbox 342 2419 380 2464; x_wconf 85' lang='lat' dir='ltr'><strong>ex</strong></span> <span class='ocrx_word' id='word_1_206' title='bbox 393 2400 515 2483; x_wconf 82' lang='lat' dir='ltr'><strong>illaipst</strong></span> <span class='ocrx_word' id='word_1_207' title='bbox 527 2401 641 2483; x_wconf 88' lang='lat' dir='ltr'><strong>aliquot</strong></span> <span class='ocrx_word' id='word_1_208' title='bbox 652 2419 722 2464; x_wconf 90' lang='lat' dir='ltr'><strong>oves</strong></span> <span class='ocrx_word' id='word_1_209' title='bbox 731 2399 863 2471; x_wconf 91' lang='lat' dir='ltr'><strong>demant,</strong></span> <span class='ocrx_word' id='word_1_210' title='bbox 874 2417 950 2482; x_wconf 91' lang='lat' dir='ltr'><strong>quas</strong></span> <span class='ocrx_word' id='word_1_211' title='bbox 957 2399 1013 2480; x_wconf 91' lang='lat' dir='ltr'><strong>ipsi</strong></span> <span class='ocrx_word' id='word_1_212' title='bbox 1025 2416 1079 2480; x_wconf 91' lang='lat' dir='ltr'><strong>per</strong></span> 
     </span>
     <span class='ocr_line' id='line_1_27' title="bbox 103 2487 1079 2572; baseline 0.004 -25"><span class='ocrx_word' id='word_1_213' title='bbox 103 2511 119 2548; x_wconf 81' lang='lat' dir='ltr'><strong>o</strong></span> <span class='ocrx_word' id='word_1_214' title='bbox 144 2507 177 2551; x_wconf 88' lang='lat' dir='ltr'><strong>se</strong></span> <span class='ocrx_word' id='word_1_215' title='bbox 188 2489 234 2552; x_wconf 89' lang='lat' dir='ltr'><strong>vel</strong></span> <span class='ocrx_word' id='word_1_216' title='bbox 248 2487 386 2572; x_wconf 83' lang='lat' dir='ltr'><strong>penalios</strong></span> <span class='ocrx_word' id='word_1_217' title='bbox 399 2497 532 2572; x_wconf 87' lang='lat' dir='ltr'><strong>pascant.</strong></span> <span class='ocrx_word' id='word_1_218' title='bbox 551 2491 660 2562; x_wconf 84' lang='lat' dir='ltr'><strong>Quidni</strong></span> <span class='ocrx_word' id='word_1_219' title='bbox 674 2490 765 2572; x_wconf 87' lang='lat' dir='ltr'><strong>igitur</strong></span> <span class='ocrx_word' id='word_1_220' title='bbox 781 2489 914 2572; x_wconf 91' lang='lat' dir='ltr'><strong>idipsum</strong></span> <span class='ocrx_word' id='word_1_221' title='bbox 930 2489 1079 2568; x_wconf 88' lang='lat' dir='ltr'><strong>Supremo</strong></span> 
     </span>
     <span class='ocr_line' id='line_1_28' title="bbox 102 2577 1080 2661; baseline 0 -23"><span class='ocrx_word' id='word_1_222' title='bbox 102 2597 119 2638; x_wconf 75' lang='grc' dir='ltr'><strong>ι</strong></span> <span class='ocrx_word' id='word_1_223' title='bbox 144 2577 303 2641; x_wconf 86' lang='lat' dir='ltr'><strong>Christiani</strong></span> <span class='ocrx_word' id='word_1_224' title='bbox 317 2578 403 2643; x_wconf 87' lang='lat' dir='ltr'><strong>ovilis</strong></span> <span class='ocrx_word' id='word_1_225' title='bbox 424 2579 537 2641; x_wconf 90' lang='lat' dir='ltr'><strong>Pastori</strong></span> <span class='ocrx_word' id='word_1_226' title='bbox 561 2579 667 2656; x_wconf 86' lang='lat' dir='ltr'><strong>liceat,</strong></span> <span class='ocrx_word' id='word_1_227' title='bbox 683 2579 757 2661; x_wconf 81' lang='lat' dir='ltr'><strong>quin</strong></span> <span class='ocrx_word' id='word_1_228' title='bbox 776 2577 932 2640; x_wconf 81' lang='lat' dir='ltr'><strong>interiores</strong></span> <span class='ocrx_word' id='word_1_229' title='bbox 946 2582 1080 2659; x_wconf 89' lang='lat' dir='ltr'><strong>pastores</strong></span> 
     </span>
     <span class='ocr_line' id='line_1_29' title="bbox 103 2665 936 2750; baseline 0 -24"><span class='ocrx_word' id='word_1_230' title='bbox 103 2687 120 2726; x_wconf 78' lang='lat' dir='ltr'><strong>a</strong></span> <span class='ocrx_word' id='word_1_231' title='bbox 145 2665 256 2730; x_wconf 88' lang='lat' dir='ltr'><strong>illatam</strong></span> <span class='ocrx_word' id='word_1_232' title='bbox 270 2667 326 2732; x_wconf 90' lang='lat' dir='ltr'><strong>sibi</strong></span> <span class='ocrx_word' id='word_1_233' title='bbox 340 2686 456 2750; x_wconf 89' lang='lat' dir='ltr'><strong>suoque</strong></span> <span class='ocrx_word' id='word_1_234' title='bbox 470 2669 590 2732; x_wconf 87' lang='lat' dir='ltr'><strong>muneri</strong></span> <span class='ocrx_word' id='word_1_235' title='bbox 606 2669 746 2749; x_wconf 86' lang='lat' dir='ltr'><strong>injuriam</strong></span> <span class='ocrx_word' id='word_1_236' title='bbox 760 2667 906 2730; x_wconf 80' lang='lat' dir='ltr'><strong>doleant?</strong></span> <span class='ocrx_word' id='word_1_237' title='bbox 920 2689 936 2726; x_wconf 83' lang='lat' dir='ltr'><strong>n</strong></span> 
     </span>
    </p>

    <p class='ocr_par' dir='ltr' id='par_1_3' title="bbox 102 2754 1082 3643">
     <span class='ocr_line' id='line_1_30' title="bbox 145 2754 1080 2840; baseline 0.003 -22"><span class='ocrx_word' id='word_1_238' title='bbox 145 2757 217 2818; x_wconf 79' lang='grc'><strong>511.</strong></span> <span class='ocrx_word' id='word_1_239' title='bbox 246 2757 326 2840; x_wconf 80' lang='lat' dir='ltr'><strong>Ergo</strong></span> <span class='ocrx_word' id='word_1_240' title='bbox 354 2759 384 2820; x_wconf 90' lang='lat' dir='ltr'><strong>S.</strong></span> <span class='ocrx_word' id='word_1_241' title='bbox 409 2757 544 2821; x_wconf 84' lang='lat' dir='ltr'><strong>Pontifex</strong></span> <span class='ocrx_word' id='word_1_242' title='bbox 574 2763 753 2839; x_wconf 83' lang='lat' dir='ltr'><strong>potestatum</strong></span> <span class='ocrx_word' id='word_1_243' title='bbox 770 2755 862 2819; x_wconf 88' lang='lat' dir='ltr'><strong>babet</strong></span> <span class='ocrx_word' id='word_1_244' title='bbox 892 2754 1080 2821; x_wconf 86' lang='lat' dir='ltr'><strong>eximendia</strong></span> 
     </span>
     <span class='ocr_line' id='line_1_31' title="bbox 103 2843 1081 2928; baseline 0.001 -22"><span class='ocrx_word' id='word_1_245' title='bbox 103 2843 310 2924; x_wconf 74' lang='lat' dir='ltr'><strong>jurisdictione</strong></span> <span class='ocrx_word' id='word_1_246' title='bbox 326 2847 522 2909; x_wconf 85' lang='lat' dir='ltr'><strong>Pnaelatcrum</strong></span> <span class='ocrx_word' id='word_1_247' title='bbox 541 2846 731 2909; x_wconf 83' lang='lat' dir='ltr'><strong>inferiorum.</strong></span> <span class='ocrx_word' id='word_1_248' title='bbox 751 2845 832 2906; x_wconf 72' lang='lat' dir='ltr'><strong>«Est</strong></span> <span class='ocrx_word' id='word_1_249' title='bbox 854 2843 957 2924; x_wconf 82' lang='lat' dir='ltr'><strong>enim,</strong></span> <span class='ocrx_word' id='word_1_250' title='bbox 981 2845 1081 2928; x_wconf 89' lang='lat' dir='ltr'><strong>inquit</strong></span> 
     </span>
     <span class='ocr_line' id='line_1_32' title="bbox 104 2933 1080 3018; baseline 0.004 -26"><span class='ocrx_word' id='word_1_251' title='bbox 104 2955 120 2992; x_wconf 81' lang='lat' dir='ltr'><strong>o</strong></span> <span class='ocrx_word' id='word_1_252' title='bbox 146 2934 184 2995; x_wconf 82' lang='lat' dir='ltr'><strong>b.</strong></span> <span class='ocrx_word' id='word_1_253' title='bbox 212 2935 306 2999; x_wconf 78' lang='lat' dir='ltr'><strong>Bouix</strong></span> <span class='ocrx_word' id='word_1_254' title='bbox 326 2935 391 3016; x_wconf 84' lang='lat' dir='ltr'><strong>(De</strong></span> <span class='ocrx_word' id='word_1_255' title='bbox 416 2935 543 3018; x_wconf 68' lang='lat' dir='ltr'><strong>Requi,</strong></span> <span class='ocrx_word' id='word_1_256' title='bbox 563 2942 586 2997; x_wconf 91' lang='lat' dir='ltr'><strong>t.</strong></span> <span class='ocrx_word' id='word_1_257' title='bbox 610 2939 648 3012; x_wconf 77' lang='grc'><strong>1,</strong></span> <span class='ocrx_word' id='word_1_258' title='bbox 663 2953 695 3016; x_wconf 90' lang='lat' dir='ltr'><strong>p.</strong></span> <span class='ocrx_word' id='word_1_259' title='bbox 716 2937 814 3014; x_wconf 86' lang='grc'><strong>115),</strong></span> <span class='ocrx_word' id='word_1_260' title='bbox 835 2934 884 3016; x_wconf 86' lang='lat' dir='ltr'><strong>jus</strong></span> <span class='ocrx_word' id='word_1_261' title='bbox 904 2935 978 2998; x_wconf 89' lang='lat' dir='ltr'><strong>illud</strong></span> <span class='ocrx_word' id='word_1_262' title='bbox 999 2933 1080 3017; x_wconf 92' lang='lat' dir='ltr'><strong>apud</strong></span> 
     </span>
     <span class='ocr_line' id='line_1_33' title="bbox 103 3022 1080 3102; baseline 0.001 -17"><span class='ocrx_word' id='word_1_263' title='bbox 103 3047 120 3085; x_wconf 76' lang='lat' dir='ltr'><strong>a</strong></span> <span class='ocrx_word' id='word_1_264' title='bbox 146 3025 309 3088; x_wconf 87' lang='lat' dir='ltr'><strong>catholicos</strong></span> <span class='ocrx_word' id='word_1_265' title='bbox 330 3030 413 3088; x_wconf 87' lang='lat' dir='ltr'><strong>extra</strong></span> <span class='ocrx_word' id='word_1_266' title='bbox 438 3043 563 3088; x_wconf 92' lang='lat' dir='ltr'><strong>omnem</strong></span> <span class='ocrx_word' id='word_1_267' title='bbox 584 3022 835 3102; x_wconf 78' lang='lat' dir='ltr'><strong>controuersiam,</strong></span> <span class='ocrx_word' id='word_1_268' title='bbox 850 3042 907 3087; x_wconf 87' lang='lat' dir='ltr'><strong>nec</strong></span> <span class='ocrx_word' id='word_1_269' title='bbox 920 3042 1080 3088; x_wconf 87' lang='lat' dir='ltr'><strong>censuram</strong></span> 
     </span>
     <span class='ocr_line' id='line_1_34' title="bbox 103 3113 1082 3198; baseline -0.003 -19"><span class='ocrx_word' id='word_1_270' title='bbox 103 3141 119 3178; x_wconf 81' lang='lat' dir='ltr'><strong>c</strong></span> <span class='ocrx_word' id='word_1_271' title='bbox 146 3116 293 3198; x_wconf 86' lang='lat' dir='ltr'><strong>effugeret</strong></span> <span class='ocrx_word' id='word_1_272' title='bbox 306 3114 359 3196; x_wconf 90' lang='lat' dir='ltr'><strong>qui</strong></span> <span class='ocrx_word' id='word_1_273' title='bbox 372 3113 486 3177; x_wconf 79' lang='lat' dir='ltr'><strong>validos</strong></span> <span class='ocrx_word' id='word_1_274' title='bbox 508 3119 631 3195; x_wconf 82' lang='lat' dir='ltr'><strong>negaret</strong></span> <span class='ocrx_word' id='word_1_275' title='bbox 653 3115 826 3177; x_wconf 74' lang='lat' dir='ltr'><strong>altomano</strong></span> <span class='ocrx_word' id='word_1_276' title='bbox 843 3113 988 3177; x_wconf 88' lang='lat' dir='ltr'><strong>Pontifice</strong></span> <span class='ocrx_word' id='word_1_277' title='bbox 1010 3131 1082 3176; x_wconf 91' lang='lat' dir='ltr'><strong>con·</strong></span> 
     </span>
     <span class='ocr_line' id='line_1_35' title="bbox 103 3199 1082 3287; baseline -0.004 -20"><span class='ocrx_word' id='word_1_278' title='bbox 103 3229 120 3267; x_wconf 81' lang='lat' dir='ltr'><strong>o</strong></span> <span class='ocrx_word' id='word_1_279' title='bbox 146 3223 246 3270; x_wconf 88' lang='lat' dir='ltr'><strong>cessas</strong></span> <span class='ocrx_word' id='word_1_280' title='bbox 256 3204 485 3287; x_wconf 87' lang='lat' dir='ltr'><strong>exemptiones..</strong></span> <span class='ocrx_word' id='word_1_281' title='bbox 497 3203 657 3280; x_wconf 78' lang='lat' dir='ltr'><strong>Caeterirm,</strong></span> <span class='ocrx_word' id='word_1_282' title='bbox 672 3209 706 3266; x_wconf 89' lang='lat' dir='ltr'><strong>ut</strong></span> <span class='ocrx_word' id='word_1_283' title='bbox 718 3199 1082 3285; x_wconf 82' lang='lat' dir='ltr'><strong>aitBiancbi,odjusqaod</strong></span> 
     </span>
     <span class='ocr_line' id='line_1_36' title="bbox 103 3290 1081 3375; baseline -0.007 -18"><span class='ocrx_word' id='word_1_284' title='bbox 103 3319 120 3357; x_wconf 84' lang='lat' dir='ltr'><strong>u</strong></span> <span class='ocrx_word' id='word_1_285' title='bbox 146 3295 257 3357; x_wconf 83' lang='lat' dir='ltr'><strong>attt&#39;oet</strong></span> <span class='ocrx_word' id='word_1_286' title='bbox 279 3292 364 3356; x_wconf 79' lang='lat' dir='ltr'><strong>Sedis</strong></span> <span class='ocrx_word' id='word_1_287' title='bbox 378 3292 571 3375; x_wconf 78' lang='lat' dir='ltr'><strong>Apostolicoe‚</strong></span> <span class='ocrx_word' id='word_1_288' title='bbox 593 3290 772 3354; x_wconf 74' lang='lat' dir='ltr'><strong>dionostemo</strong></span> <span class='ocrx_word' id='word_1_289' title='bbox 793 3291 832 3352; x_wconf 84' lang='lat' dir='ltr'><strong>ab</strong></span> <span class='ocrx_word' id='word_1_290' title='bbox 854 3291 1081 3354; x_wconf 80' lang='lat' dir='ltr'><strong>Ordiuuriorum</strong></span> 
     </span>
     <span class='ocr_line' id='line_1_37' title="bbox 103 3375 1081 3466; baseline -0.006 -22"><span class='ocrx_word' id='word_1_291' title='bbox 103 3407 118 3444; x_wconf 83' lang='lat' dir='ltr'><strong>u</strong></span> <span class='ocrx_word' id='word_1_292' title='bbox 139 3381 353 3466; x_wconf 68' lang='lat' dir='ltr'><strong>jurisdictione</strong></span> <span class='ocrx_word' id='word_1_293' title='bbox 366 3381 531 3455; x_wconf 78' lang='lat' dir='ltr'><strong>ecimeudi,</strong></span> <span class='ocrx_word' id='word_1_294' title='bbox 545 3400 602 3443; x_wconf 82' lang='lat' dir='ltr'><strong>ooo</strong></span> <span class='ocrx_word' id='word_1_295' title='bbox 618 3390 691 3464; x_wconf 86' lang='lat' dir='ltr'><strong>puto</strong></span> <span class='ocrx_word' id='word_1_296' title='bbox 704 3380 799 3443; x_wconf 83' lang='lat' dir='ltr'><strong>ullum</strong></span> <span class='ocrx_word' id='word_1_297' title='bbox 819 3379 943 3442; x_wconf 73' lang='lat' dir='ltr'><strong>existere</strong></span> <span class='ocrx_word' id='word_1_298' title='bbox 958 3375 1081 3441; x_wconf 76' lang='lat' dir='ltr'><strong>catholi-</strong></span> 
     </span>
     <span class='ocr_line' id='line_1_38' title="bbox 102 3463 1082 3556; baseline -0.007 -23"><span class='ocrx_word' id='word_1_299' title='bbox 102 3497 119 3533; x_wconf 86' lang='lat' dir='ltr'><strong>o</strong></span> <span class='ocrx_word' id='word_1_300' title='bbox 145 3493 212 3535; x_wconf 81' lang='lat' dir='ltr'><strong>com</strong></span> <span class='ocrx_word' id='word_1_301' title='bbox 225 3472 278 3556; x_wconf 81' lang='lat' dir='ltr'><strong>qui</strong></span> <span class='ocrx_word' id='word_1_302' title='bbox 291 3470 418 3534; x_wconf 84' lang='lat' dir='ltr'><strong>illudio</strong></span> <span class='ocrx_word' id='word_1_303' title='bbox 440 3470 560 3533; x_wconf 79' lang='lat' dir='ltr'><strong>dubium</strong></span> <span class='ocrx_word' id='word_1_304' title='bbox 579 3490 712 3535; x_wconf 83' lang='lat' dir='ltr'><strong>revocure</strong></span> <span class='ocrx_word' id='word_1_305' title='bbox 729 3469 834 3533; x_wconf 81' lang='lat' dir='ltr'><strong>audeat</strong></span> <span class='ocrx_word' id='word_1_306' title='bbox 848 3467 980 3548; x_wconf 84' lang='lat' dir='ltr'><strong>(Potestd</strong></span> <span class='ocrx_word' id='word_1_307' title='bbox 1001 3463 1082 3528; x_wconf 84' lang='lat' dir='ltr'><strong>dello</strong></span> 
     </span>
     <span class='ocr_line' id='line_1_39' title="bbox 103 3559 865 3643; baseline -0.008 -21"><span class='ocrx_word' id='word_1_308' title='bbox 103 3586 119 3622; x_wconf 84' lang='lat' dir='ltr'><strong>n</strong></span> <span class='ocrx_word' id='word_1_309' title='bbox 148 3561 275 3639; x_wconf 75' lang='lat' dir='ltr'><strong>Chiaca,</strong></span> <span class='ocrx_word' id='word_1_310' title='bbox 289 3565 312 3622; x_wconf 86' lang='lat' dir='ltr'><strong>t.</strong></span> <span class='ocrx_word' id='word_1_311' title='bbox 327 3563 363 3636; x_wconf 84' lang='grc'><strong>1,</strong></span> <span class='ocrx_word' id='word_1_312' title='bbox 379 3579 410 3643; x_wconf 89' lang='lat' dir='ltr'><strong>p.</strong></span> <span class='ocrx_word' id='word_1_313' title='bbox 427 3563 504 3637; x_wconf 77' lang='lat'><strong>378,</strong></span> <span class='ocrx_word' id='word_1_314' title='bbox 519 3559 589 3622; x_wconf 87' lang='lat' dir='ltr'><strong>edit.</strong></span> <span class='ocrx_word' id='word_1_315' title='bbox 606 3561 710 3622; x_wconf 85' lang='lat' dir='ltr'><strong>llomae</strong></span> <span class='ocrx_word' id='word_1_316' title='bbox 726 3560 833 3633; x_wconf 82' lang='grc'><strong>1816).</strong></span> <span class='ocrx_word' id='word_1_317' title='bbox 848 3579 865 3616; x_wconf 77' lang='lat' dir='ltr'><strong>a</strong></span> 
     </span>
    </p>
   </div>
   <div class='ocr_carea' id='block_1_3' title="bbox 0 0 1310 4008">
    <p class='ocr_par' dir='ltr' id='par_1_4' title="bbox 0 0 1310 4008">
     <span class='ocr_line' id='line_1_40' title="bbox 0 0 1310 4008; baseline 0 0"><span class='ocrx_word' id='word_1_318' title='bbox 0 0 1310 4008; x_wconf 95' lang='lat' dir='ltr'><strong> </strong></span> 
     </span>
    </p>
   </div>
  </div>
 </body>
</html>
