2578 4008
526 191 613 237 erasa
634 193 752 238 narnus.
1066 175 1125 244 345

152 305 219 371 cap.
232 292 262 366 t,
277 293 333 351 art.
353 291 392 364 2,
406 287 643 366 versas-lineml:
664 287 762 350 ellac
775 289 939 369 propositio
954 307 963 352 ε
979 291 1124 373 Pontifex

152 397 168 436 n
192 378 340 440 Romanus
347 375 481 438 canonici
489 374 609 453 electus,
621 374 770 458 lepitimus
779 385 822 439 est
831 377 870 440 B.
880 378 967 440 Petri
971 399 1123 459 successor,

151 487 167 525 o
191 474 221 528 et
232 466 306 546 jure
324 466 424 528 diuino
446 465 611 527 Primatum
622 464 846 545 jurisdictionis
863 466 896 527 ia
913 466 974 529 totci
989 469 1123 532 Ecclesid

152 575 167 614 ι
193 553 294 632 babet,
310 554 413 618 multis
436 553 553 617 videtur
575 553 613 617 de
631 552 706 631 tide,
725 554 797 635 quia
815 571 852 617 ex
873 557 1123 637 promissionibus

153 664 166 702 o
193 645 226 704 B.
252 645 341 706 Petro
365 643 467 721 lactis,
485 662 522 706 ex
549 645 694 726 perpetua
719 642 898 718 traditione,
927 662 964 707 ex
986 648 1122 710 unanimi

52 763 55 768 -
152 755 167 790 o
191 731 397 795 Consiliorum
418 739 449 795 et
465 734 588 795 Petrum
610 737 908 809 consensuconstat,
923 740 1036 796 etcum
1052 755 1121 817 pro-

152 841 166 880 s
191 821 389 902 positionibus
402 820 440 884 de
454 819 514 884 tide
534 819 730 883 essentialiter
751 827 795 883 est
807 821 978 901 conjuncta.
995 823 1121 896 Quidam

151 932 166 967 n
191 908 876 992 (tamenimdicantillamamessedefide‚quia
889 910 1121 976 immediatduou

151 1020 166 1056 o
191 1005 233 1060 est
253 999 398 1070 revelata·
418 1000 523 1061 verbm
534 1000 619 1078 iuxta
631 1016 755 1076 omnes,
775 1005 819 1060 est
840 999 946 1062 saltem
967 1001 1122 1066 conclusio

150 1107 166 1145 n
190 1085 357 1162 theologica
370 1087 419 1151 cui
434 1087 570 1150 internus
582 1087 692 1150 mentis
705 1103 845 1149 assensus
858 1087 994 1153 debetur.
1009 1111 1025 1149 o

192 1184 244 1240 llis
258 1187 359 1240 tamen
369 1198 429 1240 non
438 1179 637 1246 obstantibus.
650 1181 724 1242 illud
733 1180 977 1243 deiideessenon
988 1179 1118 1240 amoliris

151 1271 249 1348 potest
261 1264 404 1338 dubitari,
421 1273 521 1348 utpote
543 1267 702 1352 delinitum
724 1271 742 1332 a
761 1269 904 1330 Vaticano
922 1263 1117 1344 sequentibus

152 1353 251 1416 verbis
274 1371 282 1414 :
309 1375 325 1413 c
347 1354 376 1414 Si
392 1357 462 1435 quis
475 1355 548 1433 erud
562 1353 671 1418 dixerit
685 1375 747 1418 non
761 1373 826 1418 esse
843 1375 878 1418 ex
903 1354 995 1434 ipsius
1009 1347 1115 1412 Christi

151 1464 167 1500 n
193 1441 527 1522 institutione,seujure
539 1441 651 1516 divino,
663 1443 930 1506 utBeatusl'etrus
942 1441 972 1502 in
986 1439 1116 1520 primatu

151 1551 167 1589 n
192 1547 283 1610 super
296 1528 466 1602 universam
483 1529 647 1592 Ecclesiam
660 1530 767 1594 babeat
782 1539 943 1612 perpetuos
956 1543 1110 1591 successo·

151 1640 167 1678 n
193 1637 259 1692 ren
277 1622 329 1680 aul
351 1619 521 1679 Muranum
534 1617 711 1681 Pontificem
728 1637 790 1681 non
805 1637 871 1682 esse
895 1616 976 1680 Beati
991 1613 1068 1677 Petri
1084 1613 1115 1676 in

150 1731 166 1766 s
192 1706 300 1768 eodem
314 1705 445 1788 primatu
458 1725 674 1790 successorem,
689 1707 847 1773 anemonen
860 1708 938 1773 sit.»
957 1705 1048 1789 (Sess.
1064 1704 1116 1778 IV,

149 1814 179 1858 c.
192 1799 235 1870 t.)

188 1890 258 1948 677.
281 1886 401 1958 Quaerit.
422 1887 453 1948 t⁰
467 1887 533 1958 Quo
550 1887 618 1966 jure
635 1886 785 1951 Primatus
797 1895 932 1952 adnexus
949 1889 1038 1954 luerit
1050 1892 1129 1974 Sodi

147 1975 314 2036 nornonae‘t

188 2065 277 2144 Resp.
293 2063 383 2124 Modb
397 2063 527 2125 diximus
549 2063 624 2145 quid
646 2063 684 2126 de
703 2064 761 2128 hdo
774 2083 807 2128 re
824 2067 953 2130 senserit
976 2067 1118 2133 Melobior

147 2153 229 2214 Cano
244 2153 339 2234 (dldlz
352 2153 395 2215 sic
408 2159 509 2214 auum
519 2153 716 2234 quaestionem
730 2154 869 2236 expendit
882 2155 1002 2218 Gardin.
1018 2160 1118 2239 Soglia

148 2238 239 2320 (last.
253 2241 321 2322 jur.
334 2241 432 2324 publ„
448 2240 466 2321 ξ
480 2243 551 2320 l6):
570 2242 778 2322 «Quanquam
801 2243 954 2306 catholicis
976 2247 1118 2311 omnibus

146 2351 163 2388 o
187 2337 303 2394 certum
328 2331 576 2412 exploratumque
590 2331 644 2403 sit,
660 2331 812 2394 Romanos
822 2332 998 2409 Pontifices,
1016 2333 1118 2399 divino

145 2440 163 2478 n
184 2419 264 2498 jure,
281 2419 313 2482 ia
326 2421 493 2481 Primatum
508 2421 538 2481 S.
551 2420 630 2482 Petri
641 2418 818 2493 succedere,
830 2421 902 2502 quia
914 2420 1048 2484 Christus
1058 2425 1119 2486 Pri·
1143 2419 1147 2426 ’

146 2530 162 2567 n
187 2514 301 2571 rnatum
316 2510 416 2590 ipsum
431 2510 574 2590 perpetuo
588 2509 618 2570 in
634 2509 862 2572 successoribus
883 2509 962 2573 Petri
977 2529 1117 2592 perman-

145 2619 162 2658 ι)
187 2616 292 2661 surum
307 2597 446 2674 instituit,
462 2599 587 2680 quaestio
599 2604 702 2660 umen
715 2605 761 2660 est
773 2616 907 2680 quonam
918 2600 1001 2678 jure,
1016 2599 1117 2665 divino

145 2708 161 2747 n
186 2695 237 2750 aut
255 2687 410 2764 humano,
426 2689 593 2769 Supremus
611 2687 805 2751 Pontificatus
823 2689 968 2751 Romanae
986 2689 1054 2751 Sedi
1069 2690 1117 2753 ad·

145 2798 162 2850 p
187 2795 282 2840 nexus
304 2777 356 2854 sit,
375 2784 405 2840 et
426 2776 538 2839 idcirob
551 2795 590 2838 en
605 2777 801 2858 praerogativa
822 2777 971 2840 Primatbs
993 2777 1116 2860 ipsiusa

144 2879 161 2926 n
186 2868 321 2930 Romana
335 2867 412 2930 Sede
431 2865 532 2944 evelli,
548 2874 579 2928 et
594 2865 626 2928 in
646 2865 736 2927 aliam
757 2865 860 2928 sedem
879 2867 1032 2930 transferri
1046 2886 1116 2950 pos·

145 2977 161 3016 o
187 2957 247 3018 sit?
259 2993 298 3002 -
311 2959 421 3019 Putant
445 2955 589 3036 aliqui...
606 2954 636 3017 in
651 2955 730 3016 Petri
749 2960 893 3037 potestate
915 2956 1006 3020 tuisse
1024 2975 1116 3040 quam

145 3050 161 3107 i
186 3045 289 3108 mallet
302 3045 406 3108 sedem
415 3045 576 3126 eligere...
589 3043 850 3116 Quemadmodum
860 3062 983 3127 ergo...
994 3045 1115 3110 exfacto

145 3151 161 3194 u
185 3135 264 3196 Petri
279 3135 360 3215 quod
374 3135 542 3196 humanum
551 3140 615 3210 est,
632 3133 831 3196 Primitiae...
848 3133 879 3195 in
893 3136 1029 3196 Romana
1039 3134 1116 3198 Sede

144 3245 161 3282 o
185 3223 304 3286 relictus
319 3223 388 3301 luit,
400 3220 1116 3306 stcpoteritexdispensationehumana,nempe

145 3333 161 3371 s
185 3313 346 3391 Ecclesia,
361 3314 470 3376 iterum
485 3311 524 3373 ab
537 3314 572 3373 ea
587 3310 663 3373 Sede
677 3313 818 3394 separari.

184 3425 200 3462 o
224 3403 326 3484 Aliqui
344 3409 449 3465 contra
472 3399 622 3463 affirmant
640 3403 807 3464 Romanam
826 3399 935 3463 Sedern
947 3400 1073 3463 electam
1086 3405 1116 3464 et

144 3515 160 3554 ι
185 3491 407 3556 successoribus
428 3491 507 3554 Petri
530 3490 722 3554 constitutam
748 3489 854 3564 luisse,
878 3507 939 3552 non
966 3506 1003 3551 ex
1025 3489 1116 3552 unius

145 3604 160 3644 u
185 3581 279 3659 Petri,
290 3580 343 3644 sed
356 3580 446 3643 etiam
460 3580 554 3661 ipsius
562 3580 669 3642 Christi
682 3579 833 3644 voluntate
848 3598 856 3640 ι
871 3596 909 3640 ex
921 3595 984 3658 quo
1005 3593 1114 3640 corne·
