2578 4008
169 255 226 317 358
390 269 528 316 nanuum
546 267 650 316 rarius
670 266 751 312 ramis
772 263 920 312 aaronica.

168 368 244 430 dunt
257 375 357 428 amen
373 366 494 447 ipsimet
506 365 666 441 Gallicani,
679 363 813 446 alioquin
828 371 921 446 port-aa
936 359 1023 425 interi
1041 359 1145 425 adver·

170 457 222 517 sbs
240 453 407 516 Ecclesiam
436 461 537 518 essent
553 453 767 537 praevaliturae,
797 455 902 516 contra
924 449 1057 514 divinam
1073 469 1144 534 pro-

170 561 359 606 missionem.

211 645 280 704 692.
305 639 512 704 Corollarium
533 637 584 702 VI.
603 673 639 687 -
654 643 809 703 Romanus
821 637 959 702 Pontifex
970 641 1069 721 potest
1081 636 1146 700 ‹lle-

174 749 298 813 penaare
308 731 340 792 in
352 729 495 792 omuibus
511 729 601 792 eliam
612 729 814 792 Consiliorum
823 727 1009 810 generalium
1018 726 1145 807 legibus.

172 855 212 866 -
225 821 290 881 Hoc
303 818 455 881 evidenter
469 818 604 899 sequitur
618 835 654 880 ex
668 818 757 900 plena
772 815 865 900 ipsius
879 823 1023 898 potestate
1037 814 1148 896 guber-

176 907 265 970 nandi
275 907 475 970 universalem
484 906 661 983 Ecclesiam,
678 907 832 989 ipsiusque
841 904 1048 988 superioritale
1058 921 1149 985 supra

175 999 238 1078 ipsa
261 995 394 1058 Concilia
418 995 615 1058 oecumenica.
646 997 731 1058 Hanc
754 994 927 1077 generalem
955 992 1149 1075 dispensandi

176 1085 344 1147 l'acultalem
360 1085 391 1145 in
408 1085 460 1146 SS.
473 1083 668 1146 Pontificibus
681 1090 849 1166 agnoscunt
862 1083 982 1165 ipsimet
992 1081 1148 1160 Gallicani,

176 1180 208 1234 ut
224 1173 324 1234 videre
335 1179 379 1235 est
394 1193 444 1254 ap.
456 1173 582 1235 Bossuet
599 1173 680 1256 (Des.
702 1173 819 1236 Derlcr.
833 1178 908 1256 part.
925 1175 955 1248 3,
972 1172 993 1232 l.
1011 1174 1043 1233 ll
1057 1217 1064 1247 ,
1080 1189 1146 1252 cap

179 1261 228 1342 lli)
241 1281 248 1323 :
263 1261 368 1324 dicunt
382 1267 484 1324 tamen
506 1261 585 1323 adid
599 1262 711 1344 requiri
725 1263 837 1342 justam
855 1277 992 1335 causam,
1015 1260 1151 1341 alioquin

178 1369 238 1412 non
261 1353 378 1413 lantbm
401 1351 501 1413 illicita
528 1357 605 1414 esset
628 1351 834 1433 dispensatio,
858 1347 1045 1426 sedetiam,
1066 1354 1152 1428 Juxta

177 1439 267 1520 ipsos,
280 1439 409 1502 inualida
423 1441 586 1522 (Laqueux,
600 1449 632 1502 n⁰
648 1441 713 1516 l'l);
729 1439 782 1502 sed
789 1439 903 1502 addunt
916 1457 986 1501 cum
995 1438 1152 1501 Bossuetlo

178 1528 279 1604 (lead,
295 1549 322 1591 c.
339 1533 408 1608 tal:
429 1532 564 1611 «Papam
579 1529 654 1591 nihil
673 1548 735 1592 non
750 1547 838 1610 posse
852 1529 923 1591 clim
939 1528 1100 1591 necessitas
1119 1527 1150 1590 id

179 1640 193 1676 u
217 1618 383 1698 postulllril.
399 1641 414 1676 u

218 1711 287 1769 693.
304 1708 425 1779 Quaerit.
450 1709 498 1769 An
516 1709 597 1790 Papa
615 1709 709 1792 possit
726 1707 902 1792 dispensare
920 1707 953 1770 in
967 1706 1058 1771 rebus
1075 1709 1151 1789 iuris

178 1795 295 1857 divini?

217 1884 389 1966 Respondet
402 1887 433 1948 S.
450 1885 571 1967 liguor.
588 1885 652 1965 (lib.
665 1889 703 1962 6,
720 1895 753 1947 n⁰
770 1883 879 1967 lll9):
900 1908 915 1946 u
928 1887 962 1947 ln
983 1885 1019 1948 iis
1037 1885 1068 1947 in
1083 1887 1153 1967 qui-

179 1996 193 2032 n
218 1973 274 2035 bus
284 1975 335 2054 ius
348 1974 484 2038 divinum
498 1983 598 2038 ortum
611 1973 700 2036 habet
713 1993 730 2036 a
744 1975 894 2038 voluntate
903 1974 1048 2052 humanit,
1064 1983 1153 2056 prout

179 2085 194 2120 u
219 2063 250 2122 in
273 2063 349 2125 votis
362 2071 392 2125 et
411 2065 600 2144 juramenta,
616 2071 731 2126 certum
751 2070 795 2126 est
817 2062 898 2143 apud
918 2081 1025 2126 omnes
1039 2065 1152 2145 Papam

179 2174 193 2210 a
219 2151 328 2214 babere
351 2151 522 2216 facultatem
540 2152 746 2235 dispensandi.
771 2156 856 2215 'lunc
876 2153 971 2228 enim,
994 2152 1063 2216 licet
1087 2153 1152 2236 ipse

180 2264 194 2299 n
221 2259 282 2302 non
306 2241 420 2306 auferat
439 2243 489 2322 Jus
508 2243 660 2318 divinum,
681 2241 777 2305 aufert
795 2248 897 2304 tamen
920 2239 1152 2305 fundamentum

179 2353 193 2387 n
219 2329 409 2412 obligationis
423 2351 514 2413 quam
528 2331 620 2394 homo
630 2331 685 2392 sibi
701 2331 843 2414 imposuit
854 2331 1062 2394 actubumano
1072 2351 1079 2392 :
1091 2351 1153 2414 quu

179 2441 193 2477 n
219 2419 352 2496 sublato,
372 2429 468 2482 cessat
478 2421 553 2500 juris
567 2419 658 2482 divini
673 2419 853 2502 obligatio...

218 2531 234 2567 n
258 2510 354 2588 Majus
367 2509 493 2572 dubium
509 2515 553 2572 est
567 2527 605 2571 an
627 2511 706 2590 Papa
721 2507 814 2590 possit
836 2509 1011 2591 dispensare
1032 2509 1153 2590 injure

180 2620 194 2656 n
219 2597 320 2659 divino
336 2598 418 2680 quod
438 2617 473 2660 cx
495 2598 559 2660 solo
579 2597 681 2659 diuino
699 2597 821 2660 arbitrio
839 2597 962 2660 derivat.
979 2635 1019 2644 -
1032 2599 1153 2682 Triplex

179 2709 193 2745 n
219 2693 263 2748 est
281 2688 428 2749 sententia
445 2707 452 2747 :
469 2687 575 2751 Prima
597 2686 775 2749 affirmat...
798 2687 931 2750 Sanchez
953 2688 1061 2749 meritb
1084 2707 1152 2751 eam

179 2798 193 2834 n
219 2775 323 2853 rejicit.
341 2776 485 2854 Secunda,
501 2795 593 2858 quam
603 2783 707 2838 tonent
717 2776 942 2856 Sauchez,etr.,
958 2776 1029 2838 dicit
1039 2779 1153 2859 Papam

179 2885 194 2923 u
219 2883 281 2925 non
305 2882 393 2945 posse
415 2865 590 2947 dispensare
612 2867 643 2927 in
657 2867 831 2929 universum
850 2867 899 2946 Jus
919 2865 1074 2943 diuinum,
1098 2865 1153 2931 sed

180 2975 194 3011 a
218 2953 335 3013 tantum
351 2953 381 3014 in
404 2953 505 3036 aliquo
525 2973 596 3018 casu
611 2955 801 3036 particulari,
817 2956 849 3017 in
864 2974 925 3036 quo
940 2973 1001 3017 non
1016 2955 1154 3038 expediat

179 3064 194 3100 n
219 3041 405 3103 observantia
423 3044 573 3124 praecepti.
596 3067 611 3102 n
636 3043 739 3124 (Juxta
763 3043 843 3126 ipsos
867 3047 947 3127 Papa
971 3061 1032 3108 nun
1055 3053 1151 3126 polest

179 3131 352 3211 dispensare
389 3131 419 3192 in
452 3139 602 3215 praecepto
636 3133 861 3210 fornicationis,
899 3133 930 3194 in
964 3137 1090 3196 materia
1123 3143 1151 3201 el

179 3219 275 3281 forma
302 3226 582 3294 sacramentorum,
608 3227 637 3283 et
659 3223 825 3300 similibus,
848 3222 918 3305 quia
942 3223 974 3284 in
993 3221 1150 3286 histraus

180 3307 383 3391 gressionibus
397 3316 442 3370 est
463 3309 638 3372 omnimoda
652 3309 838 3390 indecentia,
857 3311 1039 3393 cuicumque
1052 3330 1151 3376 causae

181 3396 427 3480 praeponderans3
445 3405 541 3480 polest
555 3405 655 3461 aulem
669 3399 882 3482 dispensarein
895 3400 1056 3463 residentia
1069 3403 1154 3484 Epis·

180 3505 341 3568 coporum,
365 3487 397 3548 in
426 3487 617 3550 matrimonio
645 3497 724 3564 rato,
754 3489 828 3571 etc.)
861 3491 1000 3551 uTerliu
1027 3489 1151 3554 demum

69 3597 71 3599 ·
180 3598 194 3633 a
220 3575 366 3637 sententia
394 3577 588 3638 oonnnunllrs
614 3585 642 3638 et
669 3577 854 3659 probabilius
884 3578 957 3641 dicit
994 3599 1151 3662 nunquam

182 3687 195 3721 a
220 3682 306 3730 nossa
321 3667 432 3746 Papam
446 3665 618 3748 dispensare
632 3667 663 3726 in
679 3666 715 3728 iis
728 3685 796 3746 que
810 3675 879 3733 sunt
892 3667 926 3727 da
939 3667 1068 3728 obelata
1078 3667 1151 3750 jure
