2506 3984
422 249 508 297 nmen
530 250 648 298 ramus.
992 234 1052 297 113

67 355 155 410 tune
178 350 299 432 proprie
317 367 433 412 vacare.
449 346 525 410 Vide
545 349 741 430 Fagnanum,
759 366 808 429 ap.
828 349 865 410 D.
886 347 991 416 Bouix,
1010 347 1054 410 tte

70 436 245 520 Capitulis
259 459 290 520 p.
305 442 375 500 532.

121 529 304 589 1211.-11.
324 526 666 609 01111111111,11111111
685 459 1055 589 11111111111111111111111

70 612 160 676 sacta
169 622 213 676 est
224 575 581 698 impossibilisEpiscdpo,
594 616 775 697 aliterqubm
785 615 825 676 ob
835 615 929 698 ipsius
938 631 1056 677 11110111-

72 703 322 766 munitationcm
347 712 399 767 aut
418 705 648 788 suspensionem
670 725 680 765 :
699 703 836 766 videlicet
849 704 892 781 si,
907 704 1057 787 Episcopo

73 792 176 874 longa
197 799 228 856 11
250 797 364 856 remota
387 794 522 856 absentia
541 794 678 870 detento,
698 792 844 855 moriatur
857 799 909 855 aut
925 791 1058 855 discedat

75 887 137 942 aut
159 881 245 945 aliter
267 882 447 965 impediatur
465 884 559 965 ipsius
572 883 708 946 Vicarius
731 881 895 954 Generalis,
916 880 975 943 otia
995 899 1058 943 non

77 969 162 1032 lacta
182 972 352 1054 provisione
366 991 422 1054 pro
440 972 524 1034 istius
541 975 629 1034 castis
646 972 851 1053 contingentia
865 969 996 1050 (Cardia.
1015 971 1059 1032 De

77 1059 166 1122 Luca
187 1067 217 1122 ct
231 1062 372 1136 Lauren„
388 1061 468 1142 apud
488 1063 524 1124 D.
548 1063 654 1137 Bouix,
669 1061 724 1138 st,
740 1081 770 1143 p.
792 1062 997 1136 53311138);
1014 1059 1058 1122 vel

77 1147 210 1230 quando
237 1150 404 1232 Episcopus
422 1156 467 1211 est
484 1157 589 1232 captus
609 1153 626 1211 1
643 1149 769 1232 paganis
787 1148 834 1212 rel
850 1147 1057 1212 schismaticis.

79 1239 119 1297 ln
135 1237 278 1300 omnibus
292 1246 394 1301 autem
413 1239 532 1301 casibus
546 1239 625 1310 istis,
640 1238 777 1301 dioeccsis
790 1238 1008 1300 administratio
1021 1237 1060 1300 ad

81 1326 258 1406 Capitulum
267 1326 441 1390 devolvitur.
453 1329 524 1409 Cap.
536 1328 587 1389 Ad
593 1326 979 1402 abolendum,deleoereticis;
991 1346 1057 1408 cap.

83 1414 125 1475 Si
139 1415 317 1498 Episcopus,
331 1416 366 1478 de
386 1416 546 1498 supplenda
566 1417 674 1498 neqlip.
690 1416 830 1491 Praelat,
847 1417 877 1476 in
893 1418 936 1490 6⁰,
952 1416 1003 1477 ubi
1018 1416 1061 1479 sio

84 1504 130 1564 ait
143 1503 315 1568 Bonilacius
329 1507 392 1566 Vllt
409 1525 416 1565 :
436 1529 451 1562 a
464 1506 493 1566 Si
509 1505 675 1586 Episcopus
689 1507 842 1588 apaganis
856 1509 908 1567 aut
921 1504 1063 1566 schisma-

86 1615 103 1650 n
130 1592 194 1654 ticis
207 1593 352 1675 capiatur,
369 1613 431 1656 non
456 1594 705 1676 archiepiscopus
719 1594 771 1656 sed
786 1595 973 1675 Capitulum,
989 1611 1024 1656 ac
1037 1594 1061 1655 si

88 1704 104 1740 a
130 1681 222 1744 Sedes
236 1701 297 1765 per·
306 1689 435 1744 mortem
449 1691 569 1746 vacaret
583 1684 671 1756 illius,
689 1683 892 1763 spiritualibus
906 1691 933 1745 et
948 1690 1061 1765 tempo

90 1793 105 1827 1)
132 1769 244 1832 ratibus
275 1772 446 1834 ministrare
468 1771 598 1834 debebit.
627 1774 754 1834 »Juxta
773 1773 915 1853 Laqueus
931 1771 1009 1851 (libr.
1032 1776 1061 1849 t,

93 1871 125 1918 n⁰
139 1862 217 1938 358),
239 1859 304 1923 haec
319 1861 479 1923 Decretalis
497 1861 533 1923 ad
549 1880 664 1935 casum,
680 1860 711 1922 in
726 1879 787 1942 quo
802 1861 968 1944 Episcopus
982 1860 1062 1923 redi-

91 1954 211 2027 geretur
226 1949 257 2010 in
272 1950 444 2012 servitutem
459 1951 579 2031 proprie
593 1949 719 2018 dictam.
738 1951 931 2012 acanonistis
944 1950 1065 2012 restrin-

92 2036 170 2116 gitur
176 2057 184 2112 ;
205 2037 257 2099 sed
271 2039 352 2098 certe
367 2055 429 2098 non
447 2043 492 2098 est
505 2037 698 2117 intelligenda
710 2035 749 2098 dc
764 2055 836 2099 casu
857 2037 887 2098 in
902 2055 963 2118 quo
979 2039 1064 2119 Epis·

92 2143 186 2206 copus
223 2144 240 2186 a
269 2131 412 2206 potestate
440 2126 575 2188 saeculari
614 2126 645 2186 in
673 2143 825 2186 carcerem
852 2127 1063 2206 conjiceretur,

93 2221 181 2294 prout
200 2213 324 2294 contigit
345 2232 416 2295 erga
432 2213 697 2294 Archiepiscopum
719 2213 928 2277 coloniensem
947 2217 1009 2275 Di).
1026 2215 1064 2279 dc

93 2303 181 2364 Drost
199 2303 238 2365 de
264 2302 471 2386 Wiscbering,
491 2321 572 2365 anno
592 2306 681 2366 1831.
717 2301 767 2365 Sic
788 2303 871 2364 enim
893 2310 972 2364 esset
994 2321 1066 2366 con·

95 2391 195 2454 nivere
216 2391 337 2473 injustis
363 2392 448 2456 loica
460 2391 616 2474 potcstatis
637 2391 781 2466 consiliis,
805 2397 839 2452 ut
857 2391 888 2451 in
903 2409 959 2453 suo
980 2393 1065 2455 Brevi

95 2491 113 2547 1
136 2482 206 2544 maii
231 2483 328 2560 1838,
344 2479 380 2543 ad
396 2481 566 2564 Capitulum
589 2479 767 2542 Coloniense
785 2478 933 2542 scribebat
952 2481 1065 2562 Grego-

96 2573 156 2636 rius
170 2574 247 2634 XVI.

136 2663 321 2724 tata-2111
346 2659 436 2722 Vacat
448 2657 692 2742 anterpretotwe
707 2657 830 2739 quando
843 2657 1010 2741 Episcopus
1023 2667 1068 2726 est

98 2752 371 2814 excommunicatus
396 2749 443 2812 vel
466 2766 648 2830 suspensus,
675 2747 722 2810 vel
749 2745 892 2808 amalecita
915 2748 1065 2812 allicitur:

98 2845 228 2920 tuncque
241 2838 378 2902 dioecesis
388 2835 529 2901 administ
517 2836 616 2912 tratio,
628 2853 689 2898 non
699 2835 737 2897 ad
747 2834 917 2916 Capitulum
927 2838 1065 2918 pertinet,

99 2928 147 2991 sed
162 2928 379 2992 recurrendum
394 2935 438 2990 est
451 2925 489 2988 ad
499 2927 610 3008 Papam
624 2931 657 2986 ut
670 2923 832 3007 provideat.
844 2926 886 2986 lta
895 2941 943 3007 ap.
959 2928 1066 3007 Bouix,

99 3019 267 3099 Fagnanus,
276 3020 329 3100 qui
345 3015 375 3078 id
389 3014 495 3098 probat
503 3013 640 3096 pluribus
651 3015 728 3094 iuris
741 3012 870 3076 textibus
884 3021 914 3075 et
927 3014 1069 3079 diuturna

99 3107 292 3184 observantia,
312 3125 381 3188 quae
399 3111 446 3168 est
464 3103 577 3186 optima
590 3101 693 3185 legum
706 3102 864 3185 interpres.
882 3103 958 3166 Vide
967 3111 1069 3168 tamen

99 3197 248 3278 laqueus,
264 3199 298 3258 n⁰
311 3199 380 3259 361.

136 3289 224 3352 tata.
241 3288 317 3348 Casu
339 3289 440 3347 autem
454 3299 515 3363 quo
529 3284 547 3345 a
562 3281 694 3344 Concilio
707 3279 883 3344 Provinciali
902 3281 1070 3365 Episcopus

101 3374 343 3457 suspenderetur,
371 3371 510 3434 dioecesis
536 3371 754 3435 administratio
774 3378 871 3455 potest
895 3374 912 3434 1
936 3374 1071 3438 Concilio

101 3463 240 3526 committi
262 3461 352 3526 alicui
367 3462 501 3538 Vicario,
520 3461 624 3523 saltem
645 3461 742 3523 donec
762 3461 847 3524 aliter
863 3461 951 3523 luerit
975 3463 1072 3544 provi·

102 3555 194 3615 suana
212 3551 289 3614 Sede
311 3550 497 3633 apostolica3
513 3551 556 3613 sic
571 3551 633 3631 egit
648 3551 817 3612 Concilium
834 3549 1067 3630 Eberodunum,

102 3659 177 3704 anno
202 3644 295 3721 tran,
315 3641 346 3702 in
360 3639 480 3722 negotio
497 3641 561 3703 bu.
584 3639 623 3701 de
644 3641 787 3716 Soanen;
815 3655 872 3702 nec
892 3637 1070 3719 improbavit
