2496 3992
446 265 533 314 eroon
555 267 677 314 rnruus.
988 250 1045 312 till

90 385 189 436 civitate
205 388 302 450 gerunt.
315 387 347 435 ab
361 384 391 436 iis
407 398 457 435 uon
472 387 507 434 uti
520 397 590 434 suam
603 384 666 450 peri,
682 384 726 434 sed
740 386 796 434 uta
812 384 902 448 populo
916 385 965 434 sibi
980 400 1046 436 man·

90 460 181 508 datam.
193 463 217 506 et
231 458 276 506 hac
301 457 402 518 quidem
417 458 480 520 tege,
496 461 523 504 ut
534 456 618 518 populi
638 456 716 520 ipsius
731 457 866 512 voluntale,
881 471 895 506 a
910 471 960 518 quo
976 471 1047 507 man·

90 531 149 580 date
160 531 325 591 est,revocari
339 529 468 592 pussilli)
481 527 519 576 iris
533 538 591 576 vero
600 527 746 577 dissentiunt
753 527 865 577 caltrolici
880 527 1047 591 homines,qui

87 600 296 664 jusimperandia
307 600 354 649 lieo
365 603 487 664 repetunt,
501 599 569 648 vellat
580 599 708 648 auctorali
723 599 909 661 necessarioque
919 599 1046 662 principio.

123 673 226 722 interest
248 677 329 720 autem
347 671 473 720 attendere
488 671 535 720 hoo
556 669 617 723 loeo,
632 684 684 732 eos,
699 669 742 733 qni
754 669 903 732 reipublicae
917 671 1046 733 prtesuturi

91 747 141 794 sint
156 757 237 807 posse,
262 743 288 792 in
297 741 445 804 quibusdam
462 741 543 790 causis
557 741 681 791 voluntate
693 741 836 804 judicioque
847 741 922 806 delipi
936 743 1046 792 multitu·

89 805 164 877 dinis,
178 829 226 864 nnn
239 815 384 862 adversante
395 827 475 875 neque
491 819 645 876 repugnante
655 813 766 862 doctrina
780 813 906 862 catholica.
918 813 970 871 Quo
985 828 1047 864 sene

89 885 335 948 deiectudesignatur
345 885 470 947 princeps,
481 898 531 932 non
546 884 707 932 conferuntur
717 883 773 946 jura
783 884 936 947 principatus
950 899 1047 947 :noque

90 959 222 1008 mandatur
236 956 376 1019 imperium,
388 957 431 1004 cod
446 954 562 1004 statuitur
576 969 590 1004 a
607 970 655 1017 quo
668 956 699 1006 sit
714 957 860 1017 gerendum.
870 983 901 993 —
914 956 997 1018 Neque
1007 957 1047 1007 liic

89 1029 256 1093 queritando
279 1041 360 1078 rerum
378 1027 531 1089 publicarum
547 1025 641 1080 modis:
658 1027 720 1075 nihil
733 1025 800 1076 onim
813 1031 859 1088 est,
877 1041 921 1077 cur
941 1043 987 1076 non
1004 1028 1048 1077 Ec·

90 1101 177 1152 cleaiae
191 1101 307 1163 probetur
320 1103 362 1148 aut
372 1097 444 1146 nnius
455 1102 497 1146 aut
509 1097 614 1160 plurium
628 1098 788 1160 principatus,
799 1098 820 1148 si
831 1099 903 1148 modo
914 1097 995 1160 justus
1005 1100 1046 1160 sit,

89 1179 117 1224 et
127 1173 153 1222 in
167 1183 322 1221 communem
335 1169 465 1220 utilitatem
480 1169 599 1217 intentus.
616 1171 782 1228 Quamobrem
797 1171 864 1219 salvo
878 1171 981 1232 justitia,
997 1185 1046 1220 non

89 1244 252 1309 prohibentur
268 1241 351 1305 popuii
365 1241 424 1290 iliud
442 1241 492 1289 sibi
504 1255 584 1304 genus
596 1255 739 1304 comparare
754 1241 898 1304 reipublicae
919 1243 983 1303 quod
1004 1247 1047 1292 out

92 1317 201 1378 ipsorum
213 1311 322 1375 ingenio,
338 1314 380 1360 eut
392 1311 507 1374 majorum
519 1309 637 1359 institutis
653 1312 812 1372 moribusque
827 1312 904 1375 magis
919 1317 974 1376 epte
989 1327 1047 1362 con·

90 1386 182 1434 veniel.

122 1457 237 1506 Ceterum
261 1455 291 1503 ud
309 1450 435 1516 politicum
450 1453 582 1515 imperium
604 1453 670 1516 quod
684 1454 782 1511 attinet,
805 1453 868 1501 iilud
886 1455 963 1503 aileo
992 1468 1045 1518 pro·

91 1529 169 1578 fleiscr
182 1529 247 1576 recte
268 1526 339 1574 docet
357 1525 484 1583 Ecclesia3
502 1525 526 1572 id
541 1526 608 1574 enim
625 1526 681 1588 ipsa
703 1525 796 1586 reperit
815 1525 891 1574 sacris
913 1525 1009 1574 Litteris
1024 1529 1048 1576 ct

91 1597 255 1650 monumentis
272 1597 414 1646 christiane
435 1595 564 1645 vetustatis
582 1605 666 1658 aperte
682 1601 816 1655 testatum3
834 1611 910 1658 neque
928 1603 1047 1659 pretereo

91 1673 144 1721 ulla
157 1673 236 1732 potest
260 1667 373 1717 doctrina
387 1665 498 1731 cogitari,
514 1679 572 1729 qum
585 1667 616 1716 sit
637 1666 714 1730 magis
729 1671 771 1717 eut
782 1667 870 1718 rationi
887 1669 1045 1727 conveniens,

92 1747 136 1792 aot
150 1739 288 1804 principum
298 1743 322 1788 el
337 1739 480 1802 populorum
495 1739 570 1786 saluti
582 1745 759 1788 consentanea.

124 1815 217 1863 iter-era
229 1810 327 1860 humani
343 1813 481 1873 potentatus
495 1809 521 1858 in
536 1810 585 1860 ileo
603 1823 661 1860 esse
676 1811 779 1864 iontem,
798 1809 854 1860 iibri
867 1810 1046 1862 Veterisiesta·

94 1884 167 1934 menti
182 1882 293 1946 pluribus
308 1882 367 1931 locis
377 1883 494 1943 preclare
508 1881 663 1930 conlirmant.
681 1881 733 1931 Per
754 1895 793 1930 me
812 1895 882 1946 repet
910 1889 1044 1945 repitent...

93 1969 142 2018 per
159 1967 198 2003 me
220 1954 350 2016 principer
366 1955 503 2016 imperant.
530 1959 553 2002 ct
577 1955 695 2016 potenter
718 1953 857 2004 decernunt
879 1953 1013 2019 justiliam
1027 1956 1045 2005 ¹.

94 2031 172 2090 atque
182 2025 238 2076 aiibi
253 2041 260 2074 ι
278 2023 386 2074 Proedete
404 2035 479 2072 aures
502 2026 594 2086 conoul
609 2025 744 2074 eotttinctls
756 2027 900 2082 notiones„
926 2027 1048 2087 pilonium

93 2099 154 2148 dato
174 2102 210 2146 est
226 2110 241 2144 a
256 2095 311 2143 Deo
323 2098 438 2153 potestus
450 2092 559 2150 collinet
570 2095 650 2142 uirtus
663 2095 693 2142 ot
703 2093 837 2144 Altisslmo
855 2095 875 2146 ².
901 2097 970 2154 Quod
984 2097 1047 2146 libro

96 2165 260 2219 Ecclesiastici
275 2165 340 2214 idem
354 2165 495 2213 continetur
508 2177 515 2212 ι
528 2162 561 2212 In
571 2176 772 2228 unanapuampue
787 2167 885 2227 pentem
895 2165 966 2215 Dens
979 2181 1046 2231 prte-

93 2239 178 2304 pomlt
194 2237 344 2288 remoremi.
364 2236 414 2284 ista
435 2239 529 2288 tamen,
542 2248 598 2296 quea
611 2240 657 2284 lieo
683 2239 781 2284 anctore
792 2235 939 2294 didicerant,
960 2240 1047 2300 paula-

95 2310 136 2358 tim
153 2307 264 2357 homines
275 2308 306 2354 ab
319 2305 417 2356 ethnica
433 2306 606 2368 superstitione
626 2306 724 2355 deducti
736 2312 808 2369 sunt,
825 2322 880 2368 quse
900 2308 963 2358 sicut
977 2324 1047 2361 veras

95 2393 174 2430 rerum
189 2379 286 2442 species
299 2383 323 2425 et
335 2377 444 2426 notiones
455 2378 602 2439 complures.
616 2377 650 2426 ita
660 2379 732 2426 etiam
746 2377 895 2440 principatus
906 2393 1046 2442 germanam

96 2454 196 2501 termam
226 2448 486 2510 pulchritudinemque
506 2450 621 2510 corrupit.
655 2450 797 2507 Postmodo,
822 2451 864 2498 ubi
889 2451 1048 2514 Evangellum

95 2522 254 2572 christianum
266 2519 366 2576 affulsit,
380 2521 474 2568 veritati
489 2519 584 2568 vanitas
597 2519 681 2578 cessit,
698 2535 844 2584 rursumque
858 2521 918 2569 iilud
933 2523 1044 2574 dilucere

96 2594 177 2656 coepit.
193 2594 258 2642 undo
273 2591 353 2641 omnis
367 2591 498 2640 auotoritas
510 2595 602 2651 menet,
618 2591 972 2655 nobilissimumdiviuumque
982 2595 1047 2657 prin·

95 2665 194 2728 cipium.
208 2689 239 2700 -
256 2665 307 2712 Prie
322 2675 349 2710 se
361 2661 449 2710 terenti
464 2667 540 2724 atque
559 2663 692 2710 ostentanti
710 2662 810 2712 lraesldl
839 2677 936 2712 rontano
966 2667 1047 2714 absol·

94 2736 165 2786 vendi
187 2733 364 2784 condemnandi
388 2737 543 2795 potestatem,
567 2732 678 2782 Christus
704 2733 837 2794 Donliuus,
856 2748 907 2785 iton
931 2735 1045 2795 iuberet,

95 2806 227 2870 rospondit,
254 2808 409 2867 potestatem
425 2804 559 2854 aduersum
584 2818 624 2853 ine
639 2805 731 2864 uitam,
746 2806 796 2852 ntrl
812 2804 860 2854 ttbl
873 2805 968 2856 dutum
981 2813 1048 2858 earet

94 2881 201 2942 desuper
214 2877 233 2923 ί.
249 2877 325 2934 Quem
340 2875 419 2924 iocum
436 2875 460 2925 S.
475 2873 629 2940 Augustinus
646 2875 788 2937 explanans,
801 2876 942 2939 Discomua,
959 2879 1046 2942 inquit,

93 2950 156 3014 quod
169 2949 238 2998 dicit
253 2948 317 3011 quod
331 2949 355 2994 at
368 2959 413 3008 per
423 2945 677 3010 Apostolumdocuit‚
688 2949 746 3009 puto
761 2961 812 2998 non
826 2952 863 2998 eat
874 2953 981 3012 porcum
993 2951 1046 3000 nial

94 3021 169 3072 oiieo
180 3021 200 3069 ὃ.
212 3017 333 3068 Doctrinae
344 3015 410 3064 enim
426 3017 604 3081 preceptisque
615 3017 673 3067 lesu
685 3016 774 3066 Christi
786 3019 955 3081 Apostolorum
969 3021 1046 3071 incor-

94 3097 162 3155 rupte
175 3104 222 3140 vox
236 3089 365 3139 resonarit
382 3095 506 3151 tamquam
521 3091 610 3152 imago.
625 3090 661 3137 ld
675 3090 804 3148 Romanos,
816 3091 953 3153 principum
968 3093 1047 3142 ethni·

92 3176 174 3214 corum
187 3161 290 3224 imperio
305 3161 439 3224 subjectos,
457 3159 525 3210 Pauli
548 3166 587 3210 eat
602 3161 701 3211 excelsa
716 3165 741 3212 ct
751 3163 825 3225 plena
845 3163 972 3227 gravitatis
985 3177 1046 3214 sen-

208 3405 213 3416 .
228 3383 276 3421 vtll.
287 3375 361 3419 tulo.

147 3429 190 3483 Sap
208 3438 238 3477 rt,
253 3429 273 3474 t.
288 3428 309 3471 i.

151 3484 212 3528 dccli.
223 3491 276 3530 xvtl,
290 3481 325 3526 lt.

187 3551 210 3581 n.

116 3377 136 3419 l.

117 3429 137 3473 l.

118 3483 136 3526 8.

118 3537 136 3579 i.

147 3539 183 3578 tou
224 3545 270 3588 xix,
286 3537 322 3578 lt.

132 3591 214 3636 .‘i'ract.
228 3599 279 3632 cxvi
293 3589 387 3634 tntum.
402 3597 425 3645 ll,
436 3589 456 3632 5.
