2506 3984
431 292 516 341 urana
539 293 656 341 rarum.
969 277 1026 340 titt

58 387 165 452 saltem
188 406 244 472 pro
261 388 319 451 illis
342 405 404 450 non
428 387 589 470 approbata
604 391 685 452 esta
709 390 739 451 S.
763 389 840 452 Sede
857 389 1028 470 hujusmodi

58 477 266 550 consuetudo,
282 485 316 538 nt
328 484 444 540 constat
466 495 502 538 ex
523 477 720 559 responsione
742 477 861 540 Cardin.
880 478 1028 560 Cagiano,

60 567 92 626 S.
111 567 202 646 Cong.
216 566 329 628 Concil.
346 565 492 641 Praefecti,
509 569 546 627 ll
557 565 624 644 julii
641 570 728 638 1858,
744 565 816 644 ubi,
831 565 931 648 quoad
944 568 1030 651 Capi·

60 655 160 716 tulum
181 655 329 718 Remense
355 673 436 717 anno
460 657 535 718 1822
556 655 747 734 institutum,
763 656 807 718 sic
824 656 890 718 ait:
917 657 1031 728 «Quod

60 764 77 802 a
103 743 221 820 innuis,
244 743 321 806 Sede
343 750 489 818 vacante,
511 751 572 805 tres
592 743 727 806 Vicarios
752 743 935 827 capitulares
962 745 1031 828 eligi

62 853 78 892 u
103 831 219 911 solere,
239 832 481 896 animadvertunt
503 834 604 895 Emin.
627 834 686 895 ΡΡ.
716 831 851 915 Capitula
874 833 1032 896 Cathedra·

63 942 79 979 a
104 921 216 984 lium...
231 940 329 985 unum
342 921 503 995 duntaxat,
518 940 555 984 ex
577 940 643 1004 cap.
664 925 721 1000 lS,
743 939 817 984 sess.
833 926 890 1000 25,
911 923 946 984 de
960 925 1032 1005 ref„

63 1031 80 1069 r>
104 1011 257 1074 vicarium
268 1011 482 1094 capitularem,
500 1029 562 1072 non
576 1019 677 1074 autem
690 1011 767 1074 duos
778 1011 823 1074 rel
833 1011 1032 1096 pluresdcpu·

64 1105 167 1162 »tare
191 1099 318 1178 debere,
347 1099 603 1181 quemadmodum
625 1100 663 1162 de
688 1101 811 1162 Vicariis
837 1101 1032 1165 Generalibus

65 1209 80 1246 a
105 1206 195 1268 agere
205 1189 321 1251 licitum
330 1187 561 1251 cst...Monebis
569 1189 668 1270 itaque
679 1189 905 1269 Capitulum,ut
914 1191 1033 1272 quando

66 1304 80 1338 a
107 1279 219 1341 vacatio
232 1277 410 1348 ceciderit...
426 1277 498 1340 huic
514 1275 681 1359 discipline
694 1277 860 1354 adhereat,
874 1280 945 1340 cium
960 1299 1033 1360 prae·

66 1391 81 1428 a
107 1368 210 1430 sertim
230 1367 312 1429 idem
329 1366 500 1448 Capitulum
519 1385 582 1428 non
601 1364 781 1447 impediatur
804 1367 923 1429 Vicario
945 1368 1035 1430 alium

67 1480 82 1516 u
107 1457 204 1519 virum
218 1456 401 1532 adsciscere,
417 1456 469 1537 qui
480 1472 571 1538 opem
583 1453 759 1534 adjutricem
773 1454 872 1518 eidem
887 1457 1035 1538 praebeat,

67 1570 83 1606 a
107 1545 365 1628 quemadmodum
380 1563 442 1607 non
457 1543 575 1628 pridem
584 1543 767 1607 inculcatum
780 1551 826 1608 cst
835 1545 968 1626 Capitulo
978 1548 1036 1608 Mo

67 1658 83 1695 r
108 1635 235 1713 linensi,
251 1635 283 1696 in
310 1633 526 1716 approbatione
538 1633 722 1696 Statutorum
739 1631 969 1714 Capitularium,
984 1653 1036 1716 per

68 1747 83 1784 a
109 1725 219 1787 litteras
235 1727 273 1786 l0
283 1723 351 1804 iulii
364 1725 451 1786 1855.
467 1745 483 1781 n
502 1719 560 1786 Sed
576 1721 730 1802 ride-app.
749 1723 814 1785 llll.

109 1816 168 1876 Pro
181 1813 246 1876 aliis
259 1813 330 1876 rard
344 1811 523 1876 dioecesibus
545 1827 626 1871 anno
645 1812 722 1872 1802
743 1815 871 1888 erectis,
886 1829 949 1874 non
969 1812 1038 1874 obs·

70 1911 151 1966 tante
174 1902 265 1964 modo
287 1902 366 1964 dicta
387 1899 600 1982 responsione,
629 1897 728 1959 adbuc
749 1898 905 1980 probabile
924 1900 1038 1964 ridetur

71 1991 223 2074 praelatam
237 1989 486 2053 consuetudinem
511 2005 571 2048 non
594 2003 659 2048 esse
673 1987 879 2067 reprobatam,
895 1991 931 2050 ed
945 1991 1039 2070 magis

71 2081 151 2163 qued
166 2084 197 2143 S.
214 2081 306 2142 Sedes
321 2097 389 2139 eam
407 2096 469 2138 non
483 2077 601 2157 ignoret
615 2081 644 2136 et
654 2081 755 2136 tamen
769 2093 832 2137 non
841 2077 993 2138 reclamet.
1009 2077 1040 2139 Id

71 2177 197 2246 constat,
222 2185 278 2250 pro
292 2165 447 2226 Provincia
465 2162 686 2236 avenionensi,
708 2180 745 2223 ex
762 2181 799 2224 eo
813 2163 894 2244 quod
917 2167 1040 2228 Concilii

74 2257 265 2322 provincialis
279 2256 350 2318 anni
364 2258 439 2316 1849
449 2259 514 2314 acta
524 2269 585 2313 non
595 2251 767 2326 correxerit,
777 2253 809 2312 in
822 2253 1041 2333 quibustamen

72 2348 136 2410 baec
144 2347 299 2427 leguntur:
310 2345 418 2406 <illanc
427 2348 527 2404 autem
538 2338 826 2402 administrationem
837 2341 1039 2422 (Dioeceseos),

73 2459 88 2496 a
113 2431 175 2498 ndn
194 2439 326 2498 assumat
339 2433 439 2514 ipsum
452 2428 640 2512 Capitulum,
662 2427 715 2489 sed
731 2435 867 2491 exerceat
880 2449 933 2511 per
946 2451 1042 2495 unum

72 2548 88 2586 a
112 2525 272 2607 carptores
288 2521 421 2585 Vicerios
436 2519 603 2594 Gerterutea,
619 2533 682 2580 non
695 2533 732 2579 eo
746 2524 847 2580 minen
858 2537 996 2599 numero,
1011 2529 1043 2585 ut

73 2638 89 2676 a
114 2633 168 2678 sua
174 2618 243 2694 jura
255 2612 389 2674 rideatur
397 2607 567 2690 Capitulum
580 2606 733 2670 collective
746 2623 885 2670 exercere
899 2615 930 2670 et
941 2617 1043 2674 contra

75 2727 91 2764 a
113 2711 246 2766 mentem
259 2699 400 2764 Ecclesia
413 2715 531 2779 agerer
549 2697 591 2778 (p.
606 2695 666 2762 ill.
682 2693 765 2757 ldem
774 2703 890 2758 constat
903 2716 958 2781 pro
970 2701 1044 2762 Pro·

76 2793 172 2856 vincia
185 2789 343 2867 Remensi,
359 2807 397 2852 ex
414 2789 506 2850 Cone.
528 2785 600 2848 anni
624 2787 700 2848 tata
713 2830 721 2860 ,
735 2784 781 2846 tit.
798 2789 856 2860 lt,
871 2804 938 2870 cap.
963 2787 998 2866 ᾖ
1016 2797 1044 2854 ot

76 2899 132 2964 pro
146 2875 482 2942 ProvinciisTuronensi
491 2923 499 2952 ,
508 2872 732 2956 Burdigalensi.
749 2873 1044 2960 Tolosana,rtque11.

79 2971 115 3040 si,
133 2967 320 3038 senonensi,
336 2963 1045 3040 suscitant,utviderecstinrecentibusearum

79 3057 302 3121 Provinciamm
317 3055 468 3118 Conciliis.
479 3052 555 3115 Vide
569 3051 709 3118 Praeteri.
720 3050 756 3114 S.
768 3051 870 3135 Sulp„
888 3059 922 3115 n⁰
937 3059 1005 3120 180.

119 3151 207 3210 laea.
230 3147 302 3208 Hac
325 3163 382 3226 pro
406 3142 585 3206 dioecesibns
611 3157 674 3202 non
697 3141 807 3218 unitis;
829 3142 951 3224 quando
977 3147 1047 3208 verb

79 3237 154 3300 uniti
175 3235 260 3298 luera
282 3237 369 3316 aequb
395 3230 597 3316 principaliter
616 3229 678 3292 duo
699 3229 915 3313 Episcopatus,
935 3252 1047 3296 unum·

79 3325 222 3408 quodque
262 3323 432 3406 Capitulum
464 3319 637 3384 Catbedrale
668 3337 755 3381 suum
787 3319 932 3402 deputare
960 3321 1047 3385 debet

84 3415 248 3489 vicarium,
263 3413 315 3494 qui
331 3413 361 3472 in
376 3415 412 3474 ea
425 3411 541 3472 tantiam
555 3409 676 3471 dioecesi
694 3407 725 3470 in
740 3413 800 3490 qua
813 3409 942 3492 eligitur,
956 3410 1047 3490 juris·

81 3503 246 3569 dictionem
266 3499 366 3564 babet.
384 3502 429 3565 lta
444 3498 524 3559 Ccrd
547 3499 643 3568 Luca,
657 3515 707 3581 ap.
722 3497 819 3561 Bouix
833 3497 903 3578 (ab,
918 3517 949 3580 p.
963 3501 1046 3580 555).
