2546 3992
429 201 516 249 uana
536 203 654 250 carnus.
1001 183 1057 248 511
1090 261 1095 272 ¹

123 299 198 360 ltem
218 315 256 362 ex
276 301 368 362 causa
387 301 586 371 necessitatis,
603 305 700 382 potest
721 299 871 364 conticere
889 301 955 363 olea
975 317 1060 362 sacra
1087 279 1091 296 ⁸

83 405 153 450 cum
176 387 286 450 minori
313 388 440 452 numero
463 390 670 452 ministrorum
693 408 784 471 quam
806 390 1008 472 praescribitur
1027 387 1059 450 in

84 477 265 559 Pontificali.
282 479 312 542 S.
325 481 360 539 R.
378 480 501 559 Congu„
516 482 552 540 al
570 498 640 561 aug.
653 483 731 543 1604
740 499 749 557 ;
764 480 908 558 Ferraris,
921 487 951 542 11ο
965 477 1059 560 Epis·

83 586 180 649 copus,
194 575 249 630 art.
265 572 296 646 1,
313 568 352 629 n'¹
367 572 513 631 106111.

123 657 246 718 0831·
276 657 320 718 ad
346 657 532 738 Episcopum
563 661 676 740 spectat
709 655 875 720 concedere
908 657 1059 720 licentiam

84 745 312 810 Sanctissimum
339 747 569 810 Sacramentum
590 745 762 829 exponendi
786 746 948 826 (Ferraria,
970 745 1057 825 ibid,

85 841 140 896 art.
158 838 188 912 6,
205 844 237 898 11·
253 838 332 915 lat).

110 926 142 986 3ο
156 925 200 986 Ex
212 929 302 989 causa
311 931 406 1008 potest
415 925 583 990 concedere
592 925 739 989 laicorum
749 925 1057 1004 confraternitatibus,

84 1017 119 1076 ut
136 1013 167 1075 in
191 1031 295 1078 earum
314 1015 450 1078 ecclesiis
468 1019 661 1078 conservetur
684 1015 738 1076 SS.
761 1015 999 1078 Sacramentum.
1025 1019 1055 1080 S.

84 1105 194 1185 Congr.
209 1105 269 1166 itit.
285 1105 322 1168 In
335 1105 473 1168 lscolensi
487 1102 523 1166 de
540 1103 639 1185 ferro,
656 1106 691 1166 ll
705 1104 774 1184 jun.
792 1107 871 1168 tooa
885 1108 896 1184 t
908 1106 1058 1184 Ferraria,

84 1191 135 1263 ib..
154 1204 189 1254 11ο
200 1196 262 1272 16).

126 1285 215 1343 Anno
228 1290 330 1345 tamen
345 1286 433 1358 1853,
445 1282 537 1364 petila
550 1279 604 1343 linit
617 1281 636 1342 5
649 1280 782 1362 quodam
796 1282 898 1346 Galliae
911 1284 1059 1366 Episcopo

85 1369 209 1434 facultas
231 1371 401 1434 asservandi
416 1373 467 1434 SS.
486 1373 715 1434 Sacramentum
738 1371 769 1432 in
789 1371 922 1434 Ecclesia
942 1373 1058 1434 monia-

84 1461 171 1538 lium,
181 1463 235 1524 eta
250 1463 330 1544 Papa
340 1461 403 1523 hac
412 1461 532 1523 licentia
547 1477 690 1521 concessa
700 1459 755 1522 luit
766 1462 884 1522 tantiam
896 1461 936 1521 ad
946 1469 1058 1542 septen-

84 1551 180 1624 nium·
198 1550 279 1612 idem
297 1551 423 1632 contigit
438 1548 536 1632 quoad
549 1549 724 1611 Helvetium.
742 1549 818 1612 Vide
830 1549 993 1627 Analecta,
1009 1555 1060 1612 61·

85 1639 163 1716 liun,
175 1639 232 1704 col.
246 1645 317 1716 505,
330 1639 371 1702 n¹⁵
385 1640 537 1716 311,310.
550 1637 625 1700 Vide
638 1639 727 1700 etiam
738 1638 824 1701 Card.
836 1639 922 1700 Petra
930 1639 1011 1721 apud
1021 1639 1056 1701 D.

86 1729 198 1806 Bouix,
215 1730 259 1792 De
273 1729 430 1812 Episcopo,
446 1734 468 1790 t.
487 1733 517 1803 1,
529 1747 559 1808 p.
581 1731 647 1788 lat.
668 1727 814 1790 Sanctitas
828 1730 904 1798 Sua,
922 1729 993 1790 Pius
1006 1731 1055 1806 lX,

88 1827 164 1881 tunc
184 1819 292 1881 Sedem
302 1817 503 1899 Apostolicam
517 1823 578 1878 tam
593 1815 721 1897 gloriose
735 1835 899 1898 occupans,
913 1817 976 1878 RR.
993 1817 1055 1878 00.

87 1907 263 1972 tlhatnousse
270 1909 472 1972 valentinensi
480 1907 626 1988 Episcopo
640 1913 807 1968 asseruerat
819 1906 887 1980 sibi,
896 1905 971 1969 dum
980 1913 1059 1969 esset

90 1998 336 2081 dcclricpiscopus
350 1998 543 2080 SpoletanuS,
559 1995 737 2077 denegatam
752 1995 844 2058 luisse
860 1998 877 2058 a
891 1997 1058 2060 Praedeces

85 2105 153 2150 sore
163 2107 218 2151 suo
229 2087 372 2169 Gregorio
382 2087 458 2152 xvt.
471 2085 621 2146 licentiam
629 2083 798 2146 assentandi
809 2087 862 2146 SS.
879 2085 1056 2148 Sacramen-

86 2179 150 2238 tum
165 2178 196 2238 in
211 2177 333 2259 propria
350 2173 470 2254 Capella
484 2173 586 2234 Palatii
606 2171 884 2254 archiepiscopalis.

125 2271 194 2328 081.
217 2270 250 2327 l⁰
264 2265 431 2346 Episcopus
445 2279 506 2323 non
520 2267 616 2343 potest
629 2260 795 2323 concedere
809 2261 960 2323 licentiam
979 2262 1056 2326 cele-

84 2356 192 2419 brandi
207 2354 330 2417 missam
343 2371 416 2416 cum
431 2351 540 2435 pileolo
557 2349 710 2430 (Ferraris,
725 2349 780 2430 16,
796 2369 830 2412 11ο
843 2355 903 2432 81).
920 2351 979 2416 Sed
992 2352 1058 2418 vide

85 2447 163 2510 inira
193 2447 292 2523 3690).

125 2449 194 2600 935(.
218 2540 250 2598 5ο
264 2533 373 2615 Nequit
386 2533 553 2616 Episcopus
572 2528 611 2592 de
625 2548 703 2593 novo
717 2528 882 2593 concedere
901 2530 1059 2594 canonicis

86 2625 242 2690 almutiam
256 2625 298 2703 (S.
307 2626 343 2684 R.
359 2624 484 2704 Gange,
496 2624 533 2683 16
544 2620 608 2700 jan.
622 2622 724 2699 1610);
741 2637 841 2701 neque
855 2639 982 2702 cappam
993 2622 1058 2684 sine

86 2719 226 2796 expressa
243 2713 365 2776 licentia
384 2711 469 2774 Sedis
484 2707 672 2792 Apostolicae.
688 2710 719 2771 S.
736 2709 772 2771 R.
795 2709 919 2792 Gange,
936 2707 973 2772 16
991 2709 1055 2790 jan.

88 2809 177 2882 1601,
192 2811 249 2867 etc.
266 2802 424 2880 (Ferraris,
438 2798 493 2878 tt,
509 2798 550 2861 n¹⁸
564 2801 603 2860 56
617 2803 648 2860 et
659 2800 721 2878 77).

523 2963 542 3048 §
561 2965 600 3027 X.

160 3103 204 3167 De
217 3100 308 3184 officia
320 3107 350 3163 ct
357 3106 502 3182 potestate
515 3095 658 3178 Episcopi
674 3095 771 3180 quoad
782 3095 870 3159 Ponti
869 3099 983 3180 ficatio.

127 3255 195 3316 086.
222 3271 237 3310 1
258 3246 337 3310 Nulli
359 3245 519 3326 Episwpo,
542 3243 640 3324 inquit
657 3244 748 3306 Gonc.
773 3243 896 3307 Trident
915 3247 1005 3324 (sess.
1022 3247 1056 3326 6,

87 3363 103 3404 u
127 3361 192 3423 cap.
209 3342 250 3419 5),
267 3339 352 3400 liceat
374 3333 505 3414 cujusvis
525 3332 669 3414 privilegii
690 3339 857 3414 praetcxtu,
872 3335 1058 3398 Pontificalia

87 3455 103 3494 a
127 3423 411 3494 inalteriusdiaecesi
421 3441 572 3496 exercere,
585 3423 640 3484 nisi
648 3420 686 3484 de
694 3422 840 3485 Ordinarii
853 3423 908 3487 loci
918 3427 1058 3505 expressa

88 3543 101 3582 a
128 3520 263 3596 licentia,
278 3523 308 3580 et
329 3517 360 3580 in
380 3529 524 3597 personas
541 3511 639 3576 eidem
653 3511 811 3575 Ordinario
833 3513 982 3592 subiectas
996 3520 1058 3574 tan-

90 3633 105 3670 a
127 3611 208 3678 limaz
224 3608 248 3670 si
263 3623 349 3670 secus
362 3603 475 3666 lactum
484 3599 583 3681 tuerit,
598 3600 765 3682 Episcopus
778 3599 816 3664 ab
827 3599 968 3664 exercitio
983 3601 1054 3661 Pon·
