2574 3994
483 290 570 336 utera
591 291 710 337 ruruus.
1028 276 1081 338 ltll

106 404 123 441 s
147 383 379 447 membratlonis
391 405 398 446 :
411 403 483 450 nam
499 387 621 469 quando
642 406 703 450 non
718 387 900 470 Episcopus,
915 387 969 451 sed
987 395 1086 452 rector

105 492 122 530 u
148 471 297 536 interioris
314 475 456 538 Ecclesiae
479 495 540 540 non
561 476 699 539 habentis
718 477 900 560 collegium,
924 485 969 539 est
982 484 1088 541 auctor

106 581 123 618 u
148 561 443 640 dismembrationis‚
458 585 512 628 seu
526 567 714 628 alienationis
728 566 849 628 alterius
863 565 904 628 rei
920 567 1084 646 Ecclesiae,

107 671 123 708 u
148 656 222 712 tunc
242 651 352 714 sufficit
370 654 450 734 qubd
467 663 564 717 rector
582 656 692 718 alienet
712 673 784 718 cum
802 654 977 717 auctoritate
995 656 1088 720 solius

107 757 123 798 o
147 740 330 822 Episcopi.»
355 743 425 805 ldeo
443 745 525 805 euim
545 745 705 826 requiritur
725 761 892 807 consensus
910 743 1035 824 Capituli
1050 743 1088 806 ad

109 827 258 910 parochiae
268 830 583 910 dismembrationem,
596 834 668 914 quia
679 833 886 896 consideratur
900 837 935 894 ut
947 831 1087 895 alienatio

108 915 151 976 rei
166 915 345 994 immobilis3
366 922 455 1002 porro
465 921 502 982 ed
514 921 684 1000 hujusmodi
700 922 911 984 alienationem
927 921 1088 1002 requiritur

108 1022 275 1069 consensus
285 1008 409 1090 Capituli
423 1011 469 1072 vel
485 1010 618 1091 Collegii,
634 1011 659 1072 si
673 1011 840 1093 Episcopus
855 1009 893 1072 sit
906 1019 1010 1072 auctor
1018 1011 1088 1074 alie·

108 1094 257 1170 nationis,
269 1102 304 1158 ut
316 1096 407 1159 videri
421 1105 519 1180 potest
533 1099 565 1160 iu
579 1117 645 1180 cap.
665 1098 706 1162 tlt
718 1119 805 1180 super
818 1102 848 1174 8,
863 1098 882 1179 ξ
896 1098 964 1174 lim,
978 1097 1012 1161 de
1022 1097 1085 1162 reb.

108 1182 223 1244 Baetes.
237 1184 479 1256 nonaliemmdis:
488 1192 519 1248 et
527 1205 595 1248 can.
606 1187 727 1250 Placuit
734 1185 942 1269 etpresbyteri
951 1192 999 1262 12,
1010 1207 1041 1268 q.
1054 1191 1084 1251 2.

148 1275 221 1336 aot.
244 1275 389 1338 Praedicta
410 1275 579 1358 procedunt
605 1275 732 1355 dejure
754 1275 912 1339 communi
934 1295 941 1335 :
971 1293 1043 1336 nam
1062 1276 1087 1338 si

108 1361 219 1422 alicubi
241 1369 371 1426 exstaret
393 1364 581 1427 consuetudo
601 1363 735 1446 legitime
749 1364 922 1446 praescripta
937 1381 999 1424 non
1013 1381 1086 1425 ccu·

109 1451 229 1512 sulendi
254 1452 438 1534 capitulum,
460 1453 511 1516 illa
530 1452 718 1516 consuetudo
741 1459 842 1536 posset
858 1451 1021 1513 obseruari.
1046 1454 1089 1515 lta

109 1540 328 1619 communiter,
353 1541 451 1624 inquit
469 1542 622 1605 lleillenst.
643 1541 712 1621 (lib.
733 1545 764 1617 3,
779 1539 823 1602 tit.
849 1543 898 1618 t0,
917 1550 950 1602 ιι·
970 1543 1043 1618 Edi:
1058 1549 1088 1604 et

110 1627 269 1691 deducitur
286 1648 324 1692 ex
337 1649 404 1712 cap.
425 1630 493 1693 Non
513 1640 556 1694 est
570 1632 601 1707 3,
620 1631 655 1693 de
677 1627 907 1708 conuertere,
923 1627 954 1690 in
975 1633 1018 1703 θ’,
1036 1630 1088 1692 ubi

110 1715 240 1779 dicitur:
256 1721 347 1781 «Non
357 1725 403 1782 est
411 1719 495 1798 (dum
509 1725 611 1783 tamen
621 1718 921 1802 allessitpraescripta
931 1719 1088 1798 canonice)

109 1826 126 1864 e
150 1807 339 1870 consuetudo
353 1825 446 1889 quam
467 1809 575 1890 allegat
593 1809 758 1891 Episcopus
779 1805 988 1889 reprobanda,
1004 1807 1087 1891 qutld

110 1915 127 1956 u
150 1897 183 1956 in
205 1896 441 1977 inquirendis...
460 1897 650 1960 subditorum
669 1895 841 1960 excessibus
853 1895 1016 1960 consilium
1038 1897 1086 1961 sui

109 2007 127 2046 o
150 1984 277 2066 Capituli
291 1985 443 2068 requirere
457 1986 582 2048 minime
599 1993 744 2049 teneatur.
767 2007 782 2045 a

151 2075 298 2137 352.-—6⁰
313 2077 402 2137 Novae
419 2075 568 2157 parochiae
586 2073 765 2156 assignanda
783 2083 829 2138 est
843 2073 899 2137 dos
912 2078 1088 2156 competens

111 2182 149 2226 cx
172 2166 234 2244 qud
257 2163 404 2246 parochus
425 2165 639 2226 convenienter
661 2163 820 2226 sustentari
841 2163 953 2239 ualeat3
978 2170 1008 2224 et
1029 2163 1087 2225 hoc

111 2253 237 2334 quidem
253 2253 314 2315 sire
337 2272 374 2315 ex
391 2252 556 2316 redditibus
570 2253 702 2315 matricis
722 2251 857 2314 ecclesiae
874 2252 935 2312 sive
953 2251 1085 2314 aliunde.

111 2341 287 2404 Curandum
301 2341 390 2404 etiam
405 2351 450 2404 est
463 2347 496 2405 ut
509 2340 617 2404 rectori
631 2340 763 2421 entique
782 2357 836 2402 seu
850 2337 982 2400 matricis
995 2339 1089 2401 eccle-

111 2430 165 2493 siae
175 2437 330 2492 remaneat
343 2430 525 2493 conveniens
537 2431 721 2493 sustentatio.

151 2521 222 2581 353.
232 2523 312 2582 -'l⁰
326 2519 453 2592 Quando
462 2537 499 2582 ex
509 2518 675 2580 redditibus
686 2516 818 2580 uictricis
826 2514 1088 2580 ecclesiaedotatur

113 2625 190 2670 nora
206 2607 368 2690 parocbia,
388 2608 529 2670 reservari
552 2607 642 2669 debet
667 2605 774 2668 rectori
801 2605 933 2687 autiquae
954 2605 1088 2668 ecclesiae

111 2697 160 2775 jus
188 2701 363 2778 patronatus
386 2698 419 2762 in
445 2698 561 2760 noviter
587 2701 718 2759 erectam
735 2715 743 2772 ;
759 2693 883 2777 insuper
912 2702 1088 2776 competens

112 2784 225 2848 bonor.
244 2805 299 2868 pro
313 2786 451 2849 facultate
465 2787 537 2860 loci,
555 2785 670 2848 matrici
687 2783 829 2846 Ecclesiae
848 2783 1012 2847 servandus
1029 2789 1085 2848 est.

113 2875 186 2956 Cap.
202 2873 456 2954 attendentium,
470 2883 502 2939 ut
516 2893 607 2957 supra
618 2877 708 2954 l3lll).

153 2967 187 3026 ln
197 2963 307 3046 quibus
317 2965 481 3028 consistere
494 2965 602 3028 debeat
611 2963 661 3025 illc
671 2963 786 3025 bonor:
797 2981 859 3025 non
869 2963 1009 3046 exprimit
1018 2981 1085 3046 cap.

114 3052 165 3114 Ad
183 3053 363 3115 audientiam
385 3073 397 3116 .·
414 3061 460 3116 sat
479 3055 681 3116 communiter
694 3053 768 3113 olim
783 3059 846 3114 erat
868 3054 974 3135 pensio
987 3053 1089 3134 aliqua

113 3143 269 3204 annuatim
296 3142 440 3206 solvenda
462 3143 501 3207 ab
523 3142 657 3204 Ecclesia
676 3140 759 3204 filiali
782 3141 924 3204 Ecclesia·
947 3141 1062 3204 matrici
1074 3160 1084 3220 ;

114 3232 166 3295 sed
191 3232 249 3294 boc
273 3231 362 3295 hodie
389 3231 591 3296 cummuniter
615 3229 770 3294 obsolevit.
795 3229 863 3293 vid.
891 3230 994 3294 Instit.
1015 3230 1079 3312 jun

112 3339 229 3398 canoa„
248 3325 286 3384 ll.
307 3320 345 3384 de
364 3323 418 3398 tlt,
433 3328 455 3384 t.
471 3327 501 3396 Ξ,
519 3341 549 3403 p.
570 3323 637 3382 l'l3.

11 3431 12 3436 ¹
153 3414 224 3472 ast.
237 3443 275 3456 —·
285 3415 316 3474 8ο
332 3411 424 3488 Clam,
440 3430 476 3473 ex
488 3409 620 3473 Concilio
633 3408 808 3472 Tridentino
817 3409 908 3488 (ata),
921 3407 1088 3490 Episcopus

114 3497 210 3582 possit
228 3499 393 3580 procedere
417 3505 563 3582 tanquam
583 3499 739 3582 delegatus
756 3499 788 3560 S.
813 3497 914 3572 Sedis,
938 3497 1009 3559 utile
1031 3496 1090 3560 erit

115 3587 293 3670 lpraesertinr
306 3588 338 3648 iu
359 3587 625 3650 dismembratione
643 3586 784 3650 Ecclesiae
798 3585 970 3665 exemptae),
985 3583 1090 3663 expri-

115 3693 199 3740 mere
222 3675 254 3737 in
275 3675 398 3739 decreto
420 3675 579 3738 erectionis
598 3675 680 3756 qudd
704 3675 768 3756 ipse
790 3671 933 3754 procedat
959 3673 1089 3752 utraque

288 3763 299 3804 1
