2574 3994
197 256 255 322 rso
416 265 553 312 uenuste
572 265 675 312 nonus
693 263 775 312 rums
796 263 944 309 osnomor.

206 388 277 434 men
293 369 507 441 ecelesiarum,
524 389 627 452 poenae
651 377 780 444 eaedem,
797 379 914 451 parlier·
934 378 1109 446 reservatae,
1126 377 1158 432 et

206 459 340 542 privatio
353 462 422 543 ipso
445 460 526 522 iacto
537 461 619 540 juris
637 461 681 522 eis
697 460 818 541 quesiti
836 477 891 540 per
906 457 1154 520 nominationem

206 557 236 611 et
253 551 542 629 praesentationem
559 547 592 611 ln
607 547 729 628 eosqui
749 551 780 608 in
798 548 965 628 praernissis
984 547 1156 627 paruerint,

207 637 255 700 uel
277 640 430 701 auxilium
459 647 513 700 aut
537 637 674 702 farorern
695 640 907 718 praestiterim,
928 636 1158 718 cujusrumque

207 735 316 804 status,
341 727 550 804 conditionis,
579 727 824 806 preaeminemus
846 734 876 787 et
899 725 1061 805 dignitatis
1087 726 1156 787 iue-

206 816 280 886 rint,
299 835 399 897 poenee
415 815 547 878 eaedem.
567 815 714 892 Domum,
728 815 753 878 si
773 815 827 895 qui
845 833 883 876 ex
899 815 1056 893 praediotis
1074 813 1157 894 epis-

207 906 308 982 oupaii
322 905 501 967 charactere
519 907 580 966 sint
594 905 745 986 insigniti,
757 904 921 985 suspensio
937 902 1005 984 ipso
1021 901 1101 964 iacto
1116 900 1158 964 ab

207 995 355 1056 exereitio
382 993 632 1074 pontsrralium,
660 1005 689 1055 et
717 993 919 1056 interdictum
949 991 989 1054 ab
1014 991 1156 1073 ingressu

208 1083 346 1144 ecciesiae
371 1084 488 1162 pariter
509 1081 540 1144 S.
558 1082 628 1147 Sedi
657 1093 829 1157 reservata;
847 1085 974 1162 insuper
1000 1097 1159 1160 quacum-

208 1189 269 1250 que
283 1190 299 1233 a
311 1173 356 1234 sic
369 1173 498 1234 intrusis
510 1175 597 1248 iiant,
617 1171 818 1246 mandentur,
831 1189 904 1234 oum
919 1171 1068 1233 omnibus
1083 1169 1158 1231 iude

207 1261 319 1340 quovis
335 1261 429 1322 modo
446 1263 561 1324 secutis
575 1271 630 1323 aut
644 1262 809 1336 secuturis,
825 1261 960 1325 omnino
980 1260 1068 1323 unire
1082 1263 1161 1322 sunt

206 1358 350 1488 attiguo
371 1427 463 1487 Porro
485 1426 630 1489 haetenus
649 1426 751 1506 diota,
773 1428 963 1512 procedunt,
977 1430 1077 1513 inquit
1089 1432 1173 1496 ttetr-

199 1535 213 1572 ι
239 1511 377 1592 semmei,
392 1515 484 1576 etiem
499 1515 529 1576 in
544 1534 581 1577 eo
595 1517 647 1597 qui
663 1523 732 1578 ante
746 1517 924 1582 eiectionem
937 1521 1088 1584 exstiterat
1100 1541 1173 1604 pro-

199 1625 213 1661 n
238 1611 377 1680 curatur,
407 1602 450 1665 vei
483 1623 660 1668 oeconomus
688 1606 821 1670 ecelesiae
844 1627 852 1669 r
877 1626 947 1670 num
971 1609 995 1670 si
1019 1611 1172 1692 continget

199 1716 213 1749 n
238 1709 432 1755 oeconomum
446 1693 579 1756 eeclesiae
593 1694 661 1774 eligi
672 1696 702 1755 in
716 1696 875 1759 PraeIatum
890 1695 1057 1777 (eJusdem)‚
1072 1701 1173 1761 stetim

199 1801 213 1838 n
238 1788 404 1862 eternpore
427 1782 581 1844 electionis
596 1791 714 1846 torretur
734 1784 797 1865 ipse
811 1785 961 1848 abstinere
975 1785 1012 1847 ab
1026 1785 1171 1850 adminia·
1278 1797 1279 1846 t

199 1890 214 1927 u
238 1870 364 1932 tratione
378 1871 555 1934 resonomiae
575 1895 591 1930 n
606 1871 709 1950 (itte,
724 1877 787 1950 43).

239 1959 331 2020 Seous
344 1960 434 2020 sentit
446 1960 614 2022 nonsolimr
627 1963 892 2042 i.oqneux(n⁰82)‚
904 1963 1055 2025 sedetiam
1069 1971 1172 2028 auotor
1278 1939 1279 1953 ἵ

203 2046 335 2114 Prteleot.
354 2046 389 2108 S.
406 2047 548 2129 sulpitii,
566 2060 599 2111 η0
619 2055 676 2112 133
698 2051 728 2112 in
753 2051 824 2114 ime.
850 2053 934 2114 Ratio
947 2053 1012 2130 ejus
1025 2059 1070 2115 est
1090 2056 1171 2135 quod

200 2155 265 2217 cap.
279 2135 665 2218 Auaritimsuprareiatum
676 2144 768 2218 tutu),
780 2140 918 2221 loquatur
931 2140 1075 2202 duntaxat
1083 2141 1121 2204 de
1129 2143 1171 2207 eia

200 2226 250 2305 qui
266 2243 297 2286 ae
313 2225 449 2304 ingerere
464 2236 662 2307 praesumunt,
678 2229 781 2308 quales
793 2249 853 2292 nun
867 2237 937 2291 sunt
950 2229 1000 2311 qui
1013 2231 1076 2308 jam
1086 2231 1171 2294 electi

202 2314 308 2376 Vioarii
324 2315 507 2394 Capitulares
530 2327 631 2396 postea
655 2317 692 2378 nd
713 2318 852 2380 eamdem
873 2319 975 2381 sedem
1000 2319 1172 2403 itPrincipe

201 2403 552 2484 nominenturEpisoopi.
568 2405 602 2466 in
616 2405 724 2468 eodem
737 2425 838 2477 sensu,
851 2425 932 2470 enno
945 2411 1034 2486 1832,
1049 2426 1172 2489 respon·

205 2487 281 2544 ‹tns‹·
298 2503 420 2570 tnugnr.
440 2497 503 2552 titt
520 2501 556 2553 mi
582 2502 613 2554 tt.
641 2493 839 2558 iitmtuurd'de
859 2501 980 2560 tmttnut
996 2548 1004 2576 ,
1020 2500 1171 2561 Viceriutrt

204 2567 381 2639 Genereient
397 2579 534 2641 discens
554 2583 757 2657 vet-sotiensis,
772 2588 877 2648 asserit
892 2587 968 2648 idem
984 2599 1090 2649 auctor
1105 2595 1171 2667 post

203 2656 264 2721 BR.
279 2663 342 2726 DD.
358 2665 484 2732 Bourier
498 2669 530 2731 in
541 2677 668 2734 tractatu
682 2672 720 2735 de
736 2673 860 2750 Ordine,
878 2694 908 2738 e.
920 2682 951 2751 7,
967 2683 1023 2737 ert.
1036 2681 1068 2740 2.

239 2751 308 2809 333.
332 2753 474 2820 Quaenam
489 2754 555 2816 aliae
568 2759 760 2838 exceptiones
780 2771 850 2824 sunt
864 2765 1056 2833 admittendae
1071 2792 1077 2832 :
1096 2777 1126 2835 i⁰
1141 2776 1171 2838 Si

199 2833 277 2896 diota
297 2837 515 2904 administratio
536 2841 621 2906 fleret
640 2846 678 2908 de
700 2867 851 2915 consensu
873 2854 1044 2936 Smer-ioris
1068 2880 1078 2922 .·
1098 2867 1170 2929 rat-iu

201 2931 289 3002 patet.
318 2925 405 2989 Unde
420 2937 515 3006 potest
535 2933 647 2996 electus
661 2935 870 3004 administrare
884 2951 953 3006 ante
967 2947 1170 3015 confirmatio-

201 3029 285 3090 nem,
302 3017 326 3075 si
346 3014 403 3077 hoo
416 3015 523 3082 hebeat
544 3039 580 3084 ex
600 3024 755 3107 privilegio
769 3034 803 3089 nt
816 3028 928 3092 hebent
941 3035 1169 3120 Cisteroienses‚

82 3164 85 3170 ¹
200 3105 270 3162 teste
287 3101 417 3180 tubus,
433 3123 500 3187 cep.
519 3107 592 3171 Cion
606 3113 794 3192 uenerabilis,
809 3117 1023 3191 deconsuetud.

236 3191 305 3252 380.
329 3196 361 3253 2⁰
377 3193 479 3256 Plures
493 3197 648 3280 excipiunt
661 3203 747 3265 vaide
760 3212 917 3271 remotosd
932 3213 1022 3276 Curia
1036 3217 1169 3284 Romana
1277 3245 1278 3256 t

197 3284 229 3338 ut
243 3285 313 3358 pute
322 3283 498 3346 constitutos
514 3286 591 3348 ultra
602 3288 734 3362 Italiam,
744 3293 826 3356 mode
838 3295 924 3360 electi
936 3299 1053 3380 fuerint
1063 3305 1093 3367 rit
1108 3328 1169 3370 eon-
1277 3307 1278 3338 ³

197 3365 306 3444 sordid,
322 3369 407 3432 idest
420 3373 471 3453 qui
487 3375 572 3437 eiecti
582 3375 692 3439 fuerint
702 3383 824 3446 nemine
835 3404 958 3466 prorsus
968 3389 1167 3476 discrepante,
1277 3389 1278 3392 ¹

197 3455 380 3535 adsedem,
399 3461 484 3540 juxte
505 3463 594 3534 aiios,
619 3484 740 3532 nerume
762 3472 901 3536 electioni
929 3494 962 3540 se
982 3492 1166 3562 opponente.

199 3541 270 3605 tttud
286 3547 414 3624 probant
432 3566 471 3612 ex
487 3569 555 3626 ean.
579 3552 670 3614 Nittt
690 3565 733 3618 est
747 3563 803 3637 tt,
820 3561 839 3643 ξ
858 3561 927 3641 iim,
942 3565 979 3627 de
997 3565 1166 3650 Electrum,
