2578 4008
488 315 575 366 lde'lt
595 313 713 362 antuus

447 495 484 542 on
503 493 747 542 xxxmotttbut.

156 617 227 680 tos.
256 615 414 700 Exemptio
430 614 550 678 definiri
564 621 682 697 potest:
702 615 925 698 «Priulegium
941 636 996 699 per
1010 619 1091 700 quod

117 723 134 764 ι
157 703 258 786 alique
271 706 473 767 communitos
487 703 630 785 regularis
645 709 696 767 eut
710 703 861 766 saeculoris
870 705 1001 768 existens
1015 707 1091 770 intra

117 813 133 852 u
158 793 342 855 territorium
356 794 482 873 alicujus
493 791 709 872 jurisdictionis
723 791 894 873 ordinarie,
909 793 1006 857 eidem
1021 795 1092 857 sub·

118 901 134 939 o
159 879 288 943 ducitur.
304 903 320 942 r>
337 883 479 964 Lequeux
495 884 538 958 (nt
556 883 635 959 131).

163 969 317 1050 «Triplex
337 970 530 1051 distinguitur
553 970 753 1054 exemptionis
775 971 909 1054 species,
933 971 974 1034 ait
996 972 1091 1036 Bouix

117 1079 134 1118 n
159 1057 214 1134 (De
228 1057 391 1141 Episcopo,
405 1065 427 1120 t.
445 1063 474 1136 1,
490 1079 521 1141 p.
538 1061 608 1136 530,
628 1061 708 1138 etc).
732 1059 892 1142 lolium...
913 1061 1035 1141 quando
1055 1062 1093 1124 ab

118 1168 133 1205 n
159 1145 308 1208 Ordinorii
323 1147 533 1228 jurisdictione
552 1147 692 1210 eximitur
720 1148 829 1230 aliquis
851 1149 994 1212 Praelatus
1021 1169 1092 1212 oum

118 1256 134 1293 n
159 1252 320 1316 corpore...
344 1237 517 1299 monasterii
539 1241 591 1298 aut
610 1237 752 1298 Ecclesiae
773 1255 851 1314 suae,
872 1237 925 1298 sed
944 1239 1018 1318 quin
1037 1240 1091 1320 ipsi

117 1345 134 1382 o
158 1322 328 1387 conferatur
347 1324 499 1404 iuridiotio
522 1325 554 1386 in
578 1323 705 1403 alicujus
730 1325 903 1387 monasterii
927 1325 1041 1388 olerum
1063 1335 1093 1388 et

117 1433 134 1470 o
159 1413 306 1493 populum
324 1412 509 1492 (distinctum
533 1415 551 1475 t
579 1413 788 1494 monasterio).
813 1413 948 1474 Medio...
971 1413 1092 1494 quondo

117 1521 133 1558 o
160 1501 215 1580 ipsi
237 1501 360 1584 insuper
377 1501 545 1582 jurisdictio
562 1501 702 1563 tribuitur
716 1502 748 1562 in
766 1502 880 1564 elerum
903 1509 934 1564 et
946 1503 1091 1583 populum

118 1611 133 1646 u
159 1589 285 1668 alicuius
307 1591 465 1668 territorii,
494 1590 546 1653 sed
574 1591 647 1672 quin
676 1591 860 1654 territorium
886 1590 1090 1656 declaretur...

118 1699 133 1734 u
159 1684 330 1759 separatum
344 1681 362 1741 b
375 1679 495 1742 dioecesi
519 1681 551 1740 in
570 1681 630 1760 qut
644 1679 753 1741 existit.
769 1679 953 1762 Suprema...
969 1681 1092 1761 quando

118 1787 134 1824 o
160 1765 198 1827 ita
225 1768 417 1830 constituitur
443 1767 619 1830 Ordinorius
647 1767 786 1829 territorii
809 1775 843 1830 ut
868 1768 1090 1834 territorium...

118 1875 135 1912 o
160 1863 331 1936 separatum
352 1857 593 1939 pronuncietur:
614 1875 675 1938 quo
692 1874 764 1919 casu
783 1857 925 1920 Praelatus
944 1857 1091 1923 dicitur...

118 1963 134 2000 r
159 1943 448 2008 nulliusdioecesis.n

158 2033 284 2114 insuper
300 2035 505 2117 exemptiones
518 2033 583 2097 oliae
598 2039 668 2096 sunt
680 2053 697 2096 a
711 2035 742 2097 S.
758 2033 904 2098 Pontifioe
917 2053 1090 2114 concessae,

118 2118 185 2181 alies
200 2121 238 2182 ab
258 2122 434 2204 Episcopo,
450 2123 516 2185 oliae
530 2124 547 2184 b
563 2122 771 2202 jurisdictione
785 2123 953 2204 Episcopali
966 2171 975 2202 ,
990 2123 1056 2188 oliae
1074 2144 1093 2188 a

118 2205 283 2272 Porocbinli
299 2211 449 2273 autetiam
464 2210 597 2272 inferiori
609 2210 827 2289 jurisdictione.

170 2301 241 2361 569.
273 2299 423 2362 Adversus
454 2299 667 2380 Exemptiones
701 2299 885 2378 regularium
908 2299 1090 2380 jamdudum

118 2385 226 2448 acriter
241 2387 347 2450 invecti
362 2395 433 2450 sunt
456 2389 529 2449 varii
541 2393 678 2449 auctores
692 2387 744 2468 qui
759 2388 923 2467 praesertim
937 2387 967 2448 in
982 2389 1091 2452 Sedem

118 2475 321 2555 Apostolieam
343 2477 421 2539 male
442 2475 537 2539 effecti
557 2481 652 2537 erent.
673 2479 855 2557 «Quotquot
872 2477 1055 2553 recensebis,
1074 2481 1091 2540 t

117 2583 133 2622 u
159 2563 348 2628 Guillolmot
367 2567 477 2628 Sancto
492 2569 603 2627 Amore
617 2582 714 2644 usque
727 2563 766 2627 cd
779 2569 914 2626 exortam
930 2565 1091 2627 lensenie-

117 2673 132 2708 a
158 2669 229 2714 nam
245 2659 357 2716 sectam
376 2653 541 2717 Pontificiis
560 2655 696 2715 censuris
714 2652 872 2714 damnatos
894 2670 930 2714 cc
949 2652 1091 2716 baeretiet

116 2759 133 2796 a
157 2738 223 2801 labe
238 2739 362 2803 inlectos
376 2747 530 2818 auctores,
545 2741 644 2822 inquit
658 2742 693 2801 n.
710 2739 806 2803 Bouix
821 2740 876 2818 (De
886 2739 1005 2820 Requi,
1017 2748 1038 2802 t.
1056 2746 1088 2820 1,

115 2847 132 2884 n
157 2845 188 2908 p.
205 2830 275 2904 86),
290 2834 335 2891 tot
348 2828 411 2892 lere
426 2828 600 2892 numerabis
613 2827 841 2910 exemptionum
865 2827 1090 2912 impugnatores

115 2935 131 2972 n
156 2916 355 2980 acerrimos...
373 2940 389 2978 n
420 2920 474 2980 His
497 2917 607 2979 soeculo
629 2917 766 2998 proxime
789 2916 891 2998 elapso
909 2933 941 2979 se
955 2917 1089 2996 adiunxit

115 3002 285 3086 Episcopus
306 3007 350 3068 De
370 3005 533 3068 Hontheim
554 3005 611 3068 sub
629 3003 770 3066 Febronii
793 3005 928 3067 nomine.
952 3007 1086 3070 «Tria...

114 3111 130 3147 u
155 3091 323 3156 Febronius
341 3095 467 3157 statuit:
490 3099 522 3156 t·
541 3093 736 3175 Regularium
757 3093 964 3176 exemptiones
982 3112 1087 3158 mona·

113 3199 130 3238 r
154 3177 219 3241 cbis
232 3180 263 3242 in
278 3183 486 3262 praeJudioium
498 3181 769 3264 jurisllpisoopalis
783 3201 941 3245 concessas
958 3183 1086 3249 i'uisse...

113 3289 130 3326 o
153 3271 186 3330 2⁰
204 3286 255 3332 eas
270 3287 336 3332 esse
353 3272 484 3354 regulari
507 3271 704 3334 observantie
727 3273 848 3347 noxios;
865 3271 927 3334 imd
945 3275 976 3334 3⁰
993 3291 1087 3336 saecu·

106 3376 129 3414 o
154 3355 266 3420 loribus
291 3361 486 3440 potestatibus
505 3377 650 3441 graves.»
671 3362 740 3442 (Ap.
757 3360 946 3442 Aott'febroo.
962 3361 1085 3441 vindic„

112 3444 185 3507 diss.
200 3451 220 3508 1
224 3466 315 3528 ,.cap
330 3453 361 3524 1,
378 3449 469 3530 n⁰l.)

164 3536 294 3615 lpsemet
313 3537 485 3600 Bossuetius
502 3539 709 3622 exemptiones
731 3539 893 3602 insectatus
907 3545 972 3614 est,
991 3543 1023 3600 et
1039 3556 1087 3602 su-

80 3623 224 3735 1perbiae
244 3631 274 3686 et
293 3625 450 3688 ambitioni
469 3628 522 3690 SS.
549 3627 732 3691 Pontificum
746 3646 797 3689 eas
816 3627 933 3689 videtur
951 3627 1085 3689 tribuero

80 3687 194 3790 ι1011.
209 3711 342 3792 Hector„
357 3714 461 3777 cornil.
475 3725 510 3778 n⁰
525 3719 574 3790 ll,
589 3723 658 3798 post
670 3716 767 3778 ultim
785 3719 875 3794 caput
889 3714 982 3775 tertrae
991 3715 1085 3794 partis
