<?xml version="1.0" encoding="UTF-8"?>
<!DOCTYPE html PUBLIC "-//W3C//DTD XHTML 1.0 Transitional//EN"
    "http://www.w3.org/TR/xhtml1/DTD/xhtml1-transitional.dtd">
<html xmlns="http://www.w3.org/1999/xhtml" xml:lang="en" lang="en">
 <head>
  <title>
</title>
<meta http-equiv="Content-Type" content="text/html;charset=utf-8" />
  <meta name='ocr-system' content='tesseract 3.04.00' />
  <meta name='ocr-capabilities' content='ocr_page ocr_carea ocr_par ocr_line ocrx_word'/>
</head>
<body>
  <div class='ocr_page' id='page_1' title='image "./manualetotiusju03craigoog_0088.png"; bbox 0 0 2586 3988; ppageno 0'>
   <div class='ocr_carea' id='block_1_1' title="bbox 489 227 1072 296">
    <p class='ocr_par' dir='ltr' id='par_1_1' title="bbox 489 225 1072 296">
     <span class='ocr_line' id='line_1_1' title="bbox 489 227 1072 296; baseline 0 -4"><span class='ocrx_word' id='word_1_1' title='bbox 489 245 711 296; x_wconf 73' lang='lat' dir='ltr'>pararnonem.</span> <span class='ocrx_word' id='word_1_2' title='bbox 1034 227 1072 292; x_wconf 72' lang='lat' dir='ltr'>bi</span> 
     </span>
    </p>
   </div>
   <div class='ocr_carea' id='block_1_2' title="bbox 93 341 1077 3606">
    <p class='ocr_par' dir='ltr' id='par_1_2' title="bbox 93 341 1074 696">
     <span class='ocr_line' id='line_1_2' title="bbox 93 341 1074 424; baseline 0.001 -21"><span class='ocrx_word' id='word_1_3' title='bbox 93 341 162 404; x_wconf 85' lang='lat' dir='ltr'>titus</span> <span class='ocrx_word' id='word_1_4' title='bbox 188 346 332 402; x_wconf 86' lang='lat' dir='ltr'>censetur</span> <span class='ocrx_word' id='word_1_5' title='bbox 363 361 421 423; x_wconf 89' lang='lat' dir='ltr'>per</span> <span class='ocrx_word' id='word_1_6' title='bbox 452 341 551 422; x_wconf 82' lang='lat' dir='ltr'>legem</span> <span class='ocrx_word' id='word_1_7' title='bbox 581 341 754 422; x_wconf 79' lang='lat' dir='ltr'>generalem</span> <span class='ocrx_word' id='word_1_8' title='bbox 783 345 844 423; x_wconf 79' lang='lat' dir='ltr'>qua</span> <span class='ocrx_word' id='word_1_9' title='bbox 869 342 1074 424; x_wconf 81' lang='lat' dir='ltr'>approbantur</span> 
     </span>
     <span class='ocr_line' id='line_1_3' title="bbox 94 429 1070 514; baseline 0.001 -23"><span class='ocrx_word' id='word_1_10' title='bbox 94 447 201 491; x_wconf 88' lang='lat' dir='ltr'>omnes</span> <span class='ocrx_word' id='word_1_11' title='bbox 215 431 455 492; x_wconf 87' lang='lat' dir='ltr'>consuetudines</span> <span class='ocrx_word' id='word_1_12' title='bbox 469 429 661 492; x_wconf 79' lang='lat' dir='ltr'>rationabiles</span> <span class='ocrx_word' id='word_1_13' title='bbox 674 435 704 492; x_wconf 89' lang='lat' dir='ltr'>et</span> <span class='ocrx_word' id='word_1_14' title='bbox 717 429 850 510; x_wconf 78' lang='lat' dir='ltr'>legitime</span> <span class='ocrx_word' id='word_1_15' title='bbox 864 432 1046 514; x_wconf 74' lang='lat' dir='ltr'>praescriptae</span> <span class='ocrx_word' id='word_1_16' title='bbox 1063 447 1070 492; x_wconf 75' lang='grc' dir='ltr'><strong>ε</strong></span> 
     </span>
     <span class='ocr_line' id='line_1_4' title="bbox 96 517 1072 599; baseline 0.002 -20"><span class='ocrx_word' id='word_1_17' title='bbox 96 517 176 580; x_wconf 91' lang='lat' dir='ltr'>unde</span> <span class='ocrx_word' id='word_1_18' title='bbox 203 536 265 579; x_wconf 90' lang='lat' dir='ltr'>non</span> <span class='ocrx_word' id='word_1_19' title='bbox 293 519 460 599; x_wconf 81' lang='lat' dir='ltr'><strong>requiritur</strong></span> <span class='ocrx_word' id='word_1_20' title='bbox 485 519 523 580; x_wconf 87' lang='lat' dir='ltr'>ed</span> <span class='ocrx_word' id='word_1_21' title='bbox 549 518 640 581; x_wconf 91' lang='lat' dir='ltr'>talem</span> <span class='ocrx_word' id='word_1_22' title='bbox 666 535 851 581; x_wconf 87' lang='lat' dir='ltr'>consensum</span> <span class='ocrx_word' id='word_1_23' title='bbox 879 526 913 582; x_wconf 87' lang='lat' dir='ltr'>ut</span> <span class='ocrx_word' id='word_1_24' title='bbox 935 519 1072 581; x_wconf 76' lang='lat' dir='ltr'>Pontifex</span> 
     </span>
     <span class='ocr_line' id='line_1_5' title="bbox 96 601 996 696; baseline 0 -28"><span class='ocrx_word' id='word_1_25' title='bbox 96 613 258 687; x_wconf 72' lang='lat' dir='ltr'>dignoscat</span> <span class='ocrx_word' id='word_1_26' title='bbox 271 601 538 670; x_wconf 87' lang='lat' dir='ltr'>consuetudinem.</span> <span class='ocrx_word' id='word_1_27' title='bbox 554 609 595 686; x_wconf 86' lang='lat' dir='ltr'>(S.</span> <span class='ocrx_word' id='word_1_28' title='bbox 613 609 735 687; x_wconf 79' lang='lat' dir='ltr'>Liguor.</span> <span class='ocrx_word' id='word_1_29' title='bbox 751 607 804 670; x_wconf 93' lang='lat' dir='ltr'>lib.</span> <span class='ocrx_word' id='word_1_30' title='bbox 821 611 851 684; x_wconf 93' lang='lat' dir='ltr'>l,</span> <span class='ocrx_word' id='word_1_31' title='bbox 867 609 996 696; x_wconf 74' lang='lat' dir='ltr'>l0&#39;l,ll.)</span> 
     </span>
    </p>

    <p class='ocr_par' dir='ltr' id='par_1_3' title="bbox 100 693 1075 1390">
     <span class='ocr_line' id='line_1_6' title="bbox 135 693 1069 776; baseline 0.004 -19"><span class='ocrx_word' id='word_1_32' title='bbox 135 693 291 776; x_wconf 82' lang='lat' dir='ltr'>Quidquid</span> <span class='ocrx_word' id='word_1_33' title='bbox 306 695 337 755; x_wconf 90' lang='lat' dir='ltr'>in</span> <span class='ocrx_word' id='word_1_34' title='bbox 352 697 537 759; x_wconf 89' lang='lat' dir='ltr'>contrarium</span> <span class='ocrx_word' id='word_1_35' title='bbox 548 697 686 758; x_wconf 93' lang='lat' dir='ltr'>nonnulli</span> <span class='ocrx_word' id='word_1_36' title='bbox 701 695 818 770; x_wconf 89' lang='lat' dir='ltr'>dicant,</span> <span class='ocrx_word' id='word_1_37' title='bbox 834 695 941 756; x_wconf 88' lang='lat' dir='ltr'>meritb</span> <span class='ocrx_word' id='word_1_38' title='bbox 954 713 991 757; x_wconf 83' lang='lat' dir='ltr'>ex</span> <span class='ocrx_word' id='word_1_39' title='bbox 1004 715 1069 763; x_wconf 63' lang='lat' dir='ltr'>can,</span> 
     </span>
     <span class='ocr_line' id='line_1_7' title="bbox 101 783 1072 866; baseline -0.001 -19"><span class='ocrx_word' id='word_1_40' title='bbox 101 784 172 847; x_wconf 76' lang='lat' dir='ltr'>cam</span> <span class='ocrx_word' id='word_1_41' title='bbox 188 791 271 843; x_wconf 85' lang='lat' dir='ltr'>tento</span> <span class='ocrx_word' id='word_1_42' title='bbox 285 801 377 865; x_wconf 88' lang='lat' dir='ltr'>supra</span> <span class='ocrx_word' id='word_1_43' title='bbox 391 783 485 846; x_wconf 89' lang='lat' dir='ltr'>relato</span> <span class='ocrx_word' id='word_1_44' title='bbox 498 787 617 862; x_wconf 79' lang='lat' dir='ltr'>(littlet</span> <span class='ocrx_word' id='word_1_45' title='bbox 631 803 667 846; x_wconf 83' lang='lat' dir='ltr'>ex</span> <span class='ocrx_word' id='word_1_46' title='bbox 682 803 748 866; x_wconf 88' lang='lat' dir='ltr'>cap.</span> <span class='ocrx_word' id='word_1_47' title='bbox 761 789 790 860; x_wconf 91' lang='lat' dir='ltr'>l,</span> <span class='ocrx_word' id='word_1_48' title='bbox 806 783 841 846; x_wconf 86' lang='lat' dir='ltr'>de</span> <span class='ocrx_word' id='word_1_49' title='bbox 856 785 1030 862; x_wconf 75' lang='lat' dir='ltr'>constitut,</span> <span class='ocrx_word' id='word_1_50' title='bbox 1043 785 1072 846; x_wconf 89' lang='lat' dir='ltr'>in</span> 
     </span>
     <span class='ocr_line' id='line_1_8' title="bbox 100 870 1073 954; baseline 0.002 -22"><span class='ocrx_word' id='word_1_51' title='bbox 100 875 142 948; x_wconf 82' lang='lat'>6⁰,</span> <span class='ocrx_word' id='word_1_52' title='bbox 163 871 195 932; x_wconf 93' lang='lat' dir='ltr'>in</span> <span class='ocrx_word' id='word_1_53' title='bbox 211 889 275 952; x_wconf 89' lang='lat' dir='ltr'>quo</span> <span class='ocrx_word' id='word_1_54' title='bbox 287 870 399 934; x_wconf 90' lang='lat' dir='ltr'>dicitur</span> <span class='ocrx_word' id='word_1_55' title='bbox 420 873 452 935; x_wconf 91' lang='lat' dir='ltr'>S.</span> <span class='ocrx_word' id='word_1_56' title='bbox 468 873 646 936; x_wconf 76' lang='lat' dir='ltr'>Pontificem</span> <span class='ocrx_word' id='word_1_57' title='bbox 668 891 730 934; x_wconf 92' lang='lat' dir='ltr'>non</span> <span class='ocrx_word' id='word_1_58' title='bbox 751 873 898 954; x_wconf 79' lang='lat' dir='ltr'><strong>derogare</strong></span> <span class='ocrx_word' id='word_1_59' title='bbox 916 891 971 954; x_wconf 92' lang='lat' dir='ltr'>per</span> <span class='ocrx_word' id='word_1_60' title='bbox 990 891 1073 936; x_wconf 87' lang='lat' dir='ltr'>suam</span> 
     </span>
     <span class='ocr_line' id='line_1_9' title="bbox 101 959 1074 1042; baseline 0.004 -22"><span class='ocrx_word' id='word_1_61' title='bbox 101 959 209 1042; x_wconf 77' lang='lat' dir='ltr'>legem,</span> <span class='ocrx_word' id='word_1_62' title='bbox 221 959 402 1040; x_wconf 80' lang='lat' dir='ltr'>specialibus</span> <span class='ocrx_word' id='word_1_63' title='bbox 412 961 548 1024; x_wconf 90' lang='lat' dir='ltr'>locorum</span> <span class='ocrx_word' id='word_1_64' title='bbox 561 960 843 1032; x_wconf 88' lang='lat' dir='ltr'>consuetudinibus,</span> <span class='ocrx_word' id='word_1_65' title='bbox 855 961 995 1041; x_wconf 89' lang='lat' dir='ltr'>quamvis</span> <span class='ocrx_word' id='word_1_66' title='bbox 1011 962 1074 1024; x_wconf 83' lang='lat' dir='ltr'>illas</span> 
     </span>
     <span class='ocr_line' id='line_1_10' title="bbox 104 1047 1074 1129; baseline 0.004 -21"><span class='ocrx_word' id='word_1_67' title='bbox 104 1047 237 1128; x_wconf 80' lang='lat' dir='ltr'>ignoret,</span> <span class='ocrx_word' id='word_1_68' title='bbox 252 1047 496 1111; x_wconf 90' lang='lat' dir='ltr'>concludendum</span> <span class='ocrx_word' id='word_1_69' title='bbox 510 1055 555 1110; x_wconf 88' lang='lat' dir='ltr'>est</span> <span class='ocrx_word' id='word_1_70' title='bbox 567 1067 750 1111; x_wconf 90' lang='lat' dir='ltr'>consensum</span> <span class='ocrx_word' id='word_1_71' title='bbox 768 1048 898 1129; x_wconf 80' lang='lat' dir='ltr'><strong>legalem</strong></span> <span class='ocrx_word' id='word_1_72' title='bbox 917 1049 1074 1126; x_wconf 85' lang='lat' dir='ltr'>sufficere,</span> 
     </span>
     <span class='ocr_line' id='line_1_11' title="bbox 104 1136 1073 1216; baseline 0.004 -21"><span class='ocrx_word' id='word_1_73' title='bbox 104 1142 132 1196; x_wconf 89' lang='lat' dir='ltr'>et</span> <span class='ocrx_word' id='word_1_74' title='bbox 150 1137 191 1197; x_wconf 88' lang='lat' dir='ltr'>ita</span> <span class='ocrx_word' id='word_1_75' title='bbox 210 1139 314 1196; x_wconf 78' lang='lat' dir='ltr'>rerer&#39;a</span> <span class='ocrx_word' id='word_1_76' title='bbox 335 1136 425 1196; x_wconf 91' lang='lat' dir='ltr'>sentit</span> <span class='ocrx_word' id='word_1_77' title='bbox 438 1137 533 1199; x_wconf 89' lang='lat' dir='ltr'>multd</span> <span class='ocrx_word' id='word_1_78' title='bbox 553 1139 745 1200; x_wconf 81' lang='lat' dir='ltr'>conrmunicr</span> <span class='ocrx_word' id='word_1_79' title='bbox 766 1139 827 1198; x_wconf 82' lang='lat' dir='ltr'>Do.</span> <span class='ocrx_word' id='word_1_80' title='bbox 853 1141 1010 1201; x_wconf 88' lang='lat' dir='ltr'>sententia.</span> <span class='ocrx_word' id='word_1_81' title='bbox 1026 1141 1073 1216; x_wconf 84' lang='lat' dir='ltr'>(b.</span> 
     </span>
     <span class='ocr_line' id='line_1_12' title="bbox 103 1221 1075 1306; baseline 0.005 -20"><span class='ocrx_word' id='word_1_82' title='bbox 103 1224 196 1287; x_wconf 81' lang='lat' dir='ltr'>llouin</span> <span class='ocrx_word' id='word_1_83' title='bbox 210 1269 217 1300; x_wconf 91' lang='lat'>,</span> <span class='ocrx_word' id='word_1_84' title='bbox 233 1221 269 1284; x_wconf 85' lang='lat' dir='ltr'>de</span> <span class='ocrx_word' id='word_1_85' title='bbox 283 1225 459 1306; x_wconf 79' lang='lat' dir='ltr'>Principiis,</span> <span class='ocrx_word' id='word_1_86' title='bbox 473 1245 504 1306; x_wconf 93' lang='lat' dir='ltr'>p.</span> <span class='ocrx_word' id='word_1_87' title='bbox 516 1229 574 1289; x_wconf 76' lang='lat'>352</span> <span class='ocrx_word' id='word_1_88' title='bbox 590 1225 644 1303; x_wconf 80' lang='lat' dir='ltr'>dis,</span> <span class='ocrx_word' id='word_1_89' title='bbox 660 1233 690 1288; x_wconf 92' lang='lat' dir='ltr'>et</span> <span class='ocrx_word' id='word_1_90' title='bbox 702 1227 734 1288; x_wconf 87' lang='lat' dir='ltr'>S.</span> <span class='ocrx_word' id='word_1_91' title='bbox 751 1224 887 1306; x_wconf 73' lang='lat' dir='ltr'>ligone,</span> <span class='ocrx_word' id='word_1_92' title='bbox 904 1227 971 1290; x_wconf 90' lang='lat' dir='ltr'>loco</span> <span class='ocrx_word' id='word_1_93' title='bbox 984 1225 1075 1291; x_wconf 79' lang='lat' dir='ltr'>modo</span> 
     </span>
     <span class='ocr_line' id='line_1_13' title="bbox 102 1313 213 1390; baseline -0.018 -14"><span class='ocrx_word' id='word_1_94' title='bbox 102 1313 213 1390; x_wconf 88' lang='lat' dir='ltr'>citato).</span> 
     </span>
    </p>

    <p class='ocr_par' dir='ltr' id='par_1_4' title="bbox 101 1401 1077 2104">
     <span class='ocr_line' id='line_1_14' title="bbox 142 1401 1075 1485; baseline 0.002 -21"><span class='ocrx_word' id='word_1_95' title='bbox 142 1405 211 1464; x_wconf 71' lang='lat' dir='ltr'>tta.</span> <span class='ocrx_word' id='word_1_96' title='bbox 235 1405 376 1464; x_wconf 76' lang='lat' dir='ltr'>Attamen</span> <span class='ocrx_word' id='word_1_97' title='bbox 396 1403 483 1465; x_wconf 88' lang='lat' dir='ltr'>Card.</span> <span class='ocrx_word' id='word_1_98' title='bbox 500 1405 643 1481; x_wconf 84' lang='lat' dir='ltr'>Gousset,</span> <span class='ocrx_word' id='word_1_99' title='bbox 659 1402 841 1484; x_wconf 81' lang='lat' dir='ltr'>Earpositt&#39;on</span> <span class='ocrx_word' id='word_1_100' title='bbox 854 1401 903 1464; x_wconf 82' lang='lat' dir='ltr'>dee</span> <span class='ocrx_word' id='word_1_101' title='bbox 913 1403 1075 1485; x_wconf 82' lang='lat' dir='ltr'>principes,</span> 
     </span>
     <span class='ocr_line' id='line_1_15' title="bbox 105 1491 1077 1574; baseline 0.002 -22"><span class='ocrx_word' id='word_1_102' title='bbox 105 1495 136 1552; x_wconf 84' lang='lat' dir='ltr'>u⁰</span> <span class='ocrx_word' id='word_1_103' title='bbox 155 1495 238 1566; x_wconf 86' lang='lat'>385,</span> <span class='ocrx_word' id='word_1_104' title='bbox 257 1493 332 1568; x_wconf 89' lang='grc'>386,</span> <span class='ocrx_word' id='word_1_105' title='bbox 348 1499 405 1554; x_wconf 88' lang='lat' dir='ltr'>ete.</span> <span class='ocrx_word' id='word_1_106' title='bbox 431 1493 588 1555; x_wconf 80' lang='lat' dir='ltr'>sententie</span> <span class='ocrx_word' id='word_1_107' title='bbox 607 1493 754 1574; x_wconf 81' lang='lat' dir='ltr'>oppositae</span> <span class='ocrx_word' id='word_1_108' title='bbox 774 1491 992 1555; x_wconf 76' lang='lat' dir='ltr'>adherendum</span> <span class='ocrx_word' id='word_1_109' title='bbox 1011 1511 1077 1554; x_wconf 88' lang='lat' dir='ltr'>esse</span> 
     </span>
     <span class='ocr_line' id='line_1_16' title="bbox 103 1579 1075 1662; baseline 0.002 -21"><span class='ocrx_word' id='word_1_110' title='bbox 103 1585 201 1659; x_wconf 86' lang='lat' dir='ltr'>putat:</span> <span class='ocrx_word' id='word_1_111' title='bbox 214 1580 343 1661; x_wconf 83' lang='lat' dir='ltr'>quiajos</span> <span class='ocrx_word' id='word_1_112' title='bbox 353 1599 415 1642; x_wconf 92' lang='lat' dir='ltr'>non</span> <span class='ocrx_word' id='word_1_113' title='bbox 425 1579 555 1643; x_wconf 89' lang='lat' dir='ltr'>declarat</span> <span class='ocrx_word' id='word_1_114' title='bbox 566 1579 816 1643; x_wconf 86' lang='lat' dir='ltr'>consuetudinem</span> <span class='ocrx_word' id='word_1_115' title='bbox 824 1598 889 1643; x_wconf 89' lang='lat' dir='ltr'>esse</span> <span class='ocrx_word' id='word_1_116' title='bbox 899 1581 1075 1662; x_wconf 80' lang='lat' dir='ltr'>legitimam,</span> 
     </span>
     <span class='ocr_line' id='line_1_17' title="bbox 104 1669 1074 1751; baseline 0.001 -22"><span class='ocrx_word' id='word_1_117' title='bbox 104 1673 263 1749; x_wconf 82' lang='lat' dir='ltr'>postquam</span> <span class='ocrx_word' id='word_1_118' title='bbox 276 1687 332 1751; x_wconf 87' lang='lat' dir='ltr'>per</span> <span class='ocrx_word' id='word_1_119' title='bbox 349 1677 469 1751; x_wconf 90' lang='lat' dir='ltr'>tempus</span> <span class='ocrx_word' id='word_1_120' title='bbox 481 1677 598 1732; x_wconf 87' lang='lat' dir='ltr'>certum</span> <span class='ocrx_word' id='word_1_121' title='bbox 611 1675 642 1732; x_wconf 89' lang='lat' dir='ltr'>et</span> <span class='ocrx_word' id='word_1_122' title='bbox 660 1669 892 1732; x_wconf 89' lang='lat' dir='ltr'>determinatum</span> <span class='ocrx_word' id='word_1_123' title='bbox 907 1669 1074 1732; x_wconf 70' lang='lat' dir='ltr'>duraverit:</span> 
     </span>
     <span class='ocr_line' id='line_1_18' title="bbox 103 1755 1076 1838; baseline 0.002 -20"><span class='ocrx_word' id='word_1_124' title='bbox 103 1755 153 1818; x_wconf 83' lang='lat' dir='ltr'>sed</span> <span class='ocrx_word' id='word_1_125' title='bbox 167 1756 199 1817; x_wconf 88' lang='lat' dir='ltr'>in</span> <span class='ocrx_word' id='word_1_126' title='bbox 215 1757 274 1820; x_wconf 90' lang='lat' dir='ltr'>hnc</span> <span class='ocrx_word' id='word_1_127' title='bbox 290 1757 528 1838; x_wconf 88' lang='lat' dir='ltr'>sapientissimus</span> <span class='ocrx_word' id='word_1_128' title='bbox 547 1757 712 1820; x_wconf 85' lang='lat' dir='ltr'>Cardinalis</span> <span class='ocrx_word' id='word_1_129' title='bbox 732 1775 833 1821; x_wconf 81' lang='lat' dir='ltr'><strong>enare</strong></span> <span class='ocrx_word' id='word_1_130' title='bbox 851 1758 987 1821; x_wconf 89' lang='lat' dir='ltr'>videtur:</span> <span class='ocrx_word' id='word_1_131' title='bbox 1005 1777 1076 1820; x_wconf 89' lang='lat' dir='ltr'>nam</span> 
     </span>
     <span class='ocr_line' id='line_1_19' title="bbox 101 1845 1074 1928; baseline 0.004 -24"><span class='ocrx_word' id='word_1_132' title='bbox 101 1861 168 1925; x_wconf 86' lang='lat' dir='ltr'>cap.</span> <span class='ocrx_word' id='word_1_133' title='bbox 180 1845 206 1908; x_wconf 89' lang='lat' dir='ltr'><em>C</em></span> <span class='ocrx_word' id='word_1_134' title='bbox 206 1847 255 1906; x_wconf 75' lang='lat' dir='ltr'>itm</span> <span class='ocrx_word' id='word_1_135' title='bbox 271 1853 352 1906; x_wconf 85' lang='lat' dir='ltr'>tanto</span> <span class='ocrx_word' id='word_1_136' title='bbox 365 1865 454 1928; x_wconf 89' lang='lat' dir='ltr'>supra</span> <span class='ocrx_word' id='word_1_137' title='bbox 468 1847 718 1927; x_wconf 79' lang='lat' dir='ltr'>relatum,aperte</span> <span class='ocrx_word' id='word_1_138' title='bbox 731 1845 1074 1924; x_wconf 87' lang='lat' dir='ltr'>dicitconsuetudinem,</span> 
     </span>
     <span class='ocr_line' id='line_1_20' title="bbox 102 1933 1076 2018; baseline 0.006 -26"><span class='ocrx_word' id='word_1_139' title='bbox 102 1933 192 1994; x_wconf 90' lang='lat' dir='ltr'>etiam</span> <span class='ocrx_word' id='word_1_140' title='bbox 204 1933 265 2012; x_wconf 76' lang='lat' dir='ltr'>iuri</span> <span class='ocrx_word' id='word_1_141' title='bbox 285 1933 411 2015; x_wconf 82' lang='lat' dir='ltr'>positivo</span> <span class='ocrx_word' id='word_1_142' title='bbox 425 1953 512 2016; x_wconf 91' lang='lat' dir='ltr'>posse</span> <span class='ocrx_word' id='word_1_143' title='bbox 533 1934 742 2017; x_wconf 78' lang='lat' dir='ltr'>prejudicium</span> <span class='ocrx_word' id='word_1_144' title='bbox 756 1953 920 2016; x_wconf 79' lang='lat' dir='ltr'>generare,</span> <span class='ocrx_word' id='word_1_145' title='bbox 934 1937 962 1998; x_wconf 83' lang='lat' dir='ltr'>ri</span> <span class='ocrx_word' id='word_1_146' title='bbox 980 1937 1076 2018; x_wconf 80' lang='lat' dir='ltr'>suerit</span> 
     </span>
     <span class='ocr_line' id='line_1_21' title="bbox 102 2019 686 2104; baseline 0.01 -24"><span class='ocrx_word' id='word_1_147' title='bbox 102 2019 290 2082; x_wconf 82' lang='lat' dir='ltr'>rationabilia</span> <span class='ocrx_word' id='word_1_148' title='bbox 304 2029 333 2084; x_wconf 82' lang='lat' dir='ltr'>et</span> <span class='ocrx_word' id='word_1_149' title='bbox 346 2022 478 2104; x_wconf 74' lang='lat' dir='ltr'>lepr&#39;tirnl</span> <span class='ocrx_word' id='word_1_150' title='bbox 490 2039 686 2086; x_wconf 78' lang='lat' dir='ltr'>rnarscmrm.</span> 
     </span>
    </p>

    <p class='ocr_par' dir='ltr' id='par_1_5' title="bbox 104 2109 1076 2260">
     <span class='ocr_line' id='line_1_22' title="bbox 142 2109 1076 2199; baseline 0.009 -29"><span class='ocrx_word' id='word_1_151' title='bbox 142 2112 211 2171; x_wconf 78' lang='lat'>133.</span> <span class='ocrx_word' id='word_1_152' title='bbox 235 2109 294 2172; x_wconf 91' lang='lat' dir='ltr'>Sed</span> <span class='ocrx_word' id='word_1_153' title='bbox 309 2110 358 2199; x_wconf 78' lang='lat' dir='ltr'>hle</span> <span class='ocrx_word' id='word_1_154' title='bbox 372 2111 572 2192; x_wconf 84' lang='lat' dir='ltr'>quaerendum</span> <span class='ocrx_word' id='word_1_155' title='bbox 585 2117 631 2174; x_wconf 85' lang='lat' dir='ltr'>est</span> <span class='ocrx_word' id='word_1_156' title='bbox 643 2111 838 2194; x_wconf 81' lang='lat' dir='ltr'>quandonam</span> <span class='ocrx_word' id='word_1_157' title='bbox 856 2113 995 2176; x_wconf 81' lang='lat' dir='ltr'>Pontifex</span> <span class='ocrx_word' id='word_1_158' title='bbox 1007 2133 1076 2178; x_wconf 90' lang='lat' dir='ltr'>cen·</span> 
     </span>
     <span class='ocr_line' id='line_1_23' title="bbox 104 2197 413 2260; baseline 0.003 -1"><span class='ocrx_word' id='word_1_159' title='bbox 104 2205 202 2260; x_wconf 77' lang='lat' dir='ltr'>icatur</span> <span class='ocrx_word' id='word_1_160' title='bbox 214 2197 413 2260; x_wconf 69' lang='lat' dir='ltr'>consentire?</span> 
     </span>
    </p>

    <p class='ocr_par' dir='ltr' id='par_1_6' title="bbox 98 2285 1077 3258">
     <span class='ocr_line' id='line_1_24' title="bbox 139 2285 1074 2368; baseline 0.007 -22"><span class='ocrx_word' id='word_1_161' title='bbox 139 2287 231 2368; x_wconf 85' lang='lat' dir='ltr'>Resp.</span> <span class='ocrx_word' id='word_1_162' title='bbox 247 2285 320 2348; x_wconf 78' lang='lat' dir='ltr'>aad</span> <span class='ocrx_word' id='word_1_163' title='bbox 334 2285 537 2350; x_wconf 87' lang='lat' dir='ltr'>inducendam</span> <span class='ocrx_word' id='word_1_164' title='bbox 547 2287 799 2351; x_wconf 78' lang='lat' dir='ltr'>consuetudinem</span> <span class='ocrx_word' id='word_1_165' title='bbox 814 2285 863 2350; x_wconf 79' lang='lat' dir='ltr'>aid</span> <span class='ocrx_word' id='word_1_166' title='bbox 872 2287 1074 2368; x_wconf 77' lang='lat' dir='ltr'>conniventiae,</span> 
     </span>
     <span class='ocr_line' id='line_1_25' title="bbox 99 2373 1077 2458; baseline 0.006 -24"><span class='ocrx_word' id='word_1_167' title='bbox 99 2395 115 2432; x_wconf 77' lang='lat' dir='ltr'>a</span> <span class='ocrx_word' id='word_1_168' title='bbox 138 2373 169 2435; x_wconf 92' lang='lat' dir='ltr'>id</span> <span class='ocrx_word' id='word_1_169' title='bbox 184 2382 231 2436; x_wconf 83' lang='lat' dir='ltr'>est</span> <span class='ocrx_word' id='word_1_170' title='bbox 246 2419 255 2451; x_wconf 98' lang='lat'>,</span> <span class='ocrx_word' id='word_1_171' title='bbox 270 2375 408 2457; x_wconf 89' lang='lat' dir='ltr'>principe</span> <span class='ocrx_word' id='word_1_172' title='bbox 427 2376 540 2439; x_wconf 79' lang='lat' dir='ltr'>sciente</span> <span class='ocrx_word' id='word_1_173' title='bbox 558 2385 588 2439; x_wconf 92' lang='lat' dir='ltr'>et</span> <span class='ocrx_word' id='word_1_174' title='bbox 606 2377 762 2454; x_wconf 85' lang='lat' dir='ltr'>tolerante,</span> <span class='ocrx_word' id='word_1_175' title='bbox 777 2377 848 2438; x_wconf 83' lang='lat' dir='ltr'>cum</span> <span class='ocrx_word' id='word_1_176' title='bbox 870 2373 959 2438; x_wconf 79' lang='lat' dir='ltr'>facile</span> <span class='ocrx_word' id='word_1_177' title='bbox 973 2386 1077 2458; x_wconf 91' lang='lat' dir='ltr'>posset</span> 
     </span>
     <span class='ocr_line' id='line_1_26' title="bbox 100 2463 1075 2547; baseline 0.007 -27"><span class='ocrx_word' id='word_1_178' title='bbox 100 2483 115 2519; x_wconf 85' lang='grc' dir='ltr'>ι</span> <span class='ocrx_word' id='word_1_179' title='bbox 138 2463 280 2524; x_wconf 89' lang='lat' dir='ltr'>resistere</span> <span class='ocrx_word' id='word_1_180' title='bbox 301 2463 516 2526; x_wconf 91' lang='lat' dir='ltr'>introductioni</span> <span class='ocrx_word' id='word_1_181' title='bbox 536 2465 765 2528; x_wconf 88' lang='lat' dir='ltr'>consuetudinis</span> <span class='ocrx_word' id='word_1_182' title='bbox 785 2463 980 2527; x_wconf 79' lang='lat' dir='ltr'>contrariae...</span> <span class='ocrx_word' id='word_1_183' title='bbox 1005 2485 1075 2547; x_wconf 92' lang='lat' dir='ltr'>pro-</span> 
     </span>
     <span class='ocr_line' id='line_1_27' title="bbox 101 2550 1076 2635; baseline 0.011 -28"><span class='ocrx_word' id='word_1_184' title='bbox 101 2573 116 2607; x_wconf 80' lang='grc' dir='ltr'>ι</span> <span class='ocrx_word' id='word_1_185' title='bbox 141 2550 274 2613; x_wconf 78' lang='lat' dir='ltr'>habilius</span> <span class='ocrx_word' id='word_1_186' title='bbox 299 2558 361 2628; x_wconf 88' lang='lat' dir='ltr'>est,</span> <span class='ocrx_word' id='word_1_187' title='bbox 391 2571 452 2614; x_wconf 91' lang='lat' dir='ltr'>non</span> <span class='ocrx_word' id='word_1_188' title='bbox 482 2555 595 2635; x_wconf 89' lang='lat' dir='ltr'>requiri</span> <span class='ocrx_word' id='word_1_189' title='bbox 617 2553 850 2616; x_wconf 89' lang='lat' dir='ltr'>determinatum</span> <span class='ocrx_word' id='word_1_190' title='bbox 873 2559 1004 2634; x_wconf 90' lang='lat' dir='ltr'>tempus.</span> <span class='ocrx_word' id='word_1_191' title='bbox 1033 2557 1076 2618; x_wconf 87' lang='lat' dir='ltr'>lta</span> 
     </span>
     <span class='ocr_line' id='line_1_28' title="bbox 100 2639 1076 2724; baseline 0.009 -27"><span class='ocrx_word' id='word_1_192' title='bbox 100 2661 115 2697; x_wconf 79' lang='grc' dir='ltr'>ι</span> <span class='ocrx_word' id='word_1_193' title='bbox 138 2639 260 2701; x_wconf 86' lang='lat' dir='ltr'>Lessius</span> <span class='ocrx_word' id='word_1_194' title='bbox 274 2639 326 2700; x_wconf 90' lang='lat' dir='ltr'>lib.</span> <span class='ocrx_word' id='word_1_195' title='bbox 341 2644 379 2716; x_wconf 67' lang='grc' dir='ltr'>Ξ,</span> <span class='ocrx_word' id='word_1_196' title='bbox 394 2646 424 2701; x_wconf 87' lang='lat' dir='ltr'>et</span> <span class='ocrx_word' id='word_1_197' title='bbox 436 2640 501 2717; x_wconf 84' lang='lat' dir='ltr'>alii3</span> <span class='ocrx_word' id='word_1_198' title='bbox 517 2643 593 2704; x_wconf 89' lang='lat' dir='ltr'>ratio</span> <span class='ocrx_word' id='word_1_199' title='bbox 607 2647 671 2718; x_wconf 90' lang='lat' dir='ltr'>est,</span> <span class='ocrx_word' id='word_1_200' title='bbox 687 2642 760 2722; x_wconf 88' lang='lat' dir='ltr'>quia</span> <span class='ocrx_word' id='word_1_201' title='bbox 772 2641 846 2704; x_wconf 92' lang='lat' dir='ltr'>dum</span> <span class='ocrx_word' id='word_1_202' title='bbox 860 2641 1002 2724; x_wconf 91' lang='lat' dir='ltr'>princeps</span> <span class='ocrx_word' id='word_1_203' title='bbox 1021 2645 1076 2706; x_wconf 88' lang='lat' dir='ltr'>seit</span> 
     </span>
     <span class='ocr_line' id='line_1_29' title="bbox 99 2727 1074 2809; baseline 0.009 -24"><span class='ocrx_word' id='word_1_204' title='bbox 99 2748 115 2785; x_wconf 80' lang='grc' dir='ltr'>ι</span> <span class='ocrx_word' id='word_1_205' title='bbox 138 2745 227 2789; x_wconf 87' lang='lat' dir='ltr'>suam</span> <span class='ocrx_word' id='word_1_206' title='bbox 243 2727 341 2808; x_wconf 82' lang='lat' dir='ltr'>legem</span> <span class='ocrx_word' id='word_1_207' title='bbox 361 2745 423 2789; x_wconf 90' lang='lat' dir='ltr'>non</span> <span class='ocrx_word' id='word_1_208' title='bbox 439 2731 549 2792; x_wconf 86' lang='lat' dir='ltr'>servari</span> <span class='ocrx_word' id='word_1_209' title='bbox 571 2735 601 2793; x_wconf 84' lang='lat' dir='ltr'>et</span> <span class='ocrx_word' id='word_1_210' title='bbox 619 2729 701 2805; x_wconf 90' lang='lat' dir='ltr'>silet,</span> <span class='ocrx_word' id='word_1_211' title='bbox 722 2729 787 2809; x_wconf 88' lang='lat' dir='ltr'>jam</span> <span class='ocrx_word' id='word_1_212' title='bbox 806 2736 947 2792; x_wconf 87' lang='lat' dir='ltr'>censetur</span> <span class='ocrx_word' id='word_1_213' title='bbox 966 2735 1074 2794; x_wconf 91' lang='lat' dir='ltr'>conui-</span> 
     </span>
     <span class='ocr_line' id='line_1_30' title="bbox 99 2815 1074 2890; baseline 0.01 -17"><span class='ocrx_word' id='word_1_214' title='bbox 99 2838 114 2873; x_wconf 80' lang='grc' dir='ltr'>ι</span> <span class='ocrx_word' id='word_1_215' title='bbox 139 2815 240 2878; x_wconf 77' lang='lat' dir='ltr'>nendo</span> <span class='ocrx_word' id='word_1_216' title='bbox 264 2817 475 2878; x_wconf 88' lang='lat' dir='ltr'>consentire...</span> <span class='ocrx_word' id='word_1_217' title='bbox 503 2820 581 2890; x_wconf 87' lang='lat' dir='ltr'>Quot</span> <span class='ocrx_word' id='word_1_218' title='bbox 601 2823 703 2880; x_wconf 83' lang='lat' dir='ltr'>autem</span> <span class='ocrx_word' id='word_1_219' title='bbox 730 2825 814 2880; x_wconf 85' lang='lat' dir='ltr'>actus</span> <span class='ocrx_word' id='word_1_220' title='bbox 840 2819 1019 2882; x_wconf 90' lang='lat' dir='ltr'>contrarii...</span> <span class='ocrx_word' id='word_1_221' title='bbox 1041 2821 1074 2883; x_wconf 93' lang='lat' dir='ltr'>in</span> 
     </span>
     <span class='ocr_line' id='line_1_31' title="bbox 99 2903 1073 2987; baseline 0.011 -26"><span class='ocrx_word' id='word_1_222' title='bbox 99 2927 114 2961; x_wconf 85' lang='grc' dir='ltr'>ι</span> <span class='ocrx_word' id='word_1_223' title='bbox 139 2903 198 2966; x_wconf 87' lang='lat' dir='ltr'>boc</span> <span class='ocrx_word' id='word_1_224' title='bbox 218 2905 412 2985; x_wconf 85' lang='lat' dir='ltr'>requirantur</span> <span class='ocrx_word' id='word_1_225' title='bbox 429 2913 463 2968; x_wconf 89' lang='lat' dir='ltr'>ut</span> <span class='ocrx_word' id='word_1_226' title='bbox 480 2911 637 2970; x_wconf 87' lang='lat' dir='ltr'>censeatur</span> <span class='ocrx_word' id='word_1_227' title='bbox 651 2907 793 2987; x_wconf 88' lang='lat' dir='ltr'>princeps</span> <span class='ocrx_word' id='word_1_228' title='bbox 809 2907 898 2968; x_wconf 83' lang='lat' dir='ltr'>tacite</span> <span class='ocrx_word' id='word_1_229' title='bbox 920 2911 1073 2972; x_wconf 83' lang='lat' dir='ltr'>rernctsse</span> 
     </span>
     <span class='ocr_line' id='line_1_32' title="bbox 98 2991 1071 3077; baseline 0.011 -27"><span class='ocrx_word' id='word_1_230' title='bbox 98 3015 114 3050; x_wconf 84' lang='grc' dir='ltr'>ι</span> <span class='ocrx_word' id='word_1_231' title='bbox 138 3009 228 3054; x_wconf 87' lang='lat' dir='ltr'>suam</span> <span class='ocrx_word' id='word_1_232' title='bbox 247 2991 369 3072; x_wconf 74' lang='lat' dir='ltr'>legem?</span> <span class='ocrx_word' id='word_1_233' title='bbox 387 2991 420 3054; x_wconf 96' lang='lat' dir='ltr'>ld</span> <span class='ocrx_word' id='word_1_234' title='bbox 436 2993 468 3055; x_wconf 91' lang='lat' dir='ltr'>in</span> <span class='ocrx_word' id='word_1_235' title='bbox 490 2993 604 3068; x_wconf 88' lang='lat' dir='ltr'>dubio,</span> <span class='ocrx_word' id='word_1_236' title='bbox 623 2993 781 3077; x_wconf 87' lang='lat' dir='ltr'>prudentis</span> <span class='ocrx_word' id='word_1_237' title='bbox 798 2995 907 3075; x_wconf 86' lang='lat' dir='ltr'>judicis</span> <span class='ocrx_word' id='word_1_238' title='bbox 927 2994 1071 3076; x_wconf 80' lang='lat' dir='ltr'>aibtri0,</span> 
     </span>
     <span class='ocr_line' id='line_1_33' title="bbox 98 3082 1073 3164; baseline 0.012 -25"><span class='ocrx_word' id='word_1_239' title='bbox 98 3087 273 3160; x_wconf 70' lang='lat' dir='ltr'>»spectata</span> <span class='ocrx_word' id='word_1_240' title='bbox 304 3083 428 3144; x_wconf 90' lang='lat' dir='ltr'>materia</span> <span class='ocrx_word' id='word_1_241' title='bbox 457 3082 532 3164; x_wconf 78' lang='lat' dir='ltr'>legis</span> <span class='ocrx_word' id='word_1_242' title='bbox 568 3082 696 3164; x_wconf 89' lang='lat' dir='ltr'>aliisque</span> <span class='ocrx_word' id='word_1_243' title='bbox 732 3083 983 3160; x_wconf 87' lang='lat' dir='ltr'>circumstantiis,</span> <span class='ocrx_word' id='word_1_244' title='bbox 1017 3089 1073 3151; x_wconf 89' lang='lat' dir='ltr'>erit</span> 
     </span>
     <span class='ocr_line' id='line_1_34' title="bbox 98 3165 1073 3258; baseline 0.014 -32"><span class='ocrx_word' id='word_1_245' title='bbox 98 3165 380 3246; x_wconf 72' lang='lat' dir='ltr'>adijudicandum.</span> <span class='ocrx_word' id='word_1_246' title='bbox 409 3170 615 3248; x_wconf 74' lang='lat' dir='ltr'>rffleiffensi.</span> <span class='ocrx_word' id='word_1_247' title='bbox 641 3170 693 3234; x_wconf 90' lang='lat' dir='ltr'>lib.</span> <span class='ocrx_word' id='word_1_248' title='bbox 720 3175 749 3234; x_wconf 87' lang='lat' dir='ltr'>l.</span> <span class='ocrx_word' id='word_1_249' title='bbox 769 3176 800 3249; x_wconf 80' lang='lat'>4,</span> <span class='ocrx_word' id='word_1_250' title='bbox 831 3183 865 3234; x_wconf 79' lang='lat' dir='ltr'>n⁰</span> <span class='ocrx_word' id='word_1_251' title='bbox 892 3175 930 3236; x_wconf 87' lang='lat'>93</span> <span class='ocrx_word' id='word_1_252' title='bbox 958 3183 988 3237; x_wconf 90' lang='lat' dir='ltr'>et</span> <span class='ocrx_word' id='word_1_253' title='bbox 1010 3180 1073 3258; x_wconf 81' lang='grc'>95.)</span> 
     </span>
    </p>

    <p class='ocr_par' dir='ltr' id='par_1_7' title="bbox 99 3255 1072 3606">
     <span class='ocr_line' id='line_1_35' title="bbox 139 3255 1072 3344; baseline 0.012 -26"><span class='ocrx_word' id='word_1_254' title='bbox 139 3255 1072 3344; x_wconf 70' lang='lat' dir='ltr'>llll.lldinducendamverdconsueludincmpercenserrsum</span> 
     </span>
     <span class='ocr_line' id='line_1_36' title="bbox 99 3343 1072 3430; baseline 0.011 -24"><span class='ocrx_word' id='word_1_255' title='bbox 99 3343 225 3426; x_wconf 62' lang='lat' dir='ltr'>legalem</span> <span class='ocrx_word' id='word_1_256' title='bbox 238 3361 292 3408; x_wconf 88' lang='lat' dir='ltr'>seu</span> <span class='ocrx_word' id='word_1_257' title='bbox 303 3349 629 3430; x_wconf 85' lang='lat' dir='ltr'>perprescriptinnem,</span> <span class='ocrx_word' id='word_1_258' title='bbox 641 3349 795 3430; x_wconf 79' lang='lat' dir='ltr'>relegitur</span> <span class='ocrx_word' id='word_1_259' title='bbox 807 3350 1072 3417; x_wconf 88' lang='lat' dir='ltr'>deconsuetudine</span> 
     </span>
     <span class='ocr_line' id='line_1_37' title="bbox 99 3431 1070 3522; baseline 0.006 -26"><span class='ocrx_word' id='word_1_260' title='bbox 99 3431 278 3516; x_wconf 79' lang='lat' dir='ltr'>preterjua,</span> <span class='ocrx_word' id='word_1_261' title='bbox 292 3433 339 3496; x_wconf 83' lang='lat' dir='ltr'>vel</span> <span class='ocrx_word' id='word_1_262' title='bbox 351 3434 390 3497; x_wconf 89' lang='lat' dir='ltr'>de</span> <span class='ocrx_word' id='word_1_263' title='bbox 402 3435 620 3499; x_wconf 87' lang='lat' dir='ltr'>consuetudine</span> <span class='ocrx_word' id='word_1_264' title='bbox 632 3439 796 3518; x_wconf 78' lang='lat' dir='ltr'>contrajac</span> <span class='ocrx_word' id='word_1_265' title='bbox 808 3457 819 3498; x_wconf 93' lang='grc'>.·</span> <span class='ocrx_word' id='word_1_266' title='bbox 829 3439 861 3500; x_wconf 95' lang='lat' dir='ltr'>in</span> <span class='ocrx_word' id='word_1_267' title='bbox 875 3442 973 3522; x_wconf 88' lang='lat' dir='ltr'>primo</span> <span class='ocrx_word' id='word_1_268' title='bbox 987 3460 1070 3517; x_wconf 88' lang='lat' dir='ltr'>casu,</span> 
     </span>
     <span class='ocr_line' id='line_1_38' title="bbox 100 3519 1069 3606; baseline 0.006 -24"><span class='ocrx_word' id='word_1_269' title='bbox 100 3521 210 3585; x_wconf 86' lang='lat' dir='ltr'>sufficit</span> <span class='ocrx_word' id='word_1_270' title='bbox 222 3519 419 3585; x_wconf 87' lang='lat' dir='ltr'>decennium.</span> <span class='ocrx_word' id='word_1_271' title='bbox 434 3526 477 3586; x_wconf 86' lang='lat' dir='ltr'>lta</span> <span class='ocrx_word' id='word_1_272' title='bbox 493 3525 695 3588; x_wconf 78' lang='lat' dir='ltr'>communiter</span> <span class='ocrx_word' id='word_1_273' title='bbox 712 3530 815 3588; x_wconf 86' lang='lat' dir='ltr'>contla</span> <span class='ocrx_word' id='word_1_274' title='bbox 843 3529 1006 3592; x_wconf 89' lang='lat' dir='ltr'>nonnullos</span> <span class='ocrx_word' id='word_1_275' title='bbox 1019 3529 1069 3606; x_wconf 93' lang='lat' dir='ltr'>qui</span> 
     </span>
    </p>
   </div>
   <div class='ocr_carea' id='block_1_3' title="bbox 99 3603 1070 3775">
    <p class='ocr_par' dir='ltr' id='par_1_8' title="bbox 99 3603 1070 3775">
     <span class='ocr_line' id='line_1_39' title="bbox 99 3603 1070 3775; baseline 0.002 -107"><span class='ocrx_word' id='word_1_276' title='bbox 99 3605 206 3672; x_wconf 69' lang='lat' dir='ltr'>«lbani</span> <span class='ocrx_word' id='word_1_277' title='bbox 219 3603 446 3674; x_wconf 78' lang='lat' dir='ltr'>ditatamitstam</span> <span class='ocrx_word' id='word_1_278' title='bbox 456 3607 599 3694; x_wconf 76' lang='lat' dir='ltr'>temporit</span> <span class='ocrx_word' id='word_1_279' title='bbox 608 3609 738 3692; x_wconf 83' lang='lat' dir='ltr'>reiinqoi</span> <span class='ocrx_word' id='word_1_280' title='bbox 749 3609 863 3690; x_wconf 78' lang='lat' dir='ltr'>judicia</span> <span class='ocrx_word' id='word_1_281' title='bbox 875 3613 1070 3775; x_wconf 54' lang='grc' dir='ltr'>ριρέριιαιιιι</span> 
     </span>
    </p>
   </div>
   <div class='ocr_carea' id='block_1_4' title="bbox 0 0 1298 3988">
    <p class='ocr_par' dir='ltr' id='par_1_9' title="bbox 0 0 1298 3988">
     <span class='ocr_line' id='line_1_40' title="bbox 0 0 1298 3988; baseline 0 0"><span class='ocrx_word' id='word_1_282' title='bbox 0 0 1298 3988; x_wconf 95' lang='lat' dir='ltr'> </span> 
     </span>
    </p>
   </div>
  </div>
 </body>
</html>
