2496 3992
323 207 353 218 '''
447 237 528 284 crura
550 239 669 286 rannus.
978 224 1034 286 ’tll

79 362 130 481 pico
140 361 261 446 prohibiti
274 375 323 412 uon
343 361 489 421 habeantur,
505 359 583 410 donee
600 361 702 425 speciali
717 363 816 412 decreto
828 361 957 428 proscripti
970 363 1035 414 haud

93 445 185 485 nerrnt.

110 587 191 635 cunrr
204 584 234 636 li.
249 609 279 621 -
294 583 328 636 De
349 582 504 635 editionibus
524 583 608 631 tectus
632 581 766 644 oripiuulis
779 585 805 635 ei
819 583 962 634 versionum
986 599 1036 636 nun

351 665 495 728 autpertum
510 662 594 714 Sacros
614 659 761 724 scalptura.

111 814 133 862 5.
154 811 280 860 Editioncs
298 813 379 858 testas
395 807 525 868 originalis
547 811 572 856 et
596 805 754 868 antiquarum
779 807 919 856 versionum
934 809 1035 858 calholi-

78 896 162 932 oarum
173 885 252 932 Sacrae
262 883 404 946 Scripturas,
413 880 486 929 etiam
499 879 614 928 Eccleaim
630 879 768 936 Orientalis,
788 881 819 928 ab
830 880 973 928 acatholicis
981 883 1034 942 qui·

79 957 125 1004 hus
137 967 241 1016 contrua
266 955 406 1014 publicatae.
420 952 466 1000 etsi
479 949 585 999 lideiiter
610 954 635 998 ot
649 949 745 1013 integre
760 951 831 998 costra
846 958 989 1012 appareant,
1006 953 1035 1001 iis

78 1027 218 1082 dumtaxat,
231 1024 273 1086 qui
283 1025 369 1072 studiis
383 1023 530 1086 theologicis
546 1022 583 1070 voi
595 1021 693 1071 hihliois
707 1023 765 1070 dant
780 1036 888 1081 optaram,
903 1024 1036 1081 dummodo

79 1103 161 1146 tamen
175 1109 223 1144 non
233 1095 408 1156 impugnentur
418 1093 442 1140 in
456 1092 635 1156 prolegomenis
649 1093 901 1142 auteduotatiunihus
910 1095 990 1144 cathol
1002 1111 1035 1144 cm

79 1167 139 1216 hlei
154 1169 280 1229 depurata,
293 1164 476 1228 permittuntur.

111 1238 133 1286 6.
149 1237 240 1285 Eadem
256 1237 360 1295 ratione,
379 1239 403 1283 et
419 1234 465 1283 suh
480 1233 570 1282 iisdem
583 1234 773 1294 conditionibus,
792 1234 966 1298 permittuntur
981 1236 1035 1285 alim

79 1309 204 1357 versiones
227 1309 355 1356 Sacrorum
371 1307 506 1355 bibliorum
523 1305 573 1354 sive
585 1305 672 1367 latina,
688 1306 739 1356 siva
756 1307 804 1354 aliu
817 1307 904 1370 lingua
919 1321 966 1356 nou
983 1313 1035 1356 vir:-

79 1381 133 1444 pori
142 1380 173 1428 ab
185 1378 331 1428 acatholicis
344 1377 424 1427 editae.

151 1546 229 1594 Garun
240 1545 286 1596 ltl.
299 1571 329 1582 -
339 1546 374 1595 De
390 1543 547 1594 versionibus
560 1542 703 1594 vernaculis
720 1543 805 1596 Sacrae
816 1545 960 1608 Scripturas.

111 1690 134 1739 l.
151 1693 210 1741 Cum
223 1689 392 1751 experimento
409 1685 567 1735 manifestum
583 1686 625 1749 sit,
636 1686 656 1734 si
670 1685 742 1736 Sacra
757 1686 831 1735 untia
843 1688 936 1750 vulgari
950 1687 1036 1752 lingua

80 1763 169 1828 passim
187 1762 240 1811 sine
256 1757 398 1809 discrimino
410 1758 595 1821 permittantur,
616 1758 671 1821 plue
683 1757 749 1816 inde,
771 1760 802 1806 oh
814 1758 941 1808 homiuum
960 1767 1035 1809 terne.

79 1837 181 1889 ritatem,
193 1833 345 1891 detrimenti,
359 1843 432 1892 quam
446 1829 561 1880 utilitatis
575 1829 648 1892 oriri;
667 1829 795 1878 versiones
809 1844 895 1879 omnes
911 1831 936 1879 in
951 1832 1036 1895 liugas

80 1905 216 1964 vernacula,
233 1903 333 1952 etinma
358 1903 419 1951 viris
443 1901 571 1951 catholicis
596 1901 722 1958 contectae,
740 1901 840 1949 omniuo
863 1903 1034 1963 prohihentur,

79 1977 127 2025 nisi
144 1975 235 2024 inerint
252 1977 283 2024 ab
296 1975 436 2036 Apostolicu
451 1973 512 2022 Sede
528 1973 732 2034 approbassent
747 1973 822 2022 editae
844 1975 890 2022 suh
909 1974 1034 2036 vigilantia

79 2048 253 2109 Episcoporam
277 2059 332 2092 cum
365 2043 563 2092 adnotationibus
588 2043 725 2103 desumptis
751 2056 782 2090 ex
806 2045 895 2092 sanctis
919 2046 1034 2094 Ecclesiae

79 2118 197 2174 Patribus,
214 2120 289 2177 atque
301 2128 331 2164 ex
343 2114 421 2162 doctis
433 2113 610 2174 catholicisque
624 2111 801 2173 scriptoribus.

109 2185 334 2238 statunculam
359 2183 486 2234 versiones
507 2197 593 2233 omnes
619 2185 751 2233 Sacrorum
781 2183 928 2246 Bibliorum,
948 2189 1034 2248 quasis

80 2259 172 2322 vulgari
196 2258 282 2322 lingua
303 2259 334 2306 ab
348 2255 494 2306 acatholicis
521 2255 720 2317 quibuscamque
742 2255 869 2316 coniecta,
891 2265 965 2317 atque
984 2261 1034 2310 iltae

78 2329 223 2392 pracsertim,
237 2343 291 2390 quse
305 2341 347 2390 per
361 2327 497 2378 societates
514 2326 630 2385 biblicus,
644 2340 659 2374 a
671 2325 787 2374 Romanis
810 2327 969 2376 restinctum
985 2343 1033 2380 non

78 2401 153 2450 seinai
162 2399 296 2458 damnatas,
309 2397 478 2460 divulgantur,
488 2411 544 2446 oona
558 2399 583 2446 io
597 2397 626 2445 iis
648 2397 818 2446 saluberrima
835 2397 948 2448 Ecclesiae
967 2401 1034 2462 leges

78 2473 107 2520 tic
122 2470 214 2520 divinis
226 2469 296 2518 lihris
309 2469 413 2519 edendis
427 2469 538 2518 funditus
547 2469 759 2531 posthabeamus.

109 2544 153 2592 iim
171 2541 334 2590 nihilominus
348 2540 471 2590 versiones
486 2539 527 2600 iis,
543 2541 584 2602 qui
599 2540 684 2589 studiis
700 2537 846 2602 theologicis
869 2541 908 2588 vei
933 2541 1033 2591 biblicis

78 2615 136 2664 daut
151 2627 263 2678 operam,
277 2611 469 2676 permittuntur:
485 2610 516 2661 iis
528 2612 639 2672 servatis,
668 2624 724 2673 qllae
751 2611 873 2673 soprato.
899 2612 923 2676 5)
945 2619 1034 2666 statuta

78 2690 143 2736 sunt.

322 2810 404 2859 curm
417 2808 458 2860 lt.
477 2834 508 2844 -
523 2808 557 2857 De
572 2807 644 2856 tibris
662 2807 783 2858 obscenis.

107 2939 129 2988 a.
145 2936 220 2996 Libri,
238 2936 281 2997 qui
296 2949 338 2986 roe
356 2933 461 2983 lascivas
477 2947 519 2982 sea
537 2934 656 2981 obscenas
670 2947 700 2980 ox
720 2931 831 2994 professo
846 2935 961 2992 tractant,
977 2948 1033 2983 nar·

77 3015 139 3066 rent,
152 3014 194 3057 aut
206 3009 303 3068 docent,
317 3019 373 3056 cunr
385 3019 433 3055 nou
449 3005 530 3053 solum
547 3005 615 3063 tidei,
631 3004 673 3052 sed
695 3007 720 3051 et
744 3017 849 3064 morum,
875 3005 917 3066 qui
943 3005 1032 3067 hujus·

78 3079 140 3130 modi
158 3079 279 3128 librorum
294 3077 405 3126 lectione
422 3075 495 3126 iaciie
518 3075 645 3138 corrumpi
658 3074 749 3134 solunt,
774 3075 834 3124 ratio
859 3077 972 3126 habenda
989 3077 1030 3140 sit,

77 3150 175 3200 omuino
190 3149 364 3213 prohihentur.

107 3224 145 3274 lo.
158 3221 224 3272 hihri
239 3225 375 3281 auctorum,
389 3219 441 3269 sire
454 3218 621 3282 antiquorum,
636 3217 687 3268 sive
697 3218 873 3281 recentiorum,
887 3233 947 3282 quos
967 3221 1031 3270 clas·

77 3294 138 3343 eicos
155 3297 251 3352 vocant,
264 3292 286 3342 si
300 3293 346 3341 hac
360 3291 413 3356 ipsa
428 3291 590 3353 turpitudinis
605 3291 663 3340 labe
677 3289 760 3340 intecti
781 3293 847 3350 sunt,
863 3293 961 3352 propter
975 3305 1030 3342 ser·

77 3364 156 3413 uronis
174 3363 324 3426 elegantiam
338 3367 362 3411 et
386 3362 571 3426 proprietatem,
599 3362 630 3411 iis
656 3365 754 3411 tanturn
769 3361 945 3425 permittuntur
969 3377 1030 3424 quos

77 3432 151 3482 uticii
162 3438 204 3482 aut
220 3433 358 3496 magisterli
371 3431 432 3480 ratio
458 3436 576 3481 excusat:
592 3432 661 3482 nnita
676 3436 759 3481 tameo
785 3431 880 3479 ratione
895 3432 977 3492 pueris
991 3435 1029 3481 vel

77 3505 283 3565 adolescentibus,
297 3504 344 3555 nisi
357 3503 445 3554 solerii
460 3515 517 3552 eura
540 3503 678 3568 expurgati,
692 3503 805 3554 tradendi
823 3507 865 3551 out
879 3503 1029 3566 praeiepeudi

77 3580 157 3626 erunt.
1012 3605 1013 3608 =
