2578 4008
482 299 568 346 crasa
588 281 706 356 finiam,
1055 281 1115 343 ata

140 408 157 450 ι
180 387 247 471 ipso
268 387 385 453 Christo
403 391 435 453 in
459 389 550 454 Beato
565 393 652 454 Petro
671 393 823 457 institutus
836 415 875 472 ς»
893 400 923 456 et
944 412 962 458 a
983 393 1115 457 Concilio

139 479 361 546 Constantiensi
380 498 509 561 sequens
524 481 652 544 Wioteffi
677 483 863 564 propositio:
884 486 984 545 «Non
1011 491 1055 544 est
1077 482 1115 545 de

138 571 356 631 »necessitate
387 569 491 632 salutis
518 569 640 633 credere
662 573 830 634 Romanam
857 571 1022 636 Ecclesiam
1050 589 1115 635 osse

139 678 155 717 n
180 659 361 740 Supremam
375 659 454 720 inter
467 659 539 720 aiias
552 659 710 722 Ecclesiae.
726 682 742 721 r>
756 662 836 744 Ergo
849 663 975 726 omnino
989 661 1113 724 creden-

9 779 12 808 ·
52 783 54 787 .
138 746 215 808 dum
228 755 273 808 est
286 749 458 810 Romanum
485 749 662 812 Pontificem
678 751 748 813 vere
771 751 952 814 successisse
971 751 1061 813 Petro
1082 752 1112 814 in

138 837 305 898 Primatum
318 836 534 916 jurisdictionis
548 857 638 920 super
652 844 744 902 totam
755 841 932 903 Ecclesiam.

178 927 222 986 Ex
235 925 281 986 his
295 926 430 1008 sequitur
443 927 579 1008 regimen
593 929 733 992 Ecclesiae
754 947 819 992 esse
832 928 1065 1006 manumissum,
1082 929 1112 991 id

138 1021 183 1078 cst
195 1013 255 1076 tate
268 1015 349 1096 quod
365 1035 444 1078 unus
462 1015 492 1077 in
516 1019 551 1077 ea
567 1035 741 1098 supremam
764 1018 874 1082 habeat
886 1017 1110 1094 auctoritatem3

138 1111 168 1166 et
181 1103 238 1166 hoc
252 1103 289 1166 de
305 1099 363 1167 fide
377 1112 422 1168 est
439 1105 628 1181 habendum,
643 1109 727 1186 juxta
747 1108 906 1190 ipsammet
930 1107 1111 1170 Facultatem

137 1193 357 1268 Parisiensem‚
386 1215 456 1276 quae
481 1206 657 1276 sequentem
674 1198 766 1259 Marci
789 1197 910 1259 Antonii
924 1197 962 1258 de
976 1197 1111 1259 Dominis

138 1283 376 1366 propositionem
386 1284 557 1346 damnavit:
578 1307 593 1344 a
606 1286 787 1348 Monarchiae
800 1285 929 1349 formam
944 1305 1005 1348 non
1020 1286 1110 1347 tuisse

136 1393 153 1431 a
177 1373 350 1436 immediate
365 1373 513 1436 aChristo
531 1375 719 1436 institutam:
741 1375 801 1436 dee
816 1375 994 1457 propositio,
1014 1375 1111 1455 inquit

136 1483 153 1522 r
176 1463 333 1536 Facultas,
348 1471 391 1526 est
404 1463 541 1526 heretico
554 1511 561 1540 ‚
576 1463 777 1534 schismatico,
799 1463 912 1525 ordinis
932 1462 1111 1524 lrr'ercrclzici

136 1572 152 1612 o
177 1560 207 1613 et
214 1553 299 1634 pacis
309 1551 455 1616 Ecclesia
463 1550 639 1614 subversioo.
658 1574 673 1611 a
687 1553 762 1615 Vide
776 1552 957 1635 Exposition
970 1551 1018 1614 des
1025 1551 1110 1634 prr'rr·

135 1641 264 1724 saperda
277 1635 478 1720 droitr'onon‚
498 1660 552 1724 par
568 1642 596 1705 le
614 1641 752 1704 Cardinal
775 1643 920 1720 Gousset,
936 1661 967 1725 p.
983 1646 1032 1704 65.

176 1737 245 1794 676.
269 1732 406 1795 Diximus
428 1731 463 1793 de
483 1730 542 1814 fide
560 1751 617 1794 esse
640 1731 792 1794 Summum
817 1729 985 1814 Pontificem
1006 1731 1110 1796 trabem

135 1821 202 1903 jure
211 1821 310 1884 diuino
320 1821 488 1884 Primatum
497 1820 719 1902 jurisdictionis
733 1821 765 1882 in
781 1829 871 1883 totam
885 1821 917 1883 Ε
917 1821 1060 1883 eclesiam.

175 1911 271 1991 Objioi
290 1918 388 1994 potest
405 1911 488 1994 quod
503 1909 556 1973 etsi
579 1911 644 1973 haeo
658 1911 822 1993 propositio
835 1916 870 1974 ut
889 1911 1053 1974 certissima
1071 1913 1111 1974 sit

134 1999 284 2073 habenda,
300 2007 422 2082 propter
436 2007 615 2080 argumenta
628 2018 720 2081 supra
733 2000 856 2062 attataet
869 1999 964 2060 multa
974 1999 1030 2061 alia
1040 2020 1109 2082 quae

134 2089 244 2152 adduci
272 2089 304 2151 in
331 2089 540 2172 probationem
567 2089 754 2171 potuissent,
778 2097 909 2151 attamen
923 2087 1024 2150 haberi
1047 2109 1108 2153 non

134 2178 242 2242 debeat
255 2185 399 2260 tanquam
410 2178 447 2239 de
463 2177 542 2240 tide:
559 2179 596 2240 ad
610 2178 668 2240 hoo
682 2178 764 2241 enim
778 2177 981 2259 requireretur
995 2179 1077 2259 quod
1091 2182 1107 2241 ia

135 2269 199 2330 Deo
212 2287 266 2331 seu
282 2268 398 2330 Christo
411 2267 607 2330 constitutum
621 2267 724 2329 suisset
745 2269 917 2329 Romanum
931 2266 1107 2330 Pontificem

133 2356 245 2419 debere
259 2375 323 2420 esse
347 2358 426 2418 Petri
447 2375 671 2419 successorem:
688 2357 777 2439 porro
795 2355 886 2418 hoca
908 2353 1024 2417 Christo
1047 2375 1107 2419 non

133 2445 448 2520 iuitdeterminatum,
463 2447 515 2509 sed
535 2447 635 2508 sotum
648 2449 665 2509 6
679 2449 767 2508 Petro
781 2445 853 2528 qui,
871 2443 895 2507 si
909 2463 1030 2526 semper
1046 2448 1106 2508 rtn-

134 2535 251 2599 tiochiae
271 2535 408 2610 sedisset,
433 2537 601 2620 Episcopus
627 2535 829 2598 antiochenus
851 2535 892 2597 ilii
919 2534 1051 2618 legitime
1076 2536 1106 2598 in

134 2625 317 2706 Supremum
327 2623 538 2712 Pontificatum
553 2625 754 2688 successisset.
770 2627 867 2707 Ergo,
883 2629 941 2687 etc.

174 2713 251 2776 Huic
265 2714 424 2794 obiectioni
443 2715 603 2796 dupliciter
627 2715 788 2796 respondet
810 2713 954 2778 Melchior
967 2715 1048 2776 Cano
1062 2715 1107 2794 (de

132 2804 189 2867 ior.
208 2802 345 2884 theotop„
363 2803 415 2866 tib.
432 2808 466 2884 6,
481 2823 547 2886 cap.
564 2807 613 2884 8i²
629 2809 659 2867 t·
673 2804 788 2886 inquit,
804 2803 863 2866 dici
881 2809 979 2886 potest
996 2805 1106 2867 Roma-

132 2911 209 2956 num
238 2892 414 2956 Pontificem
440 2913 478 2956 ea·
506 2893 608 2956 divinit
635 2893 823 2954 institutione
845 2893 936 2975 fuisse
964 2893 1053 2956 Petri
1076 2893 1107 2956 in

131 2982 278 3050 Ecclesia
292 2983 380 3044 totr'us
392 2981 569 3064 pontificatu
578 3003 763 3045 successorem
773 3001 785 3045 .·
799 2981 856 3045 hoo
869 2989 1032 3046 constater
1046 2989 1105 3046 tra·

5 3085 15 3104 ’
132 3071 264 3134 ditione:
286 3073 414 3152 «Hujus
436 3072 479 3134 rei
500 3071 573 3134 iliud
594 3078 640 3136 est
659 3071 780 3135 evidens
797 3079 1010 3154 argumentum
1024 3073 1106 3154 quod

128 3180 148 3222 c
172 3180 233 3224 non
241 3167 310 3223 ante
319 3161 450 3224 Phocam
462 3161 554 3224 modo
568 3169 598 3224 et
610 3163 889 3224 Constantinum...
902 3163 1106 3226 verumetiam

130 3273 147 3311 r>
172 3259 240 3313 ante
255 3269 479 3333 quemcumque
499 3258 566 3334 post
579 3253 729 3314 Neronem
751 3255 1017 3334 Imperatorem...
1038 3258 1106 3315 ante

130 3361 146 3401 n
171 3359 381 3422 quoscumque
396 3349 463 3423 post
475 3342 597 3404 Petrum
613 3341 772 3404 Pontitices
781 3341 945 3413 maximos,
961 3357 1106 3421 sempera

130 3450 146 3490 a
170 3431 241 3492 viris
255 3430 481 3504 ecclesiasticis,
498 3432 652 3494 Romanus
670 3431 837 3513 Episcopus
858 3430 936 3492 Petri
952 3447 1106 3492 successor

129 3539 146 3580 o
170 3527 215 3582 cst
228 3521 359 3600 agnitus.
370 3542 383 3578 u
397 3519 587 3583 Citatdeinde
598 3523 700 3604 plures
711 3521 800 3600 hujus
809 3517 1073 3598 traditionistostes
1083 3521 1104 3594 ¹,

161 3653 169 3680 ¹
188 3649 298 3700 Sufficiat
312 3651 351 3701 hic
364 3649 454 3702 referre
467 3649 492 3702 S.
502 3651 637 3702 innocentii
648 3651 657 3701 l
670 3657 695 3702 et
707 3649 796 3702 Getasii
807 3647 963 3700 testimonia:
978 3645 1070 3712 primus
1081 3647 1103 3696 in

130 3723 175 3772 rut
194 3721 296 3784 epistott
316 3723 345 3772 ad
366 3721 613 3787 ConcitEarttragen.
629 3729 653 3772 et
669 3721 834 3770 tiitevitanunr
852 3719 887 3768 sio
902 3719 935 3766 ait
950 3733 976 3766 :a
991 3715 1100 3782 torpor
