2570 4006
491 232 576 279 trane
597 235 715 282 rnrnus.
1033 227 1093 290 tls

118 333 192 398 alios
205 334 268 397 nb.
283 331 419 396 dicentes
431 331 582 406 lndicem,
598 333 629 394 in
643 334 732 397 certis
745 335 833 414 locis,
850 357 912 403 non
926 358 992 404 ease
1006 343 1091 424 praxi

105 429 290 506 receptum,
307 421 504 485 tolerantibus
514 422 567 484 SS.
583 421 795 502 Pontificibus3
807 433 837 489 et
850 446 957 492 eorum
972 437 1092 493 senten·

114 513 189 576 tiam
204 511 314 574 talibus
326 510 462 574 terminis
475 527 658 582 expressam.
675 512 933 580 tolerandamesse
947 518 1093 582 confiten-

115 607 176 664 tur.
189 600 330 674 Quamvis
339 606 439 663 autem
449 599 642 664 Reiffenstuel
650 601 822 680 hujusmodi
830 604 980 682 doctores,
990 609 1091 689 quoad

116 690 323 762 Germaniam,
338 687 510 771 impugnet,
523 707 585 752 non
595 689 686 753 audet
696 697 798 754 nmen
809 693 944 757 absolute
959 714 1092 777 pronunn

50 779 52 783 ’
115 779 192 842 tiara
215 777 294 842 cirea
316 777 478 842 lectionem
504 783 664 842 auctomm
697 781 938 860 catholicorum,
961 803 1092 866 qnorum

116 863 185 930 libri
200 867 335 950 catalogo
348 865 458 928 Indicis
479 870 550 928 sunt
563 867 685 945 inserti,
706 869 758 932 sed
777 877 874 934 totum
894 870 933 934 de
946 872 1005 935 hoe
1015 873 1092 953 judi-

117 957 199 1020 cium
214 956 252 1019 ad
266 957 318 1018 SS.
342 955 612 1037 congregationem
630 958 778 1020 remittit:
800 958 928 1024 libenter
950 961 1040 1024 etiam
1062 970 1091 1026 ot

117 1064 175 1108 nos
197 1045 295 1110 eidem
318 1050 450 1108 nostram
471 1045 650 1109 sententiam
670 1047 896 1128 submittimus,
914 1055 979 1113 toto
1000 1051 1092 1114 corde

117 1134 211 1206 parati
226 1135 264 1196 ab
273 1137 308 1196 ed
318 1133 415 1195 statim
425 1131 578 1196 discedere
586 1133 610 1194 si
624 1133 729 1197 falsam
737 1136 894 1216 judiearet.
904 1140 941 1200 V.
953 1141 1089 1204 Proelect.

125 1227 160 1292 S.
175 1227 305 1310 Salpia,
316 1230 444 1298 n·92,et
457 1227 644 1310 imprimisC.
662 1227 764 1308 Aperi.
781 1225 874 1288 Sedu.
890 1227 993 1308 (1636.
1021 1225 1094 1308 etc.)

167 1317 396 1400 Notablequdd
412 1319 448 1380 li.
468 1317 560 1380 licuit
577 1314 889 1397 (decertationem,
903 1337 932 1396 p.
944 1317 1094 1395 dlllseu-

124 1407 179 1472 tint
191 1425 253 1469 non
259 1407 392 1486 obligare
401 1405 482 1486 apud
495 1424 549 1468 nos
565 1407 662 1487 legem
670 1405 848 1486 subiiciendi
862 1423 998 1468 censurae
1004 1405 1092 1487 llpis·

125 1515 275 1579 coporum
290 1495 383 1557 diaria
399 1494 454 1576 (les
461 1494 642 1576 jeamena).

164 1589 234 1649 765.
259 1587 361 1648 Plures
386 1588 478 1646 nostri
494 1586 584 1647 ctiam
606 1583 795 1648 contendunt
808 1584 890 1666 qudd
911 1601 1047 1647 censurae
1074 1586 1091 1648 d

125 1675 367 1756 congregatione
383 1672 494 1736 lndicis
512 1673 581 1736 latae
594 1691 657 1736 non
673 1675 865 1738 incurrantur
883 1675 915 1736 in
936 1673 1044 1736 Gallia.
1061 1677 1096 1740 Et

124 1763 262 1848 quidem,
277 1763 301 1824 si
315 1763 417 1827 dicere
431 1763 539 1827 volunt
553 1763 617 1826 illas
631 1782 774 1828 censuras
795 1781 856 1827 non
881 1781 968 1845 posse
983 1763 1094 1826 incurri

88 1874 92 1882 ·
124 1856 157 1916 in
181 1853 277 1918 Gallit
297 1859 417 1934 propter
438 1862 553 1915 nostras
577 1862 740 1934 praetensis
762 1853 928 1930 libertates,
952 1852 1028 1916 illud
1052 1863 1096 1919 est

123 1943 206 2008 certe
219 1960 393 2017 erroneum,
408 1943 481 2006 cbm
498 1943 604 2007 nullibi
621 1962 673 2024 per
692 1944 812 2025 quasvis
833 1943 985 2005 libertates
1003 1941 1096 2024 possit

124 2033 210 2116 ligari
224 2049 365 2114 suprema
378 2031 465 2096 Sedis
480 2033 660 2113 Apostolicae
673 2039 815 2115 potestas.
829 2032 887 2095 Sed
899 2033 923 2094 si
939 2031 1095 2094 intendant

123 2123 270 2188 duntaxat
294 2119 443 2188 affirmare
465 2121 532 2185 illas
554 2139 697 2185 censuras
717 2121 755 2184 de
771 2122 867 2191 laeto,
888 2121 1034 2184 tolerante
1060 2123 1092 2184 S.

124 2213 218 2290 Sede,
244 2213 276 2276 in
297 2211 391 2274 Gallid
409 2228 471 2274 non
491 2211 625 2285 incurri,
649 2231 688 2274 an
711 2210 779 2273 talis
794 2210 898 2291 opinio
915 2213 953 2272 sit
966 2211 1095 2273 omnino

124 2303 306 2380 damnanda,
321 2301 492 2384 usquedum
503 2301 542 2364 de
553 2305 589 2364 et
604 2303 682 2382 Papa
698 2299 946 2382 pronuntiaverit,
963 2317 1024 2360 non
1038 2317 1094 2362 au-

123 2393 267 2458 deremus
280 2393 392 2456 dicare.
405 2391 464 2455 Sed
479 2391 568 2454 bodie
582 2391 663 2472 apud
678 2408 734 2452 nos
748 2389 825 2451 sicut
838 2387 920 2469 apud
935 2397 1095 2450 extraneos

124 2483 334 2558 incurrantur,
354 2481 439 2560 Juxta
453 2479 552 2542 sotum
566 2486 668 2541 tamen
691 2485 830 2542 tenorem
852 2477 886 2540 u.
913 2477 1093 2560 Apostolicoe

124 2571 220 2636 Secta.
235 2603 273 2619 -
288 2566 342 2647 (V.
360 2568 462 2644 1636).

169 2660 320 2725 lilemores
338 2655 398 2720 sint
416 2661 519 2719 tamen
538 2653 706 2718 sacerdotes
724 2655 856 2720 maxime
867 2655 975 2722 decere
989 2667 1023 2722 ut
1034 2666 1099 2723 cte-

130 2743 1100 2831 riciomncsexemplumpraebeantomnimodaeobediantircerga

130 2839 213 2920 leges
225 2835 396 2900 canonicas.

170 2929 239 2989 766.
249 2927 375 3006 insuper
385 2922 578 2984 meminerint
590 2919 683 3004 quod,
691 2919 775 3002 juxta
785 2921 865 3003 ipsos
874 2930 992 2986 nostros
1000 2930 1102 2994 auctos

7 3075 9 3098 ,
58 3071 62 3078 .
129 3033 179 3078 res
193 3017 245 3097 qui
260 3014 350 3076 etiam
365 3017 481 3073 nostras
493 3016 657 3093 pratenses
670 3009 821 3072 libertates
834 3019 970 3089 tuentur,
981 3019 1100 3097 recepta

129 3103 257 3167 fueritin
266 3101 359 3163 Gallis
368 3098 689 3180 BullaLeonisll,qutl,
698 3097 755 3161 sub
765 3103 1097 3180 poentexcommunica·

129 3191 221 3256 tionis
234 3191 299 3252 latae
319 3189 493 3263 sententie,
509 3187 634 3270 singulis
654 3185 794 3250 fidelibus
807 3189 979 3271 prohibetur
999 3191 1099 3274 legere

7 3335 8 3348 2
129 3288 182 3345 aut
195 3279 368 3362 imprimere
381 3275 492 3359 scripta
505 3293 707 3359 quecumque
716 3275 837 3340 lutheri
849 3280 881 3341 in
894 3281 1004 3362 quibus
1016 3282 1096 3346 dam·

129 3369 192 3433 nati
205 3369 271 3447 ejus
284 3383 402 3430 errores
410 3363 614 3428 continentur.

168 3459 244 3521 ltem
257 3455 338 3538 apud
356 3471 413 3517 nos
432 3459 552 3536 recepta
568 3451 625 3517 luit
644 3453 730 3518 Bulla
747 3455 800 3520 Ad
809 3457 949 3520 Sanctam
968 3459 1095 3523 Alexan-

129 3546 177 3610 dri
185 3547 249 3622 Vll,
260 3548 321 3629 qut
333 3543 495 3606 damnatur
507 3549 537 3606 et
546 3542 720 3625 prohibetur
733 3545 808 3609 liber
818 3547 963 3624 lansenii,
973 3548 1022 3610 cui
1031 3550 1094 3613 titu-

131 3635 180 3700 lus
193 3633 385 3716 Aupustinaa,
396 3649 466 3694 cum
475 3631 617 3694 omnibus
629 3632 694 3693 aliis
705 3639 768 3695 tarn
778 3635 987 3715 manuscriptis
1004 3641 1094 3716 quam
