2546 3992
505 285 591 334 curn
610 285 730 334 rnrnoc.
1049 267 1104 330 stt

135 379 206 443 item
214 379 245 443 in
257 380 293 444 iis
303 379 387 462 quasi
398 380 430 443 in
438 387 543 444 senatu
553 379 794 460 dijudicabantur
803 379 981 445 elericorum
992 399 1090 446 cause
1096 401 1105 459 ;

134 468 351 532 dirimebantur
365 470 441 546 lites;
457 469 537 533 etad
552 470 581 532 id
592 469 803 552 eligebanturl
808 471 910 534 udices
924 471 1105 552 synodales,

133 576 169 620 ao
190 558 425 622 nominabantur
442 563 545 622 'reses
559 559 726 642 synodales
746 560 798 642 qui
813 559 972 622 Dioeeesim
991 558 1105 640 perlus-

133 654 264 725 trantes,
294 649 471 731 corrigenda
489 655 655 728 notarent3
682 650 854 732 pariterque
881 647 1107 710 Examinatores

133 737 298 817 synodales
312 739 330 800 a
350 738 461 821 quibus
477 746 692 804 concurrentes
704 737 743 800 ad
762 737 909 801 beneficia
925 736 1105 821 parochialia

133 833 217 888 erant
231 825 433 891 examinandi.

173 919 241 980 938.
256 921 301 980 Ex
315 917 490 1001 praescripto
503 915 628 982 Consilii
640 915 806 981 Tridentini
820 917 904 996 (sess.
920 919 976 994 24,
991 932 1057 997 cap.
1073 919 1104 994 2,

132 1003 166 1064 de
180 1005 327 1087 reform),
341 1013 483 1070 tenentur
497 1007 638 1090 Episcopi
655 1006 810 1090 quotannis
824 1005 981 1088 Synodum
994 1004 1105 1066 dioeoe-

132 1110 236 1156 sanam
259 1095 436 1173 celebrare,
458 1102 487 1157 et
507 1096 582 1158 siin
602 1095 677 1172 hoc,
695 1097 737 1158 ait
757 1097 788 1157 S.
811 1095 968 1177 Synodus,
995 1096 1105 1156 «Tam

132 1204 146 1238 n
171 1184 392 1266 Metropolitani
419 1187 512 1266 quam
539 1184 730 1266 Episcopi...
755 1185 943 1266 negligentes
968 1182 1102 1262 luerint,

131 1291 146 1328 a
171 1291 277 1353 poenas
295 1274 387 1334 sacris
405 1272 573 1336 canonibus
590 1273 719 1336 sancitas
738 1272 934 1334 incurrant.»
959 1274 1104 1344 Quaenam

131 1361 201 1422 verb
215 1362 275 1422 sint
288 1363 346 1424 illae
360 1379 458 1444 poenae
475 1361 587 1424 indicat
601 1360 714 1424 Bened.
734 1363 800 1424 xlv
819 1361 874 1440 (De
891 1359 988 1442 Syn,
1004 1361 1055 1422 lib.
1074 1365 1103 1438 l,

131 1466 195 1531 cap.
220 1453 252 1526 6,
267 1459 301 1512 n⁰
321 1455 363 1530 5),
379 1452 432 1533 qui
446 1453 551 1515 asserit
564 1469 616 1514 eos
633 1451 787 1513 «Poenam
807 1449 961 1512 incurrere
976 1467 1103 1532 suspen·

130 1559 146 1595 n
170 1539 263 1601 sionis
276 1540 314 1602 ab
327 1539 445 1616 officio,
465 1546 604 1604 statutam
624 1541 656 1603 in
670 1559 736 1623 cap.
753 1539 839 1602 sinn
862 1539 950 1615 olim,
965 1538 999 1600 de
1020 1559 1103 1600 oeen-

129 1647 145 1685 o
169 1627 331 1692 sationibus
344 1649 356 1692 .·
369 1630 503 1712 quisquis
515 1638 613 1692 aetem
633 1631 684 1692 doe
697 1629 829 1691 salutare
848 1637 992 1690 statutum
1007 1629 1104 1710 nepla-

129 1737 145 1774 r
170 1718 253 1780 :cerii
271 1717 453 1802 adimplere,
475 1719 555 1782 oroi
567 1719 734 1782 assentione
748 1717 845 1802 officii
857 1717 1049 1800 snspntdntar
1057 1739 1099 1788 :o

130 1803 201 1866 licet
223 1825 312 1888 poena
330 1807 525 1888 hujusmodi,
546 1815 580 1871 ut
600 1810 665 1891 ipsa
687 1807 801 1871 indicat
820 1825 876 1869 vox
893 1805 1100 1890 suspendatur,

132 1911 192 1956 non
207 1895 246 1957 sit
258 1897 324 1960 latae
333 1897 386 1960 sed
400 1896 532 1960 lerendae
542 1899 709 1960 sententiar.

168 1988 239 2048 939.
258 1986 303 2048 dd
317 1985 476 2070 Synodum
493 1985 713 2064 dioecesanam,
729 1985 827 2068 inquit
843 1985 947 2048 Devoti
960 1985 1011 2064 (de
1028 1991 1101 2052 Pro·

130 2073 232 2154 lepom.
244 2123 253 2148 ,
267 2093 334 2156 cap.
350 2080 369 2136 3
381 2075 418 2154 ,§
435 2076 511 2155 43):
532 2097 547 2134 u
562 2076 766 2156 Episcopus..
790 2080 877 2136 vocat
891 2073 1103 2156 Archipresby-

128 2185 143 2220 n
168 2171 266 2242 leros,
281 2163 515 2226 Archidiaconos
525 2169 555 2225 et
567 2172 707 2238 caeteros,
720 2163 771 2245 qui
782 2163 964 2244 Dignitatem
978 2162 1100 2242 habent,

129 2275 144 2313 o
170 2256 383 2330 personatum,
396 2251 553 2330 Officium3
568 2252 721 2315 bicarium
735 2252 912 2315 Generalem
927 2259 957 2313 et
968 2253 1102 2314 Vicarios

129 2365 144 2400 o
169 2342 324 2419 loraneos‚
341 2341 488 2425 parochos
511 2347 541 2403 et
563 2360 690 2412 omnes,
717 2340 839 2403 nemine
858 2347 983 2423 excepto
998 2345 1020 2416 ¹,
1048 2342 1100 2422 qui

129 2453 144 2490 n
168 2451 273 2494 curam
286 2431 397 2494 babent
409 2430 606 2494 animarum»
627 2433 704 2510 (non
723 2437 826 2492 tamen
840 2448 947 2491 omnes
961 2435 1101 2492 tenentur

129 2522 290 2600 accedere,
311 2521 365 2583 sed
387 2528 568 2584 excusantur
588 2521 630 2582 illi
658 2519 834 2602 omnesqui
854 2519 1010 2580 necessarii
1031 2526 1102 2582 sunt

129 2610 165 2672 ad
180 2610 417 2673 administranda
431 2608 560 2672 infirmis
580 2611 777 2688 sacramenta)
784 2629 793 2685 ;
813 2630 829 2668 o
848 2615 990 2690 praeterea
1014 2609 1101 2690 Capi-

128 2721 143 2758 r
168 2701 265 2762 tulum
279 2700 421 2762 Ecclesiae
436 2699 620 2762 cathedralis
633 2705 662 2762 et
677 2699 845 2761 Canonicos
855 2697 1099 2778 Collegiatarum,

128 2811 143 2848 a
171 2789 299 2851 dbbates
320 2789 480 2852 saeculares
503 2795 593 2869 atque
622 2787 711 2850 etiam
731 2787 884 2868 regulares
911 2787 961 2869 qui
979 2805 1102 2868 genera-

129 2899 143 2934 s
169 2877 247 2940 libus
269 2878 411 2960 Capitulis
435 2895 498 2938 non
525 2876 714 2952 subduntur,
740 2883 927 2958 cunctosque
948 2884 1101 2958 exemptos

128 2989 144 3026 a
169 2966 221 3049 qui
237 2967 391 3049 alioquin,
413 2966 530 3030 sublata
547 2967 752 3048 exemptione,
767 2966 805 3028 ad
826 2964 982 3046 Synodum
1001 2967 1101 3028 venire

128 3079 143 3114 o
168 3057 322 3119 deberent.
342 3077 359 3116 o
387 3055 461 3118 Vide
480 3056 573 3117 ctiam
592 3055 706 3128 Bouix,
730 3055 776 3118 lle
797 3055 952 3137 Episcopo,
972 3059 1046 3116 tom.
1065 3058 1098 3132 9,

130 3165 160 3226 p.
176 3143 246 3208 357.

167 3235 258 3298 Juxta
276 3239 428 3297 auctorem
445 3233 581 3298 Praeleet.
598 3233 633 3296 S.
649 3233 781 3316 Sulpitii
788 3282 797 3306 ,
810 3243 845 3296 ι]ο
861 3237 930 3310 960,
945 3233 981 3305 ll,
997 3231 1101 3314 dispu-

129 3329 207 3386 tatur
220 3342 259 3386 an
273 3323 415 3386 Ganomoi
430 3331 588 3386 teneantur
602 3325 725 3406 Synodo
739 3324 887 3386 assistere.

168 3416 238 3476 940.
262 3433 278 3473 a
296 3412 441 3475 Habenda
458 3419 530 3475 sunt
542 3411 608 3477 lraec
628 3413 780 3492 Consilia,
798 3413 896 3496 pergit
914 3409 1016 3473 Devoti
1034 3409 1098 3492 (ib,

160 3566 169 3593 ¹
184 3563 211 3614 ln
224 3562 334 3616 coneilio
346 3567 429 3614 tamen
440 3561 604 3614 avenionensi
618 3561 679 3613 lato
688 3561 732 3626 (tit,
747 3562 771 3624 a,
784 3576 838 3628 cap.
851 3561 876 3620 3,
893 3575 917 3626 p.
931 3558 980 3621 iil,
994 3557 1102 3610 dieitur:

132 3653 142 3684 ι
157 3633 281 3700 (Perennis
294 3631 442 3698 titularibus)
452 3632 556 3700 adjungi
568 3639 683 3700 poterunt
693 3633 784 3702 odeum
792 3629 892 3698 parochi
905 3645 934 3680 ex
944 3627 992 3678 illir
1000 3627 1042 3692 qni
1052 3629 1102 3692 gal·

2 3730 6 3953 p
133 3725 143 3751 ι
162 3705 208 3756 liri
221 3704 337 3756 dicuntur
348 3705 507 3759 detestatam·
522 3719 533 3754 r
