2574 3994
22 195 60 266 *a*
117 207 121 214 '
159 245 161 250 ·
212 217 274 282 220
461 235 600 281 ulnulas
620 235 721 282 rarius
740 237 822 282 tuats
844 237 993 282 canonici.

16 319 59 416 ff·
94 335 95 338 ’
211 329 1183 412 aSancb...etSalm...Affirmantvar·dpr·obabilibsLugo‚etc.
1276 386 1277 426 p

16 419 51 512 {³5
211 439 226 476 a
251 420 337 482 Ratio
350 421 458 500 quis...
473 422 504 483 S.
520 421 592 483 l‘ius
612 423 638 481 V
655 421 685 482 in
701 423 755 482 sub
779 419 864 481 Bulla
885 423 985 497 (1666)
1004 421 1186 502 praescripsit
1276 427 1277 478 t

16 527 41 580 ,χ
87 559 91 578 ,
211 509 482 590 »appellationem
497 510 702 592 interpositam
713 529 770 569 non
782 508 1100 590 impedirequominbs
1111 511 1186 572 elec
1276 515 1277 562 ἶ

212 617 226 655 a
251 598 292 658 tio
307 616 360 678 per
373 597 565 660 Ordinarium
581 599 679 680 primo
693 598 759 660 loco
773 596 864 674 lacta,
880 597 1000 658 interim
1015 599 1186 660 executioni
1276 643 1277 648 η

211 707 227 742 »
252 687 447 749 mandetur...
472 689 553 769 Ergo
567 687 672 750 electio
691 685 767 750 facta
786 686 843 748 erit
862 685 957 748 valida
978 685 1077 750 donec
1093 687 1186 767 judex

212 795 227 830 n
251 775 460 856 appellationis
473 793 539 838 eam
556 782 683 839 revocet.
700 798 715 834 s

261 865 328 924 Non
365 871 462 946 potest
499 873 600 928 autem
641 865 784 947 appellari
820 864 859 927 de
895 865 1041 928 electione
1077 866 1185 946 digni,

212 951 350 1032 digniore
372 955 594 1035 praetermissa,
623 954 680 1016 nisi
705 955 736 1015 in
760 971 831 1015 casu
854 957 1040 1030 concursus,
1065 962 1188 1035 propter

213 1041 375 1121 specialem
389 1041 616 1123 dispositionem
633 1041 755 1104 Constit.
772 1043 804 1104 S.
820 1042 865 1103 Pii
879 1043 906 1103 V
930 1042 968 1104 Ia
986 1042 1182 1123 conferendis,

44 1171 45 1174 ,
65 1153 68 1158 ·
100 1183 101 1186 ,
213 1134 242 1189 et
255 1129 331 1190 ratio
344 1137 408 1206 est,
425 1131 522 1212 inquit
537 1131 729 1192 lleillenstuel
742 1131 804 1209 (lib.
818 1135 832 1192 l
848 1179 854 1204 ,
872 1131 916 1192 tit.
932 1135 963 1206 6,
976 1140 1008 1192 n⁰
1023 1133 1103 1210 268),
1114 1131 1187 1211 quia

21 1223 28 1268 ¹.
81 1221 84 1230 ’
217 1238 233 1277 a
253 1217 277 1278 si
292 1218 398 1280 electio
411 1219 581 1302 impugnari
597 1227 698 1301 posset
711 1219 742 1280 in
757 1219 822 1282 loro
836 1227 959 1280 externo
973 1239 1026 1281 seu
1038 1219 1185 1299 judiciali,

213 1328 228 1366 n
253 1325 290 1370 ex
313 1327 350 1370 eo
370 1307 514 1372 duntaxat
536 1309 617 1391 quod
632 1327 693 1370 non
717 1307 805 1370 suerit
823 1308 935 1370 electus
953 1307 1076 1384 melior,
1100 1308 1187 1371 lacilb

213 1417 229 1455 a
252 1398 354 1460 omnis
374 1399 479 1460 electio
502 1406 602 1500 posset
623 1398 733 1459 babere
755 1397 834 1459 hanc
852 1397 1053 1471 calumniam,
1077 1405 1107 1458 et
1129 1397 1188 1458 lata

213 1493 339 1566 »porta
365 1489 530 1568 aperiretur
557 1488 726 1549 innumeris
758 1485 877 1561 litibus,
906 1486 989 1565 quod
1014 1492 1060 1548 est
1080 1485 1187 1547 absur-

213 1574 337 1636 ndum.
353 1597 369 1633 a

254 1663 356 1736 lmb‚'
350 1681 381 1724 m
395 1681 467 1726 casu
480 1667 661 1738 concursus,
677 1597 836 1745 appellatio
849 1663 966 1726 videtur
983 1663 1091 1744 pamm
1107 1663 1189 1725 utilis

215 1751 375 1830 appellanti
393 1771 400 1812 :
421 1751 540 1814 difficile
554 1754 638 1816 enim
659 1753 809 1816 ordinaria
823 1753 879 1814 erit
900 1752 1027 1834 probare
1039 1751 1188 1830 judicium

215 1839 354 1920 Episcopi
370 1840 507 1922 eligentis
520 1841 623 1904 minus
635 1841 779 1923 dignum,
795 1841 885 1903 luisse
900 1839 1113 1902 irrationabile.

255 1931 324 1990 486.
348 1930 445 2000 Ouaer.
461 1934 493 1992 6ο
518 1933 565 1990 An
579 1937 738 1992 teneantur
754 1928 792 1991 ad
810 1929 1029 1992 restitutionem
1043 1929 1189 2010 eligentes

215 2014 358 2096 dignum,
375 2018 487 2080 omisso
500 2017 661 2100 digniore?

255 2107 345 2188 Resp.
362 2107 563 2178 Ouaestionem
578 2107 657 2170 banc
670 2126 735 2170 esse
749 2115 986 2183 controversam3
1002 2105 1040 2168 de
1055 2109 1105 2182 eb,
1122 2107 1190 2170 vida

217 2194 248 2257 S.
271 2195 334 2275 Lig.
355 2195 421 2274 (ib,
450 2196 488 2257 nl·
510 2198 664 2278 tos-lto),
686 2199 737 2278 qui
759 2197 860 2278 plures
884 2214 972 2257 casus
998 2195 1128 2256 discutit.
1155 2199 1189 2257 ln

216 2301 287 2345 casu
314 2291 415 2346 autem
442 2289 608 2348 concursus
638 2287 786 2348 sententia
816 2285 969 2347 affirmans
996 2285 1190 2347 communius

216 2377 353 2448 tenetur,
370 2379 400 2436 el
413 2381 458 2436 est
471 2375 554 2438 valde
570 2375 762 2456 probabilior.

255 2463 472 2536 laborarit.
488 2467 520 2524 6·
532 2465 579 2523 dn
594 2471 624 2524 et
636 2465 741 2544 quales
754 2482 859 2598 prunas
873 2464 1029 2526 incurrant
1045 2463 1192 2543 eligentes

216 2546 402 2634 indignum?
1278 2561 1279 2620 i

256 2639 431 2722 Respondet
442 2641 633 2704 Reiffenstuel
643 2641 705 2721 (bb
719 2645 747 2716 l,
758 2591 803 2704 tit.
815 2645 846 2720 6,
857 2653 890 2704 n⁰
905 2643 994 2720 abbi·
1014 2640 1192 2720 «Eligentcs

218 2751 232 2786 a
259 2731 389 2794 scienter
398 2731 576 2813 indignum
569 2751 599 2792 rn
610 2732 793 2812 Episcopum
805 2732 850 2793 vel
860 2751 897 2794 eo
910 2747 1108 2812 superiorem
1121 2735 1192 2790 sunt

220 2841 233 2874 a
260 2817 326 2900 ipso
336 2821 404 2900 jure
428 2823 444 2882 a
466 2821 620 2883 beneficiis
640 2819 847 2882 ecclesiasticis
864 2818 1003 2902 suspensi
1025 2836 1078 2899 per
1096 2817 1192 2877 trien·

221 2931 235 2962 s
262 2909 357 2968 nium.
385 2911 425 2970 lta
446 2907 535 2971 babet
556 2926 731 2982 expressum
756 2927 823 2982 cap.
851 2908 924 2970 Cam
944 2907 977 2964 in
1002 2905 1130 2976 canetis,
1154 2911 1190 2974 7.

222 3018 239 3055 s
261 2995 280 3076 5
294 2994 415 3064 Clerici,
430 2993 465 3054 da
478 2993 577 3056 Elect.
594 3014 609 3052 a
628 2998 658 3055 ln
670 2994 736 3055 aliis
750 2991 946 3054 electionibus
959 2989 1081 3074 praeiata
1096 3005 1187 3066 prens

220 3084 321 3146 locum
338 3101 397 3144 non
412 3082 511 3144 habet.
527 3086 691 3164 Snpprrssa
706 3089 748 3142 est
760 3083 917 3158 suspensio
927 3081 960 3141 G.
974 3083 997 3140 Α
1001 3075 1183 3159 postsadis.
1277 3107 1279 3150 p

258 3175 327 3236 ⁴88.
345 3169 466 3246 Quaerit.
483 3177 516 3232 7⁰
534 3174 641 3234 Utrum
658 3171 737 3234 licite
752 3170 789 3231 ab
818 3173 878 3230 una
893 3168 1034 3247 parocbia
1050 3168 1080 3226 in
1095 3165 1185 3226 aliam

218 3262 370 3324 transferri
392 3261 506 3342 possint
521 3261 689 3322 sacerdotes
705 3259 839 3321 moribus
854 3253 1031 3335 depravati?

259 3354 350 3431 llesp.
366 3351 431 3424 Vel,
442 3351 515 3412 dum
531 3367 582 3411 eor
585 3369 634 3412 um
650 3347 904 3418 sacerdotumdep
909 3345 1188 3424 ravatioestignots

218 3440 250 3503 in
276 3444 352 3502 novt
367 3439 522 3522 paraecib'
515 3457 546 3500 tn
568 3455 660 3519 quarn
674 3437 908 3510 transferuntur,
922 3453 990 3514 spes
1004 3441 1049 3495 est
1063 3432 1188 3495 lundata

218 3529 302 3612 qubd
315 3530 351 3592 ad
367 3527 522 3592 meliorem
538 3527 654 3608 lrugem
669 3526 812 3589 redibunt
831 3533 860 3587 et
874 3541 934 3586 non
949 3521 1081 3602 arnplibs
1097 3540 1190 3584 scan-

218 3619 389 3684 dstizabunt
403 3617 521 3695 fidelem
534 3623 562 3679 et
574 3625 647 3678 tunc
660 3615 739 3678 licite
755 3614 906 3677 transferri
919 3617 1046 3694 possunt
1060 3627 1078 3673 a
1094 3627 1189 3687 paro·
1276 3627 1279 3694 t
