2570 4006
482 237 567 285 nunna
588 238 705 286 neruus.
1007 225 1065 286 383

90 361 108 399 u
135 339 324 418 majestatem
339 335 377 397 ab
397 337 433 397 ee
453 335 612 398 excludere
627 335 748 407 deceat,
775 337 883 400 hinc...
899 343 998 402 creata
1016 339 1072 402 luit

92 449 108 490 ι
133 427 323 512 particularis
338 424 695 508 congregetiodiotorum
712 425 965 491 consistorialiter
983 448 1070 510 neqo-

92 539 108 574 u
135 516 246 578 tiorum
270 515 501 597 praeparatoria,
527 533 580 578 seu
610 514 786 578 Cornirtorir‘
809 517 975 580 consultrix
1003 536 1072 601 quae

92 627 109 664 s
134 604 263 688 proinde
276 603 494 668 consistorialis
509 599 712 687 nuncupatur,
727 605 888 668 constituta
901 625 976 669 ex...
991 625 1072 670 eom·

93 717 110 754 u
135 693 248 776 petenti
263 711 391 756 numero
405 693 621 772 cardinalium,
646 713 682 757 ac
703 695 794 756 eliam
815 695 981 776 peritorum
995 698 1073 757 Prae-

94 806 109 844 r
135 784 284 860 latorum,
298 801 370 848 enm
385 783 507 865 proprio
520 784 705 848 Seoretario:
721 790 811 866 atque
825 783 857 846 in
874 782 929 847 ista
943 786 1072 864 congre-

94 872 218 936 »tioue
248 871 333 955 prilrs
359 871 495 935 formiter
522 875 734 938 examinantur
758 874 909 952 materiae,
939 873 1073 956 partibus

95 985 110 1021 n
134 962 360 1045 opponentibus
373 961 493 1039 auditis,
511 962 543 1024 iu
557 961 704 1026 torma...
724 963 927 1036 contentiosa,
950 981 1074 1046 propor-

95 1074 109 1110 n
136 1053 249 1114 tionatt
271 1057 373 1116 tamen
390 1049 467 1133 stylo
482 1051 757 1134 congregationum
772 1052 1070 1116 Cardinaliliarum...

95 1163 110 1200 n
137 1141 213 1204 adeo
234 1148 267 1204 ut
285 1140 323 1204 de
341 1141 407 1221 ejus
427 1147 512 1214 voto,
534 1142 652 1220 negotia
674 1142 895 1205 Consistorialia
916 1159 984 1224 quae
1002 1161 1074 1206 oon-

95 1253 110 1290 n
136 1231 312 1293 troversiam
322 1232 381 1312 pati
392 1229 520 1306 valeant,
531 1230 900 1312 explicentur.ulnstitutn
908 1231 963 1294 luit
972 1239 1071 1296 autom

95 1320 162 1382 hauc
182 1319 381 1402 Congregatio
401 1321 419 1381 lt
436 1321 520 1383 Sixto
535 1322 557 1380 V
573 1337 626 1401 per
640 1309 757 1383 Bullam
778 1320 942 1396 Immune,
965 1327 996 1382 et
1019 1321 1073 1382 im·

95 1410 203 1492 primis
212 1410 367 1492 cognoscit
375 1409 413 1472 de
422 1409 690 1472 causisereotionis
701 1429 847 1474 novarum
856 1409 1071 1474 Ecclesiarum.

96 1502 134 1560 V.
150 1499 294 1562 Analecta
301 1499 369 1581 jur.
380 1499 508 1583 pontis„
525 1499 580 1578 ib.,
596 1499 654 1562 ool.
671 1504 758 1564 3361.

568 1677 603 1738 11.

198 1811 391 1858 wacaeorum
410 1813 435 1858 S.
450 1811 646 1863 moulslrlonts
666 1812 717 1856 SEU
737 1812 833 1857 SANC'll
850 1811 958 1857 orrtclt.

139 1950 208 2008 733.
232 1943 331 2006 Etiam
345 1963 363 2007 a
377 1944 439 2007 suis
461 1944 663 2027 primordiiis,
680 1945 813 2008 Ecclesia
827 1946 859 2008 in
873 1946 1014 2009 Conciliis
1027 1945 1073 2009 vel

99 2041 198 2113 extra,
216 2053 270 2116 per
285 2034 449 2116 Episcopus
463 2034 617 2115 inquisivit
631 2035 662 2095 in
677 2033 833 2097 lraeretioos
846 2054 958 2117 eosque
972 2056 989 2098 a
1003 2035 1075 2098 lide·

100 2125 175 2186 lium
190 2123 406 2186 communione
421 2123 576 2204 separavit.
591 2125 656 2184 Imc
665 2125 863 2205 Imperatores
877 2131 907 2186 et
921 2125 1075 2206 Principes
1122 2173 1126 2181 .

100 2213 279 2288 christiani,
301 2212 390 2274 variis
419 2212 517 2294 poenis
535 2211 685 2274 bonorum
709 2213 889 2294 privatione,
911 2213 1018 2287 exilio,
1040 2233 1075 2276 ac

100 2303 206 2366 mortis
225 2301 373 2383 supplicio
391 2301 458 2364 illos
480 2300 657 2364 multarunt.
674 2301 723 2364 Sic
742 2320 823 2363 anno
838 2305 896 2363 316
910 2303 1076 2364 constanti·

100 2409 159 2454 nus
172 2391 271 2473 legem
281 2390 383 2461 edidit,
400 2393 461 2472 qua
470 2391 631 2452 Donatistae
645 2391 707 2453 suis
717 2391 908 2472 privabantur
922 2389 1073 2464 Ecclesiis‚

101 2489 131 2543 et
153 2480 277 2563 quidem
297 2499 403 2542 eorum
426 2480 666 2542 contumaciores
684 2479 891 2544 exulabanlur.
907 2482 981 2542 ltem
995 2498 1075 2540 anno

101 2571 178 2646 325,
200 2571 231 2631 in
256 2569 380 2632 exilium
403 2570 528 2653 projecit
550 2570 654 2632 Arium
673 2571 737 2649 jam
761 2571 780 2631 t
802 2569 924 2631 Nioaeno
943 2568 1076 2630 concilio

101 2660 295 2737 damnatum,
319 2665 349 2721 et
366 2660 456 2722 simul
474 2677 545 2723 cum
563 2677 600 2722 eo
618 2658 784 2741 Episcopus
805 2657 899 2740 ipsius
917 2657 1076 2740 impietatis

103 2767 264 2832 sequaces3
280 2749 416 2828 ejusdem
430 2749 540 2830 scripta
557 2747 695 2812 comburi
707 2745 813 2830 jussit,
833 2753 962 2809 mortem
980 2747 1076 2830 ipsam

103 2837 271 2902 minitando
296 2839 333 2901 iis
354 2841 407 2920 qui
431 2857 467 2900 ea
488 2837 606 2901 tradere
632 2837 798 2900 renuerint.
823 2836 952 2900 Easdem
972 2856 1077 2920 poenas

103 2928 254 2992 innovavit
279 2928 421 3009 auxitque
445 2927 630 2990 Theodosius
656 2929 785 3008 Magnus
802 2934 906 2990 contra
930 2926 1076 2990 Photinia-

104 3037 180 3096 nxs,
206 3019 353 3090 Arianos,
378 3019 600 3094 Eunomianos‚
629 3015 818 3079 Manichacus.
848 3019 923 3079 Item
948 3019 1078 3099 Impera·

104 3117 151 3171 tor
164 3108 334 3170 Marcianus
352 3115 457 3168 contra
471 3105 673 3168 Eutichiauos.
691 3106 833 3168 Similiter
846 3113 974 3188 egerunt
990 3108 1078 3170 lusti·

106 3199 229 3273 nianus,
249 3197 420 3258 Friderious
438 3197 464 3256 ll
482 3195 649 3258 Germaniae
666 3198 841 3277 Imperator,
857 3198 888 3260 S.
911 3195 1078 3260 Ludovicus

106 3287 208 3350 Galliae
222 3305 285 3348 rex.
303 3287 378 3348 Vide
393 3285 507 3362 Andre',
519 3303 549 3345 v⁰
563 3285 753 3368 lnqrrisition.

146 3389 212 3448 Non
223 3385 442 3448 exstititlamen
453 3383 585 3466 primlrm
592 3383 1078 3468 Tribunalquuisr'tionirpropric

106 3477 233 3554 dietum,
249 3474 338 3558 quale
348 3482 452 3557 postea
462 3473 517 3537 luit
530 3475 714 3548 institutum;
728 3473 813 3536 istius
823 3478 893 3536 verc
902 3475 988 3554 origo
997 3470 1079 3533 virie-

106 3575 155 3631 tur
169 3565 329 3648 incoepisse
349 3563 430 3627 circa
448 3561 542 3626 linem
559 3563 660 3626 saeouli
683 3564 737 3626 Xll
752 3580 759 3622 ε
775 3579 857 3625 anno
874 3563 957 3624 enim
981 3565 1077 3638 1181,

107 3661 245 3720 coactum
258 3651 314 3718 luit
329 3651 497 3742 concilium
510 3652 695 3729 Veronense,
706 3651 753 3714 oui
765 3650 883 3733 proluit
896 3651 927 3712 S.
944 3648 1078 3712 Pontifex
