2578 4008
515 321 599 366 arara
622 321 739 366 narnus.
1062 310 1117 370 aar

188 421 258 482 608.
282 409 453 481 Notandum
468 425 514 480 est
526 423 626 481 autem
642 422 672 479 l⁰
691 415 773 498 qudd
799 417 829 478 in
851 415 944 481 dubio
967 421 1046 482 eirea
1067 422 1120 484 ali-

146 506 231 589 quod
245 507 449 589 privilegium‚
464 507 575 569 decisio
587 506 623 569 ad
640 508 670 568 S.
690 505 866 569 Pontilioem
881 515 1012 587 spectat,
1034 518 1122 591 prout

147 593 206 660 tuit
219 596 405 659 declaratum
417 600 435 658 a
446 596 539 658 Clem.
556 598 594 658 lV
609 602 639 658 et
649 596 714 658 aliis
727 597 781 658 SS.
793 595 1001 659 Pontificibus.

187 689 221 746 2⁰
234 685 390 766 Pririlegio
405 684 604 767 exemptionis
619 684 772 766 regulares
786 685 960 746 renuntiare
981 704 1042 748 non
1057 707 1123 770 pos·

147 781 229 848 sunl,
245 774 322 836 siaul
335 773 462 836 habetur
475 774 505 836 in
518 791 585 855 cap.
604 773 678 838 cam
693 782 836 856 tempore,
847 772 881 834 de
894 773 1019 836 arbitris
1027 793 1040 851 ;
1053 777 1123 858 quia

147 861 178 924 id
193 861 375 924 redundaret
392 864 424 924 in
448 862 595 925 damnum
615 863 786 945 religionis,
811 861 937 943 proinde
958 865 1040 926 nulla
1054 882 1123 927 oon-

147 951 277 1014 suetudo
299 953 331 1014 in
358 952 544 1014 eontrarium
557 957 655 1033 potest
670 953 702 1013 in
724 951 783 1015 hoo
804 951 964 1032 praevalere
979 954 1021 1032 (S.
1038 953 1122 1034 Lig,

148 1039 194 1102 lle
205 1039 370 1122 Priuilep,
387 1049 420 1102 n⁰
436 1040 500 1120 ¹13).

188 1132 220 1190 3⁰
241 1130 439 1210 Exemptione
453 1129 586 1212 gaudent
599 1149 661 1192 non
676 1131 774 1193 solum
789 1130 917 1214 professi
931 1137 961 1194 et
974 1137 1121 1216 conversi,

148 1216 202 1279 sed
222 1218 311 1280 eliaam
334 1219 436 1281 novitii
450 1226 480 1280 et
497 1219 574 1281 serii
588 1219 771 1300 regularium
791 1221 842 1302 qui
857 1227 927 1282 notu
941 1220 1124 1288 famulantur

81 1325 83 1328 ·
148 1311 179 1368 et
192 1307 324 1369 resident
340 1307 418 1370 intra
431 1309 575 1385 claustra,
591 1327 628 1371 aa
646 1309 749 1370 vivunt
762 1309 818 1374 sub
832 1307 1002 1372 obedientia
1018 1313 1120 1390 (Cone.

147 1395 244 1474 und„
259 1415 332 1458 sess.
349 1397 405 1476 td,
421 1417 487 1479 eap.
506 1397 676 1474 art-vid.
692 1399 723 1459 S.
740 1397 817 1479 lig,
833 1395 906 1458 idid.
921 1403 970 1460 ll.

188 1488 220 1545 4⁰
242 1486 320 1548 llicit
336 1485 415 1548 idem
439 1489 470 1549 S.
487 1486 608 1568 Liguor.
633 1485 732 1566 (idid,
748 1489 781 1548 n⁰
801 1489 851 1564 72)
872 1487 953 1568 qudd
976 1509 991 1546 a
1006 1489 1122 1552 Praelati

147 1594 164 1632 ι
188 1575 341 1655 regulares
354 1577 485 1658 exempti
499 1577 630 1638 habeant
639 1575 670 1636 in
685 1575 747 1638 suis
756 1575 890 1638 eeclesiis
898 1581 928 1637 el
934 1578 1123 1641 monasteriis

147 1684 164 1722 a
186 1663 425 1742 iurisdietionem
439 1665 525 1746 quasi
540 1665 758 1747 episcopalem.
774 1671 837 1727 tam
851 1664 952 1745 quoad
965 1684 1120 1754 personas,

148 1772 165 1810 ι
189 1756 281 1832 quam
296 1753 382 1829 loca,
397 1754 476 1816 siout
490 1755 618 1836 probant
632 1752 804 1816 Salmantie.
828 1775 843 1814 a

189 1845 258 1904 609.
275 1843 397 1914 Quaerit.
413 1847 445 1905 2⁰
460 1845 566 1908 Utrum
580 1843 612 1904 in
627 1843 722 1905 Gallia
735 1841 825 1904 hodie
839 1841 1045 1925 exemptiones
1053 1836 1124 1908 *sula

148 1929 278 1992 sistant?

188 2021 278 2101 Resp.
300 2021 354 2082 Vel
372 2022 470 2102 agitur
490 2019 528 2084 de
544 2021 760 2101 Regularibus‚
775 2019 822 2081 vel
836 2019 874 2082 de
896 2021 1056 2103 Capitulis,
1071 2029 1123 2089 aul

148 2105 215 2169 aliis
230 2107 323 2171 loeis:
339 2111 362 2170 si
379 2111 473 2192 prius,
490 2109 657 2172 subsistunt
671 2109 877 2190 exemptiones
887 2110 987 2190 quoad
1001 2111 1122 2176 ordines

148 2203 306 2278 exemptos
320 2199 468 2270 virorum,
486 2204 520 2260 ot
533 2203 605 2259 sunt
618 2197 750 2264 Jesuitae,
761 2195 962 2273 Dominioani‚
979 2198 1122 2263 Benedio

150 2284 1122 2368 tini,Capuocini,Car·tlrusienses‚ete.:quamvisenimsitdictum

148 2372 181 2434 in
196 2374 261 2456 lege
275 2377 428 2456 organica,
444 2381 500 2438 art.
517 2379 556 2437 l0
572 2393 580 2436 a
601 2376 708 2436 aTout
719 2373 861 2455 privilege
875 2380 1123 2458 portantexemp·

148 2483 164 2520 a
188 2463 251 2526 tion
264 2483 303 2526 ou
315 2464 490 2527 attribution
501 2464 538 2525 de
550 2463 578 2525 la
587 2466 747 2546 puissunee
757 2461 928 2544 pontificale
942 2469 987 2524 est
997 2463 1088 2542 abeli,
1102 2488 1117 2524 a

149 2549 200 2614 illa
218 2553 265 2616 lex
280 2556 382 2636 utpote
404 2555 486 2615 mere
500 2554 595 2616 civilis
610 2552 694 2615 nullo
707 2550 799 2613 modo
812 2551 890 2613 valet
902 2550 1048 2633 derogare
1062 2554 1122 2636 pri·

149 2641 264 2720 vilegiis
279 2643 316 2704 ab
329 2643 505 2705 auctoritate
519 2642 721 2704 ecclesiastiea
735 2639 895 2702 oonoessis.

189 2733 275 2810 Item,
285 2731 538 2794 DecretumCard.
548 2729 1122 2813 Capram,ljuniil8lls,quoregulares

148 2821 305 2902 utriusque
328 2825 436 2893 serus,
462 2821 552 2882 etiam
575 2819 728 2900 exempti,
746 2816 945 2898 iurisdietioni
960 2820 1121 2904 episcopali

149 2907 334 2980 salutantur,
357 2909 563 2972 difficultatem
581 2927 643 2970 non
666 2907 749 2977 lacit,
776 2905 848 2989 quia
876 2913 922 2970 est
952 2907 1119 2992 intelligen-

148 2992 222 3059 dum
250 2998 288 3060 de
320 2999 426 3080 priscis
455 2997 600 3080 religiosis
631 3014 686 3078 pro
712 3003 849 3076 tempore
884 3015 989 3060 eorum
1021 2998 1135 3082 disper-

149 3085 254 3162 sionis,
278 3093 311 3149 ut
324 3093 406 3168 patet
418 3105 455 3149 ex
477 3092 630 3148 contextu.
659 3085 693 3146 ll.
712 3084 828 3162 Bouix,
848 3083 893 3147 De
905 3085 1027 3167 Rapui,
1042 3093 1065 3150 t.
1080 3093 1116 3168 2,

198 3260 368 3344 Trappislae
388 3263 518 3346 quidem
534 3281 591 3343 per
607 3264 769 3328 decretum
793 3263 825 3328 S.
852 3263 887 3326 G.
913 3261 971 3344 Ep.
990 3273 1021 3326 et
1036 3263 1110 3344 Rag.

158 3369 188 3413 a.
207 3348 506 3432 ldtltjurisdierinni
538 3353 777 3436 Episcoporum‚
798 3361 950 3434 tanquam
976 3354 1007 3414 S.
1023 3351 1111 3415 Sedis

157 3439 387 3522 delegatorum,
405 3449 441 3504 al
459 3455 581 3522 tempus
596 3447 748 3525 suppositi
769 3443 894 3504 literam
912 3461 918 3516 ;
937 3456 967 3504 at
982 3459 1112 3519 exemp·

158 3529 278 3592 tionem
302 3537 414 3594 iterum
431 3535 563 3594 assecuti
580 3545 663 3612 suut,
688 3533 752 3598 irno
775 3543 806 3595 el
834 3531 1110 3610 congregationem

159 3620 336 3699 regularem
353 3621 530 3698 eliormant,
547 3623 591 3682 uti
622 3633 745 3684 constat
761 3640 799 3684 er
815 3624 944 3684 decreto
970 3616 1111 3696 ejusdem

160 3706 197 3772 S.
216 3709 248 3770 G.
265 3707 349 3771 dios
367 3710 544 3772 decembris
563 3709 651 3771 1892.

989 3799 1023 3858 91
