2578 4008
486 249 571 294 erasa
593 207 710 298 narnus.
1042 238 1096 294 rui

130 363 191 410 non
204 349 339 408 mutatur
352 361 409 406 neo
423 344 533 406 mutari
553 351 650 425 potest
664 345 702 404 ab
722 342 871 424 Episcopo
885 345 991 404 natura
1008 341 1099 405 bene·

129 435 186 498 licii
205 455 212 495 :
229 433 366 515 periurus
380 439 481 496 tamen
495 437 574 494 esset
587 433 731 495 Praelatus
744 431 775 492 in
789 447 861 492 ousu
875 431 1046 510 supposito,
1060 431 1100 492 ob

129 523 317 586 violationem
336 521 500 601 juramenti
525 539 588 583 ase
610 519 740 600 praestiti.
760 521 803 581 lta
825 519 975 596 Lentem,
996 537 1045 601 ap.
1061 521 1097 582 D.

129 612 223 674 Bouix
235 657 245 690 ,
259 611 304 673 De
318 609 467 685 Poroelzo,
485 629 516 692 p.
532 613 612 686 inu,
627 616 685 672 eto.

168 703 237 762 564.
255 698 436 760 nudandum
447 699 537 760 etiam
546 715 670 780 peecare
677 715 747 760 eum
757 695 809 778 qui
819 694 934 776 ubsque
943 695 1004 758 ulld
1011 699 1101 758 causa

129 789 255 852 honesta
268 793 299 849 et
318 786 486 850 rationabili
508 793 625 849 reroout
637 785 771 866 aliquem
784 784 823 846 ab
842 783 940 848 officio
958 786 1101 849 etiamad

132 884 237 938 nulum
247 875 400 939 amovibili
411 896 419 936 ι
431 875 639 958 unusquisque
648 874 731 936 enim
740 879 859 936 tenetur
873 875 976 936 insuia
985 874 1101 938 actibus

130 965 239 1028 habere
262 963 355 1026 linem
378 964 559 1036 honestum,
585 969 615 1026 et
639 963 763 1045 insuper
784 961 927 1044 frequens
949 971 1100 1027 recturum
1139 965 1142 973 ’

131 1054 258 1117 mutatio
272 1062 350 1116 esset
363 1053 504 1116 Ecclesiae
517 1051 663 1114 damnosa
677 1050 796 1130 (Bonis,
812 1050 900 1128 ibid,
910 1072 941 1134 p.
952 1052 1038 1136 445).

169 1146 240 1204 565.
264 1145 339 1204 Nota
361 1142 461 1223 quoad
481 1142 609 1204 vicarios
631 1139 672 1202 od
685 1149 788 1201 nutum
811 1141 940 1222 collegii,
962 1149 996 1204 ut
1016 1153 1099 1224 puta,

130 1230 256 1312 Capituli
267 1231 450 1308 anrovibiles,
462 1231 613 1311 quddnon
624 1229 739 1310 possint
748 1231 894 1291 removeri
904 1229 941 1291 ab
951 1231 1100 1314 Episcopo

131 1319 187 1380 nisi
202 1338 256 1400 pro
272 1318 361 1401 culpa
374 1319 426 1382 uti
440 1319 538 1401 qualis
551 1319 754 1399 requireretur
772 1323 807 1380 ut
829 1325 951 1399 possent
970 1321 1100 1383 amoueri

131 1407 155 1469 si
174 1414 276 1470 essent
293 1409 448 1490 perpetui;
469 1408 522 1470 sed
542 1407 713 1488 Capitulum
733 1411 831 1489 potest
853 1425 905 1469 eos
925 1407 990 1470 sine
1010 1411 1099 1472 eausa

132 1513 284 1559 removere
299 1497 389 1558 modd
409 1515 471 1560 non
485 1515 522 1558 ex
540 1495 629 1573 odio,
644 1501 697 1558 aut
710 1514 780 1558 oum
793 1493 906 1558 damno
920 1495 1025 1574 lamae,
1040 1505 1098 1562 eto.

131 1584 180 1648 Sic
193 1585 329 1648 decisum
343 1585 470 1648 fultas.
486 1586 608 1666 Gange,
625 1591 658 1648 ut
666 1584 766 1647 videre
780 1593 825 1646 est
838 1584 918 1667 apud
932 1587 968 1664 D.
983 1586 1099 1666 Bouix,

132 1672 175 1734 De
187 1674 332 1744 Poruelo,
349 1693 380 1756 p.
393 1677 461 1736 443.
478 1674 546 1736 lteri
560 1681 661 1738 autem
676 1679 763 1750 sunt,
779 1672 859 1755 apud
873 1691 944 1752 nos,
959 1675 985 1738 si
998 1681 1100 1740 tamen

131 1762 223 1844 aliqui
236 1763 311 1824 tales
324 1763 422 1825 adsint
432 1762 540 1825 Vioarii
551 1763 646 1826 curati
659 1762 712 1845 qui
725 1761 763 1824 ad
777 1769 886 1846 nutum
900 1761 1027 1844 Capituli
1041 1767 1100 1829 sint

131 1851 303 1912 anrovilriles
313 1871 320 1912 ε
330 1858 401 1913 sunt
408 1851 508 1933 potius
517 1851 690 1916 amoribiles
696 1851 777 1933 apud
787 1869 842 1914 nos
852 1850 889 1913 ad
900 1858 1009 1916 nutum
1018 1856 1100 1938 Epis

132 1939 199 2020 copi
212 1940 281 2016 (457
295 1985 303 2016 ,
318 1941 400 2018 458).

568 2068 588 2149 ,q
606 2071 658 2132 ιν.

131 2193 175 2256 De
192 2191 347 2255 cessatione
359 2190 580 2274 jurisdictionis
598 2193 757 2258 ordinarie
774 2193 806 2256 in
824 2193 997 2276 quibusdum
1016 2215 1098 2263 even·

329 2290 407 2353 tibus
420 2311 536 2373 usupra
551 2291 726 2354 enumeratis
739 2291 900 2356 distinctis.

169 2437 238 2498 566.
262 2433 402 2498 Pluribus
416 2434 480 2496 aliis
494 2434 591 2496 modis
605 2452 722 2498 cessare
736 2440 833 2518 potest
843 2433 1012 2516 iurisdictio
1021 2437 1100 2501 ordl-

129 2521 212 2585 uaria
225 2529 256 2585 et
268 2541 373 2586 vacare
386 2529 504 2604 queunt
517 2522 615 2586 officia
627 2523 828 2586 ecclesiastiea
844 2541 852 2584 ε

172 2632 189 2672 a
209 2615 241 2676 l⁰
256 2611 349 2693 igitur
357 2617 442 2674 vaoat
454 2610 568 2691 dejure
579 2616 609 2675 et
617 2611 655 2674 de
669 2611 747 2676 laeto
756 2611 940 2676 beneficium
954 2633 1009 2696 per
1020 2634 1098 2679 mor-

127 2723 143 2759 s
167 2706 229 2764 tem
243 2701 411 2764 naturalem
432 2698 611 2763 beneficiati.
628 2701 699 2784 Cap.
722 2702 893 2784 susceptum
915 2705 953 2780 6,
977 2701 1012 2767 de
1026 2705 1098 2768 Res·

127 2812 143 2848 s
166 2789 288 2872 criptis,
305 2790 387 2868 in6⁰,
404 2791 516 2852 llota...

165 2900 183 2939 ι
206 2881 239 2942 2⁰
252 2880 345 2941 Vacat
363 2879 427 2960 ipso
437 2879 506 2958 jure
520 2898 574 2962 per
583 2883 712 2942 mortem
723 2877 839 2943 ciuilem
849 2884 872 2958 ¹,
887 2880 977 2944 veluti
991 2899 1046 2964 per
1055 2883 1098 2946 in-

125 2990 141 3026 u
165 2986 303 3050 gressum
314 2968 475 3050 Religionis
484 2967 667 3050 professione
675 2972 777 3032 secuta
784 2967 862 3051 (cap.
876 2969 1054 3052 Beneficium
1064 2977 1095 3052 t,

125 3077 140 3116 r
164 3056 200 3118 de
214 3055 334 3140 liqut,
350 3057 380 3118 in
394 3062 442 3131 6⁰,
457 3059 664 3137 ltota...)lntra
672 3074 786 3120 annum
799 3057 1019 3140 probotionis...
1035 3079 1097 3126 nou

125 3167 152 3204 s.
164 3153 264 3220 vacat,
281 3163 320 3208 ne
333 3145 491 3227 egrediens
504 3145 543 3208 de
556 3146 700 3230 religione
714 3146 765 3209 illo
779 3147 930 3229 privetur,
950 3149 1001 3212 eit.
1027 3167 1095 3230 oap.

155 3296 164 3325 t
181 3312 194 3340 ι
208 3292 256 3343 Per
265 3298 368 3343 mortem
382 3291 477 3343 aivilsm
488 3291 564 3343 veluti
583 3308 625 3359 per
634 3292 798 3360 captiuitatem
809 3291 922 3360 Episcopi
941 3299 984 3344 aut
995 3294 1096 3346 alterius

125 3362 309 3424 »benennam
327 3379 370 3430 per
387 3363 598 3430 deportationem,
615 3379 659 3431 par
676 3363 858 3414 damnationem
876 3365 906 3415 ml
920 3381 1041 3416 carcerem
1054 3371 1096 3416 aut

125 3453 136 3480 ι
155 3436 185 3485 ud
200 3437 311 3486 triremes
323 3441 452 3502 perpetuas
464 3434 583 3486 beneficia
596 3435 649 3502 ipso
660 3435 716 3501 jure
733 3450 782 3484 non
794 3442 895 3493 radent,
908 3437 952 3487 sed
965 3452 1008 3501 per
1023 3436 1095 3487 lliou-

9 3511 11 3570 ζ
125 3522 137 3553 r
153 3504 217 3555 rium
234 3506 272 3556 rel
286 3506 456 3571 coadjutorem
475 3505 685 3565 administrantur,
699 3504 745 3554 nisi
765 3505 905 3555 damnati...
929 3521 973 3571 per
993 3505 1095 3570 legitimi

125 3575 244 3641 vindicis
260 3575 407 3627 seutentiam
428 3576 548 3630 beneflcio
569 3592 669 3642 quoquo
686 3575 772 3640 privati
791 3573 848 3625 sint.
870 3593 881 3622 r
901 3575 971 3626 Card.
995 3575 1085 3642 Soqliu,

126 3645 182 3697 inat.
191 3649 245 3710 tur.
257 3645 332 3712 prio..
345 3645 359 3712 Ι
370 3645 425 3699 tout

930 3719 996 3792 Μ
