2506 3984
243 197 302 268 618
495 219 633 269 urucam
655 223 755 270 rorrus
774 218 859 276 rums
879 221 1034 274 canonici.

241 346 254 380 a
280 341 371 404 supra
384 321 512 384 relatum
529 323 634 403 (1113)
650 342 711 385 non
726 323 858 386 consulit
878 331 930 386 aut
951 323 1097 387 hortatur
1109 325 1212 408 Epiaeo

240 433 255 470 a
280 429 354 493 pum
379 415 414 474 ut
431 410 555 492 recipiat
575 413 724 475 rationem
744 411 1017 476 administrationis
1036 412 1134 478 offleii
1148 417 1163 476 ir
1177 417 1212 476 l'i·

241 521 255 559 a
279 500 361 562 cario
381 505 410 564 et
443 500 509 562 aliis
529 499 716 564 officialibus
740 501 886 583 Capituli,
911 501 966 564 sed
987 499 1017 566 ei
1040 506 1177 586 precipit
1193 521 1212 566 r:

241 611 257 648 a
281 589 411 671 imperat
424 587 483 652 illis
495 589 611 666 verbis,
627 590 771 652 rationem
783 591 905 671 eez'pc13
920 596 953 652 et
965 610 1022 672 per
1035 611 1211 674 consequens

242 700 257 736 a
281 679 460 760 Episcopus,
476 677 606 741 scienter
619 678 800 741 omittensid
810 678 907 742 lacere
921 688 1030 742 centra
1042 691 1210 764 promptae

242 791 256 826 n
278 768 427 845 concilii,
444 781 566 831 nonest
585 767 763 830 immuniat
785 768 875 850 eulpa
889 769 1056 831 mortali.»
1075 771 1121 832 lta
1141 772 1209 832 etiae

243 857 392 928 Ferraris,
415 868 446 919 νῦ
459 855 636 939 Episcopus,
651 863 708 919 art.
724 861 755 936 6,
771 856 813 918 n*⁸
829 859 865 920 13
877 863 907 920 et
921 861 970 918 11.
989 857 1070 920 Vide
1085 857 1211 921 formula

242 944 427 1008 adhibendas
444 945 482 1007 ad
496 945 688 1027 puniendum
701 945 855 1009 Vicarium
870 945 1078 1027 capitularem
1092 949 1146 1028 qui
1155 948 1211 1010 del·

243 1033 366 1115 quisset,
383 1053 431 1116 ap.
448 1035 484 1096 D.
502 1033 596 1098 Bouix
611 1032 830 1116 (Deceptae,
846 1054 877 1117 p.
893 1039 963 1112 688,
979 1036 1066 1116 etc).

284 1125 372 1186 1285.
395 1121 517 1196 Quaerit.
540 1127 573 1186 2⁰
593 1127 638 1186 An
651 1121 689 1186 ad
713 1123 883 1206 Capitulum
897 1129 949 1186 aut
965 1125 1129 1188 Viearium
1143 1125 1213 1208 Capi

241 1211 368 1276 tularem
392 1212 563 1294 pertineant
580 1213 702 1276 mulctae
718 1219 749 1276 et
765 1213 824 1277 alia
842 1213 1064 1292 emolumenta,
1080 1213 1161 1280 Sede
1175 1234 1213 1279 n·

242 1307 339 1377 eante,
355 1301 569 1364 obvenientia?

281 1391 372 1473 Resp.
398 1395 429 1453 l⁰
453 1389 558 1462 Quoad
573 1390 718 1470 mulctas,
737 1409 868 1476 sequens
886 1389 1017 1454 dubium
1031 1394 1213 1475 propositam

241 1479 298 1542 luit
320 1481 351 1543 S.
377 1481 488 1562 Gongr.
517 1479 641 1542 Concilii
665 1500 672 1541 ε
693 1503 709 1540 o
730 1483 778 1543 An
798 1481 916 1544 Vioario
943 1481 1115 1562 capitulari
1143 1483 1213 1544 liceat

243 1592 259 1629 n
283 1587 389 1652 poenas
406 1575 436 1632 et
457 1569 583 1632 mulctes
597 1567 786 1650 pecuniarias
801 1570 832 1632 in
846 1587 920 1633 usus
941 1570 1086 1652 proprios
1099 1589 1214 1634 conver·

242 1681 257 1720 o
281 1664 364 1733 tere,
380 1676 433 1720 seu
448 1659 549 1739 potiris
563 1662 700 1721 teneatur
713 1677 821 1722 omnes
834 1659 891 1740 piis
910 1657 984 1721 loeis
999 1659 1213 1740 applicaretllt

242 1769 256 1805 s
282 1746 463 1828 rescriptum
473 1745 529 1809 luit
545 1765 552 1808 :
566 1746 720 1810 vicarium
729 1745 930 1829 capitularem
944 1763 1007 1810 non
1017 1767 1113 1828 posse
1123 1767 1211 1832 ponar

241 1858 256 1896 o
281 1843 311 1898 et
321 1837 449 1899 mulctes
458 1835 490 1898 in
504 1855 579 1900 usus
588 1838 725 1920 proprios
738 1844 924 1916 convertere,
938 1836 992 1900 sed
1002 1837 1144 1920 integras
1155 1838 1209 1902 lora

243 1948 259 1985 n
284 1926 342 2008 piis
356 1925 466 1989 debere
480 1925 642 2008 applicare.

283 2019 371 2078 1286.
388 2037 403 2074 n
420 2017 452 2078 2⁰
466 2015 572 2090 Quoad
581 2015 639 2078 alia
653 2014 877 2092 emolumenta,
894 2013 973 2079 Sede
984 2015 1162 2098 Episcopali
1173 2034 1211 2078 n·

242 2127 257 2163 a
283 2113 381 2182 cante,
394 2104 583 2168 obvenientia
595 2103 857 2184 exjurisdictione,
875 2103 984 2186 sigillo,
995 2105 1215 2168 autaliisunde

242 2217 257 2254 a
282 2197 417 2276 qutque,
435 2212 535 2276 neque
555 2193 593 2255 ad
607 2185 785 2274 'Capitulum
805 2211 904 2276 neque
924 2193 963 2255 ad
980 2195 1049 2273 ejus
1069 2195 1215 2258 Vicarium

242 2308 257 2342 a
283 2291 431 2365 spectare,
450 2283 502 2347 sed
521 2283 631 2346 debere
654 2282 756 2345 lutura
771 2283 943 2346 Successori
960 2285 1110 2345 reservari
1127 2333 1135 2362 ,
1154 2285 1216 2347 siad

243 2397 258 2433 n
282 2375 481 2456 Episcopum,
498 2372 632 2435 Ecclesit
646 2391 708 2434 non
722 2377 857 2448 vacante,
873 2371 1103 2456 pertinuissent
1121 2377 1169 2436 Ex
1181 2375 1217 2436 tris

243 2487 257 2522 a
282 2469 384 2526 tamen
404 2461 618 2525 emolumentis
639 2459 853 2525 deducendum
873 2479 940 2525 esse
963 2461 1112 2525 salarium
1138 2465 1217 2526 ratic

243 2576 257 2612 u
283 2553 384 2635 nobile
406 2551 562 2616 Vioario...
591 2549 868 2634 persolvendum.»
893 2553 936 2614 lta
961 2549 1098 2614 decrevit
1118 2553 1217 2615 eaden

245 2645 274 2710 S.
293 2644 416 2724 Congu,
433 2645 467 2704 ll
482 2641 548 2722 julii
566 2643 655 2717 1626,
671 2659 719 2722 ap.
737 2641 840 2703 Bened
853 2642 929 2712 XIV,
946 2639 990 2702 ae
1005 2639 1143 2722 Synod„
1158 2643 1216 2704 lilrr.

250 2731 294 2809 10,
304 2749 370 2813 cap.
382 2735 430 2793 10.
440 2730 516 2793 Vide
529 2730 608 2793 dieta
617 2747 708 2812 supra
717 2717 976 2810 (liiidie-Quoad
985 2730 1217 2810 proeoedentiarr

250 2821 355 2884 Vicarii
366 2818 555 2901 (lapittdaris,
568 2818 635 2882 vide
649 2817 728 2880 dicta
741 2817 831 2898 (630).

599 3168 670 3214 111118
689 3167 753 3213 roltt
773 3167 857 3218 antul-
