2570 4006
514 133 599 178 uaun
621 129 737 176 antuus.
1053 108 1112 172 435

138 240 167 290 v⁰
176 231 271 308 Rota).
289 229 347 292 Sed
361 229 410 292 alii
426 229 511 292 aliter
519 231 598 292 hanc
611 227 889 291 denominationem
903 227 1067 308 explicant;
1083 233 1114 288 el

135 319 220 398 juxta
234 320 344 394 Boulis,
359 319 403 381 De
417 317 511 382 Car-id
535 317 685 388 Romano,
701 338 732 401 p.
755 321 835 394 280,
860 323 961 378 ortum
985 315 1074 378 habet
1096 317 1113 376 a

137 409 230 470 modo
255 410 363 470 usitato
394 407 572 472 Auditorum
594 406 778 490 procedendi
808 425 861 488 per
885 413 1015 468 tornum.
1038 403 1114 467 Vide
1163 477 1167 484 Ι

138 497 299 574 Stremler,
318 497 373 559 llos
383 497 498 579 peines,
515 505 588 574 etc,
605 517 634 579 p.
651 501 731 572 480,
748 497 779 558 in
796 498 875 558 nota.

178 587 274 658 otior,
298 587 350 668 qui
373 593 519 650 vocamur
550 587 708 649 auditores
732 587 836 663 notae,
856 591 941 647 erant
962 585 1113 666 Capellani

138 678 243 758 Papae,
260 679 313 758 qui
328 677 464 739 Incertis
484 677 583 739 causIs
602 695 663 738 non
684 675 959 752 consistorialilaus,
975 675 1114 737 auditise

50 766 52 770 '
138 761 324 846 litigantibus
336 766 499 828 momentis
515 768 675 847 processus
689 768 735 844 (ex
750 783 812 846 quo
826 763 983 826 auditores
995 783 1114 826 nuncu·

138 853 296 934 pabantur)
309 862 407 917 totum
422 856 577 936 negotium
591 857 622 918 S.
635 854 774 916 Pontifici
787 853 997 936 exponebant,
1013 853 1065 936 qui
1078 872 1116 916 ex

140 960 245 1005 eorum
260 944 404 1006 relatione
417 945 599 1007 sententiam
615 943 793 1026 proterebat.

178 1034 330 1096 Incertum
345 1040 390 1096 est
403 1027 464 1116 quo
483 1039 620 1115 tempore
639 1037 724 1095 Ilotae
737 1033 896 1096 Auditores
909 1033 1055 1116 coeperint
1065 1033 1114 1112 ju·

139 1117 241 1184 dicum
264 1129 363 1205 partes
383 1122 568 1204 adimplere3
593 1121 806 1204 aquibusdam
825 1129 925 1185 umen
946 1124 1116 1205 assignatur

140 1211 255 1291 epocha
272 1211 464 1293 pontidcatds
484 1211 611 1274 Ioannis
628 1214 717 1274 XXII.
741 1213 854 1273 Eorum
870 1231 1016 1274 numerus
1030 1213 1116 1275 inde-

142 1301 317 1362 terminatus
339 1299 396 1363 luit
415 1307 484 1363 ante
508 1302 625 1363 Sixtum
645 1301 684 1362 IV
694 1347 702 1377 ,
727 1301 822 1382 aquo
843 1301 880 1362 ad
900 1301 1116 1363 duodecimum

142 1389 196 1450 luit
212 1389 362 1452 reductus.
381 1391 463 1451 Inter
476 1409 529 1452 eos
539 1409 619 1452 unus
633 1391 818 1466 Germanus,
829 1409 910 1454 unus
924 1391 1042 1459 Gallus,
1055 1389 1117 1452 duo

141 1477 265 1558 Hispani
281 1485 404 1562 propter
416 1477 479 1541 duo
492 1477 626 1542 Castellae
640 1485 670 1541 et
683 1479 859 1560 arragoniae
873 1497 984 1560 regna,
1001 1479 1116 1540 caeteri-

142 1585 200 1648 que
215 1567 290 1630 Itali.

122 1727 128 1739 Ι
180 1657 290 1721 Perdiu
311 1661 385 1721 Itota
406 1659 511 1722 habuit
530 1658 722 1742 privilegium
743 1657 903 1720 relationes
920 1675 1116 1739 processuum

142 1745 179 1807 ad
192 1747 450 1811 canonizationem
470 1751 523 1812 SS.
540 1749 756 1831 pertinentium
774 1746 922 1822 lacIendi3
941 1747 994 1809 sed
1011 1767 1047 1810 eo
1063 1747 1118 1810 luit

142 1835 255 1917 privata
268 1835 307 1897 ab
321 1838 442 1901 Urbano
456 1841 531 1901 VIII.
551 1841 639 1900 Nunc
653 1837 690 1899 ad
706 1838 786 1898 illam
801 1835 971 1900 referuntur
985 1837 1117 1919 appella-

141 1924 238 1986 tiones
247 1944 404 1989 causarum
415 1927 616 2009 spiritualium
626 1926 734 1988 detoto
742 1925 868 2000 munda,
878 1944 1037 1988 causarum
1049 1929 1118 1989 vero

141 2015 273 2077 civilium
287 2033 325 2077 ex
343 2017 407 2078 solo
422 2019 505 2078 Statu
519 2014 747 2092 Ecclesiastico,
762 2014 980 2091 moddcausae,
996 2016 1118 2097 quando

142 2111 210 2166 suut
237 2105 379 2184 privatae,
403 2103 550 2166 excedant
578 2121 731 2165 summam
758 2107 818 2165 500
843 2101 1040 2182 ducatorum,
1068 2113 1119 2167 out

141 2196 180 2254 al
194 2193 384 2266 ducatorum,
402 2190 524 2273 quando
538 2201 609 2253 sunt
625 2191 826 2254 beneficiales.

182 2285 250 2344 799.
275 2281 377 2342 Causae
394 2289 496 2342 autem
512 2280 656 2362 publicae,
671 2301 700 2342 v.
716 2301 746 2362 g.
772 2299 871 2344 causae
891 2280 1117 2363 praecedentiae,

142 2389 211 2452 quae
221 2387 282 2430 non
291 2387 402 2447 uuum,
413 2369 466 2432 sed
477 2387 584 2432 omnes
593 2372 789 2432 Successores
800 2370 957 2452 Dignitatis
971 2377 1117 2452 spectant,

142 2477 261 2540 semper
275 2458 314 2520 ad
327 2460 434 2520 Rotam
456 2459 488 2520 in
507 2461 599 2522 causa
612 2459 821 2542 appellationis
842 2459 951 2521 deferri
973 2465 1117 2540 possunt;

143 2548 206 2622 sed,
220 2549 306 2628 juxta
321 2547 434 2624 Bouix,
457 2547 495 2611 de
517 2547 609 2611 nullis
626 2549 725 2610 causis
738 2551 814 2610 Rota
828 2555 925 2630 potest
937 2565 1120 2628 cognoscere

142 2637 199 2700 nisi
214 2637 252 2699 de
265 2637 309 2700 eis
323 2655 393 2720 quae
407 2637 463 2720 ipsi
478 2639 537 2700 IS.
553 2636 700 2701 Pontidce
712 2638 944 2701 committuntur
954 2637 1011 2717 (Ile
1026 2637 1120 2702 Cariat

144 2727 288 2797 Ronronci,
307 2746 338 2808 p.
358 2729 432 2803 2803
450 2734 480 2789 et
494 2727 656 2804 Stremler,
672 2728 737 2790 Des
754 2728 857 2810 peiraco
874 2727 1116 2808 eeclesiasn'ques,

144 2834 174 2896 p.
186 2818 267 2893 488).
281 2816 385 2878 Causae
400 2817 471 2878 vero
484 2816 657 2879 criminales
678 2815 716 2878 ad
732 2818 840 2878 Itotum
855 2835 917 2878 non
931 2815 1117 2880 deferuntur.

182 2907 252 2966 000.
276 2904 1120 2988 QuamvissententiaeTribunaIIsltotaesintmaguipon·

142 2992 238 3070 deris,
260 2991 299 3054 ob
319 2993 475 3055 scientiam
490 2995 592 3076 legum
614 3001 645 3057 et
666 2995 869 3075 integritatem
882 2995 1040 3075 JudIcurn,
1057 3016 1119 3058 non

142 3089 244 3144 tamen
257 3081 396 3144 eamdem
415 3082 526 3144 habent
539 3083 747 3146 auctoritatem
760 3102 797 3147 ac
810 3086 968 3147 sentenIIae
983 3087 1118 3166 Congre-

142 3173 299 3253 gatIonum
320 3174 547 3249 Romanarum,
563 3177 593 3234 et
612 3179 696 3235 actus
715 3173 844 3236 aliorum
864 3174 1118 3256 supradictorum

142 3260 374 3324 Tribunalium:
397 3259 653 3342 Congregationes
673 3261 774 3340 enim,
795 3269 886 3346 prout
902 3264 966 3343 jam
987 3263 1119 3328 diximus

143 3352 242 3429 (780),
265 3355 294 3412 el
319 3349 375 3411 alia
400 3349 524 3431 praesata
543 3351 717 3414 Tribunalia
740 3352 880 3414 eamdem
905 3372 1065 3434 personam
1089 3361 1119 3416 et

142 3439 224 3502 idem
237 3438 368 3500 tribuual
381 3437 495 3500 faciunt
508 3457 580 3503 cum
593 3443 674 3522 Papa
688 3440 720 3502 iu
735 3441 771 3502 iis
788 3459 857 3523 quae
867 3441 939 3522 Ipsis
953 3448 1023 3504 sunt
1036 3443 1117 3504 altri-

145 3527 215 3590 buta
223 3545 232 3602 ;
248 3527 330 3591 unde
345 3527 486 3590 nonlicet
499 3527 537 3590 ab
550 3545 659 3592 eorum
672 3529 876 3612 sententjisad
891 3531 1003 3612 Papam
1018 3531 1118 3612 appel-
