2578 4008
186 277 245 341 338
402 299 543 350 uernans
563 305 666 354 rouus
687 309 768 358 suuis
790 311 935 362 canonici.

185 419 202 458 a
226 405 293 462 sont
307 403 435 487 abroges
445 426 483 469 en
499 427 534 470 oe
547 413 636 493 qu'ils
650 420 703 477 ont
725 415 763 480 de
776 422 957 486 contrairet
976 424 1004 486 la
1018 425 1160 493 doctrino

185 508 200 548 u
225 496 254 551 el
268 510 324 553 aux
337 493 439 558 loisde
455 483 586 581 l'Eglise.
602 525 618 562 o

224 579 281 640 Sed
292 581 380 643 hodie
394 602 485 648 cause
502 589 639 654 finitaest
651 593 721 657 cum
735 597 830 660 Vallo.
842 600 1057 666 Gonodixerit
1072 607 1159 673 Sedis

185 665 309 749 etpost...
313 669 467 751 judicium
479 675 497 738 d
509 679 625 742 nemine
638 681 703 765 sore
712 689 937 753 retractandum
950 689 992 771 (S.
1007 693 1097 770 1v‚c.
1109 702 1128 762 3
1144 700 1155 736 l

286 809 390 826 ’.Ν-

429 947 685 1022 ulssuntltlo
709 949 898 1028 SECUNDA.

294 1109 344 1174 on¹
359 1109 557 1191 nrnnsnornn
580 1112 835 1164 rumsororroms
858 1115 892 1164 m
918 1117 1038 1166 srsom.

224 1261 293 1322 670.
320 1280 335 1318 o
355 1259 432 1321 Ginn
456 1257 679 1338 (iurisdictionis
697 1261 884 1344 Hierarchla)
899 1265 1028 1349 pendeat
1046 1267 1084 1328 ab
1097 1271 1158 1330 im-

184 1368 200 1408 υ
225 1348 307 1428 perio
321 1347 352 1410 in
368 1347 513 1425 subditos,
524 1369 623 1432 neque
638 1350 695 1413 lroc
703 1351 865 1432 imperium
876 1353 906 1414 in
921 1355 1159 1439 omnihusEpis

184 1457 199 1495 r
224 1437 307 1519 copis
325 1455 422 1500 unum
446 1437 586 1519 idemque
615 1439 672 1515 sit,
703 1439 790 1503 facile
820 1441 996 1524 intelligitur
1022 1445 1159 1526 dispares

184 1545 199 1584 r
224 1543 328 1588 eorum
347 1527 458 1612 gradus
475 1546 541 1589 esse
563 1535 711 1610 oportere.
733 1531 830 1602 Quare
847 1531 904 1594 alic
926 1540 972 1594 est
988 1535 1159 1613 Jurisdiotio

185 1635 199 1672 n
224 1615 363 1696 Episcopi
380 1617 431 1698 qui
447 1635 540 1678 unam
553 1617 706 1680 dioecesim
718 1619 804 1701 regit,
821 1620 878 1683 alia
893 1623 1088 1705 Metropolitae
1102 1627 1156 1708 qui

184 1723 200 1762 a
225 1703 1156 1794 provinciae,aliaPatriarolraequipluribusprovinciispraeest,

184 1811 200 1850 n
223 1790 281 1852 alia
294 1790 425 1874 denique
439 1795 555 1856 Summi
571 1797 723 1860 Pontificis
737 1817 828 1880 quem
841 1799 974 1864 Christus
987 1803 1040 1863 toti
1055 1803 1159 1868 Eccle-

184 1900 201 1942 ι
224 1879 428 1968 siaepraeiecit.
445 1906 459 1942 o
478 1885 578 1947 llevoti
593 1886 654 1966 (lib.
674 1888 763 1966 ulit.
779 1893 814 1966 2,
829 1887 847 1970 ξ
860 1892 901 1968 l).

478 2175 481 2182 .
560 2081 707 2151 orror
732 2085 762 2152 1.

487 2225 533 2274 DE
562 2227 589 2276 S.
622 2225 845 2277 rourfflcu.

224 2369 292 2427 d'lt.
320 2365 514 2427 «Ordiamur
528 2368 544 2428 a
559 2369 591 2428 S.
612 2367 775 2446 Pontiiice,
797 2371 885 2448 cujus
899 2369 930 2431 in
954 2369 1157 2437 ecclesiastice

183 2477 198 2514 s
223 2455 397 2518 Hierarchit
412 2473 573 2536 supremus
596 2456 706 2538 gradus
720 2465 749 2520 et
765 2475 885 2520 summa
903 2465 1034 2541 potestas
1056 2469 1111 2524 est.
1127 2467 1155 2527 ls

183 2566 198 2602 o
221 2551 342 2607 uocatur
367 2545 481 2626 Populo
500 2563 598 2627 graeco
612 2546 703 2608 verbo
717 2547 923 2610 sssssflatine
942 2557 1049 2630 poter,
1071 2554 1154 2634 quod

183 2655 198 2691 n
223 2652 335 2697 nomen
349 2633 434 2696 initio
446 2635 603 2717 proprium
617 2635 820 2701 suitomnium
834 2637 1067 2720 Episcoporum;
1079 2643 1155 2722 quin

184 2744 198 2782 o
222 2721 312 2784 ctiam
325 2725 405 2806 saepe
425 2723 463 2786 ad
480 2725 614 2786 minores
628 2744 750 2808 quoque
769 2727 894 2790 clericos
907 2727 1083 2791 translatum
1096 2740 1153 2795 est.

183 2832 198 2869 r>
223 2809 282 2872 Sed
302 2812 419 2892 jamdiu
436 2813 517 2876 solus
538 2813 695 2878 Romanus
716 2817 852 2880 Pontifex
870 2835 908 2878 eo
929 2817 1054 2880 nomine
1074 2817 1155 2883 desi·

184 2921 197 2958 u
222 2905 368 2980 gnatus.»

223 2989 303 3070 Papa
316 3007 378 3052 non
387 2995 485 3072 potest
497 2991 553 3054 sibi
571 3012 774 3059 successorem
789 2996 918 3078 eligere,
930 3002 960 3060 et
974 2998 999 3059 si
1013 2998 1152 3080 elegerit,

183 3076 299 3154 electio,
313 3078 396 3158 juxta
417 3079 527 3143 multos
545 3088 712 3148 auctorest
731 3087 867 3149 Ferrorio
882 3089 932 3165 (V⁰
948 3087 1049 3170 Papo,
1073 3101 1106 3151 n⁰
1126 3093 1155 3170 l)

183 3165 305 3244 relatos,
319 3167 412 3230 etiam
423 3169 491 3247 jure
499 3169 600 3234 divino
614 3173 670 3237 erit
683 3175 766 3238 irrita
780 3177 836 3238 :de
850 3177 909 3240 hoc
921 3183 1024 3240 tamen
1037 3187 1154 3243 contro

183 3255 305 3319 vertitur
328 3263 362 3318 ut
380 3257 482 3322 videre
499 3266 544 3322 est
563 3279 612 3343 ap.
634 3265 671 3326 D.
697 3267 792 3328 Bouix
812 3266 868 3345 (De
891 3265 1152 3350 Coriolanum,

182 3364 213 3428 p.
230 3346 310 3424 125).
326 3381 365 3392 -
378 3347 523 3427 Objicitur
542 3351 666 3433 quidem
689 3356 720 3417 S.
742 3358 863 3418 Petrum
882 3355 1008 3438 elegisse
1032 3359 1063 3420 S.
1085 3359 1154 3422 Cle-

182 3443 331 3512 mentem3
343 3435 396 3498 sed
409 3436 514 3501 dehoc
528 3443 635 3521 parum
649 3450 781 3522 constat;
797 3452 826 3509 et
840 3446 915 3508 nihil
929 3445 999 3508 inde
1012 3448 1152 3512 concludi

182 3532 278 3606 potest
291 3545 326 3588 ex
340 3524 448 3589 eodem
462 3527 599 3592 Ferrario
617 3531 685 3612 (ia,
704 3533 745 3595 n¹·
759 3539 799 3612 5,
814 3537 854 3618 8).
875 3571 915 3582 -
929 3537 1090 3599 Pontifices
1103 3539 1153 3602 alii

182 3613 306 3694 quidam
327 3615 523 3696 designarunt
541 3637 633 3700 quem
647 3621 817 3703 digniorem
831 3628 958 3687 Summo
972 3625 1154 3692 Pmrtilicatu

183 3701 401 3780 existimabant,
415 3705 468 3766 sed
483 3707 603 3787 ipsimet
615 3709 793 3774 electionem
809 3731 871 3776 non
884 3713 1073 3796 perfecerunt
1083 3717 1151 3792 lib..
