2578 4008
510 289 597 336 arnse
618 289 734 336 ramus.
1049 283 1101 340 tul

134 385 224 451 tionis
251 385 459 448 administrare
485 385 516 448 in
544 385 677 448 ecclesiis
704 385 903 468 regularium,
927 392 1017 450 etiam
1046 409 1105 452 non

134 475 356 558 parochialibus
370 474 496 552 (Bened.
507 477 584 552 XlV,
598 473 653 551 io,
667 475 685 554 ξ
698 478 739 552 6).

173 569 244 628 584.
267 565 317 628 Sic
338 568 389 625 l2⁰
410 581 471 626 non
497 565 615 625 tantbm
639 565 793 644 regulares
814 565 936 648 parochi
958 569 1107 652 Episcopo

133 653 336 731 subiiciuntur
348 653 448 734 quoad
457 671 560 714 curam
575 652 761 732 animarum,
771 653 824 716 sed
835 673 942 718 onmes
957 659 1107 738 regulares

133 741 233 826 quoad
260 749 518 804 sacramentorum
532 741 842 820 administrationem,
864 763 935 825 erga
950 747 1107 810 saeculares

133 831 186 914 qui
201 850 263 894 non
277 838 349 894 sunt
361 831 440 894 intra
452 839 536 913 septa
549 831 722 893 monasterii
732 840 761 894 et
774 833 830 894 sub
837 835 1021 914 regularium
1034 836 1107 899 obe-

131 919 247 984 dientia
267 923 368 1002 (Greg.
395 921 462 996 XV,
493 921 593 982 Consl.
623 919 840 1002 inscrutabili).
869 925 980 1005 Nequit
1005 931 1107 988 tamen

134 1009 302 1092 Episcopus
315 1027 370 1092 pro
382 1008 505 1072 arbitrio
517 1025 624 1070 omnes
643 1009 733 1072 simul
747 1011 838 1072 unius
851 1015 1017 1076 conventus
1032 1031 1107 1076 con-

133 1097 274 1164 fessarios
292 1100 356 1178 iam
381 1097 560 1180 approbatos
579 1097 716 1161 facultate
742 1099 946 1164 confessiones
965 1101 1106 1166 audiendi

135 1189 262 1272 privare.
279 1189 371 1250 Clem.
383 1189 421 1261 X,
431 1189 532 1250 Const.
547 1187 735 1268 Supersu—
742 1188 887 1266 Ferraria,
898 1199 927 1252 v⁰
937 1191 1105 1274 Regulam,

135 1285 191 1344 art.
207 1283 241 1354 2,
258 1287 291 1340 n⁰
305 1281 343 1340 5:
370 1277 548 1338 «Praeterea
562 1283 681 1338 notetur
695 1277 878 1358 Episcopum
892 1297 980 1360 posse
994 1281 1108 1361 regula·

133 1388 150 1426 o
174 1365 258 1429 ribus
272 1365 449 1429 interdicere
464 1365 599 1427 auditum
613 1363 837 1427 confessionum
852 1367 883 1428 in
897 1370 1025 1450 propriis
1039 1370 1108 1431 aedi·

134 1479 150 1516 n
174 1454 1105 1536 bus,sivecellis,juxtadecretum....S.Congr....annol6l9,

133 1568 152 1606 u
175 1549 213 1608 15
227 1553 315 1627 sept..
332 1553 366 1607 ut
378 1543 470 1606 videri
486 1551 582 1626 potest
594 1543 713 1626 apud...
731 1545 862 1606 Ferraris
876 1547 915 1625 (v0
930 1547 1104 1628 depuleris,

133 1657 151 1695 r>
174 1641 229 1698 art.
246 1637 286 1713 ἢ).
303 1635 403 1696 Potest
413 1634 503 1694 etiam
517 1640 617 1695 vetare
631 1632 773 1694 omnibus
783 1633 972 1697 confessariis
986 1635 1107 1699 audien·

134 1747 149 1784 a
174 1724 247 1786 tiam
260 1721 485 1788 confessionum
507 1722 670 1784 mulierum
683 1729 735 1784 aul
752 1724 921 1804 puellarum
937 1731 1019 1787 extra
1033 1743 1106 1788 con-

133 1838 150 1873 a
173 1811 350 1888 fessionale,
364 1812 421 1874 sub
435 1815 524 1894 poenl
538 1811 745 1893 suspensionis
765 1811 803 1874 ab
819 1813 977 1876 audiendis
988 1815 1105 1878 confr's-

133 1927 149 1962 n
173 1902 327 1979 sionibus,
350 1919 387 1964 ex
409 1899 530 1964 decreto
550 1901 673 1980 Congu,
696 1905 734 1964 18
747 1899 884 1964 decemb.
911 1907 1006 1982 lost,
1026 1905 1106 1985 apud

135 2015 151 2052 o
174 1991 318 2056 eumdem
330 1990 512 2052 Ferrarium.
528 2012 544 2050 n
562 1991 593 2052 S.
607 1991 742 2071 Lignea,
757 1987 792 2053 de
807 1992 990 2074 tractuque,
1007 2003 1040 2054 n⁰
1054 1999 1103 2056 78.

173 2085 245 2146 585.
267 2081 317 2144 Sic
338 2082 389 2144 13⁰
411 2080 564 2161 regulares
586 2079 676 2141 ctiam
698 2080 849 2160 exempti,
870 2079 935 2143 dies
957 2079 1047 2144 festos
1068 2081 1107 2143 ab

133 2171 284 2252 Episcopo
302 2168 491 2252 praescriptos
509 2168 667 2229 observare
684 2166 814 2244 debent,
829 2169 888 2230 ritu
902 2177 1003 2232 molen
1016 2189 1105 2251 regu-

134 2260 243 2322 larium
253 2256 353 2342 quoad
364 2257 469 2320 missas
478 2262 508 2318 et
518 2264 624 2318 cetera
633 2255 732 2318 officia
741 2258 845 2335 (Cone.
856 2257 951 2330 'l'rid.‚
964 2277 1037 2320 sess.
1050 2263 1104 2332 25,

134 2368 201 2432 cap.
219 2353 272 2426 lb,
288 2347 323 2410 de
336 2349 422 2428 rep).
438 2345 513 2409 Vide
525 2345 692 2421 Reiffenst.,
707 2346 758 2408 lib.
776 2350 805 2424 l,
823 2346 865 2407 tit.
881 2349 932 2416 31.
948 2357 981 2408 n⁰
997 2351 1064 2408 lar.

174 2442 245 2502 586.
263 2439 312 2500 Sic
336 2439 385 2498 ll⁰
409 2453 471 2498 non
494 2435 563 2498 licet
583 2435 791 2515 regularibus,
815 2437 905 2498 etiam
926 2436 957 2498 in
979 2437 1106 2518 propriis

134 2527 288 2603 ecclesiis,
304 2527 357 2589 SS.
372 2523 565 2587 Eucharistiae
573 2525 802 2587 Sacramentum
814 2526 932 2607 publice
940 2544 1103 2608 exponere,

133 2617 193 2680 nisi
212 2636 249 2679 ex
270 2619 360 2680 causd
381 2614 503 2697 publica
515 2615 554 2678 ab
567 2613 725 2676 Ordinario
739 2615 883 2696 probata,
900 2615 956 2676 nisi
975 2615 1105 2696 legitime

134 2707 293 2770 invaluerit
315 2702 502 2768 consuetudo
521 2704 670 2766 contraria
686 2723 693 2764 :
709 2703 752 2765 sic
765 2703 900 2766 decisum
915 2706 932 2766 a
946 2705 978 2766 S.
994 2705 1102 2786 Congr.

134 2797 255 2874 niceo
267 2794 341 2857 lebr.
352 2797 441 2858 lell.
451 2795 487 2854 V.
499 2793 604 2866 Bouix,
615 2793 659 2855 De
668 2792 788 2874 Regni„
800 2801 821 2854 t.
833 2797 863 2870 E,
872 2813 902 2880 p.
915 2795 1106 2856 als-Licet

134 2885 288 2948 eistamen
296 2883 370 2946 illud
377 2901 527 2964 exponere
535 2883 669 2944 excausa
678 2883 791 2964 privata
799 2888 827 2944 et
835 2882 946 2962 absque
957 2883 1105 2946 Ordinarii

135 2973 256 3038 licentia
269 2974 300 3036 in
314 2972 421 3036 ostiolo
434 2971 619 3034 tabernaculi
632 2977 683 3034 aut
697 2971 728 3032 in
742 2971 843 3054 pixide
856 2973 1006 3048 velatum,
1021 2973 1061 3036 ita
1074 2981 1106 3036 ut

135 3063 235 3126 hostia
246 3061 340 3124 videri
356 3067 484 3144 nequeat
495 3061 672 3140 (liddensi,
688 3059 774 3137 ibid,
786 3071 819 3121 n·
834 3063 912 3136 139).

175 3155 245 3215 587.
262 3152 312 3214 Sic
326 3154 377 3214 ts·
391 3149 549 3233 prohibere
559 3155 656 3231 potest
665 3149 830 3230 Episcopus
844 3165 882 3210 ne
897 3149 928 3210 in
942 3149 1004 3214 suis
1014 3151 1107 3215 eccle-

135 3241 188 3306 siis
212 3241 365 3322 regulares
386 3239 544 3302 admittent
569 3235 606 3300 ad
633 3237 866 3300 celebrationem
892 3239 990 3302 missae
1010 3249 1105 3304 extra-

135 3347 211 3393 neos
238 3331 304 3392 sine
325 3329 419 3412 ipsius
446 3327 565 3389 licentia
587 3325 711 3404 (Bened.
731 3329 807 3402 lllV,
831 3326 865 3390 dc
882 3327 973 3409 Syra,
994 3328 1045 3392 lib.
1065 3334 1103 3404 9,

134 3437 203 3501 cap.
221 3423 276 3496 lb,
290 3437 325 3480 nl
337 3421 380 3495 9.)
393 3417 582 3498 lmdipsimet
595 3416 746 3497 regulares
760 3417 891 3478 extranei
907 3435 967 3477 non
982 3424 1107 3498 possunt

135 3526 277 3572 exercere
299 3505 468 3570 functiones
489 3505 650 3581 ordinum,
671 3507 834 3586 prasertim
862 3505 894 3566 in
916 3506 1049 3567 ecclesiis
1068 3505 1106 3567 ad

138 3597 297 3680 propriam
324 3595 594 3678 Congregatiunem
621 3611 684 3656 non
705 3591 926 3675 spectantibus,
945 3594 1003 3654 nisi
1024 3595 1105 3675 prins

137 3686 288 3768 Episcopo
301 3684 348 3746 rel
362 3683 426 3748 suis
437 3685 564 3748 vicariis
582 3681 768 3746 ostenderint
787 3681 970 3762 superiorum
989 3700 1103 3743 sumum
