2546 3992
191 270 251 338 521
412 277 550 336 nanuum
569 279 670 336 ronus‘
690 289 771 334 sums
791 287 938 334 assumor.

190 383 287 446 sandi.
313 384 424 460 Bouix,
447 383 490 445 Dc
512 381 681 466 Episcopo,
696 385 766 460 19,
781 400 812 463 p.
828 383 866 444 93
880 388 910 444 61
932 383 991 460 91);
1010 381 1172 462 Ferraris,

191 485 220 534 v·
230 473 332 552 Festo,
348 475 389 535 η’·
404 478 453 550 99,
469 476 519 544 91,
535 480 594 535 616.

230 567 300 624 att.
319 561 591 644 «Dispensationes
609 579 701 644 super
714 559 902 623 observantis
924 561 1172 644 uuaursgesimae

191 673 207 711 r
231 651 433 714 concedendae
448 670 508 712 non
524 657 614 724 sunt,
638 649 697 710 nisi
716 649 833 728 adjecto
847 657 998 732 praecepto
1017 650 1055 713 de
1080 651 1171 713 unica

192 761 207 798 s
232 741 415 804 comestione
429 745 459 802 et
471 739 509 802 de
528 757 591 802 non
604 737 821 820 permiscendis
838 737 946 818 epulis.
959 759 975 796 n
994 739 1097 801 Const.
1114 739 1172 802 Co›

192 829 338 910 potuimus
351 836 382 892 61
394 829 518 892 constit.
533 827 723 890 Frctccnitos
737 825 850 888 Bened.
866 828 944 904 XIV,
960 845 1009 909 ap.
1022 828 1170 899 Fermris,

192 927 224 978 v⁰
233 917 429 998 Dr'spcnsatio,
446 919 477 977 n⁰
491 919 540 978 59.

233 1010 303 1068 915.
326 1006 446 1077 Ouarit.
464 1011 494 1067 1ο
508 1003 629 1083 Utrum,
644 1005 676 1067 in
690 1003 821 1086 praeiatis
833 1001 975 1085 legibus,
992 1003 1108 1085 absque
1120 1007 1172 1066 ln-

194 1094 279 1156 dunc
297 1093 467 1171 Pontificio,
489 1093 628 1177 Episcopi
651 1093 770 1156 valeant
790 1093 965 1174 dispensare
991 1093 1173 1172 generaliter

196 1182 294 1265 quoad
308 1175 400 1245 totam
412 1183 579 1246 dioecesim.

234 1271 323 1354 Resp.
338 1275 429 1335 Juxta
442 1275 474 1334 S.
490 1272 625 1354 Liguor,
639 1270 692 1333 lib.
707 1271 738 1350 3,
756 1274 790 1334 n'
805 1273 899 1333 tuoe:
915 1271 1078 1333 «Potest...
1088 1271 1172 1354 Epis·

195 1382 210 1420 r
234 1378 349 1442 oopus,
363 1361 403 1424 ob
417 1360 577 1442 aliqualem
590 1359 751 1442 specialem
764 1377 905 1433 causam,
919 1358 1096 1442 dispensare
1116 1379 1173 1442 pro

196 1471 211 1510 s
235 1454 297 1512 unt
310 1453 372 1514 vice
388 1469 419 1512 m
433 1451 498 1532 lege
512 1449 671 1512 universali
682 1449 804 1529 jejunii,
821 1455 874 1511 aut
884 1455 1084 1511 commutare:
1100 1453 1172 1512 cirm

196 1561 211 1598 s
236 1541 302 1618 ejus
315 1539 446 1602 officium
457 1540 494 1602 sit
513 1539 599 1601 saluti
615 1556 738 1600 suarum
751 1538 853 1601 ovium
869 1537 1026 1619 invigilare
1039 1544 1070 1599 et
1083 1555 1173 1600 scan-

196 1650 211 1687 n
235 1628 302 1690 duta
315 1627 505 1691 intirmorum
518 1628 633 1703 tollere,
646 1633 718 1709 puta
731 1625 756 1689 si
770 1626 938 1708 periculum
951 1625 990 1688 sit
1002 1625 1113 1688 alicubi
1129 1628 1173 1706 je

196 1739 212 1776 o
233 1717 355 1796 junium
370 1717 601 1779 nonobsercari.
617 1718 659 1778 lta
671 1719 861 1797 Laymann..,
876 1718 962 1787 nzor,
979 1713 1101 1777 Solm...
1112 1723 1170 1778 etc.

197 1827 214 1866 a
237 1805 310 1875 Sed,
328 1807 425 1885 pergit
438 1805 518 1866 idem
529 1807 671 1881 Sanctus,
682 1803 796 1866 Bened.
811 1805 889 1880 XlV,
903 1803 935 1865 in
949 1803 1036 1866 nulls
1048 1803 1174 1868 Prodiit

197 1916 212 1952 s
230 1891 422 1974 jamdudum,
437 1893 540 1973 §td.,
551 1893 625 1955 dixit
637 1892 817 1956 sententiam
829 1892 1009 1974 oppositam,
1024 1891 1171 1956 nimirum

197 2004 212 2041 r
239 1999 300 2043 non
322 1999 410 2064 posse
430 1981 596 2064 Episcopus
612 2000 667 2064 pro
687 1982 828 2044 uniuerso
847 1999 937 2063 grege
950 1980 1126 2064 dispensare
1140 1984 1172 2045 in

198 2093 213 2129 n
238 2069 305 2150 lege
326 2070 454 2150 jejunii,
469 2089 534 2133 csse
548 2089 610 2132 non
625 2067 716 2132 modo
733 2070 989 2144 communiorem,
1006 2088 1078 2132 cunr
1092 2072 1172 2152 1161-

199 2181 213 2218 s
238 2159 356 2222 naud...
368 2159 483 2234 literati,
497 2160 602 2234 Diana,
615 2158 784 2236 Monaceili,
795 2158 932 2221 Leandro
939 2165 970 2222 et
978 2160 1108 2236 Fenari,
1119 2162 1172 2224 sed

197 2271 213 2310 c
237 2250 328 2312 etiam
345 2249 442 2330 magis
463 2249 570 2310 rationi
591 2255 836 2310 consentaneam.
861 2249 897 2308 nt
910 2247 1031 2328 sioipse
1044 2265 1171 2330 respon-

198 2361 213 2399 s
237 2337 282 2400 dit
292 2337 472 2420 quibusdam
486 2337 643 2419 Episcopis
656 2337 831 2418 rogantibus
846 2353 884 2398 an
899 2337 1172 2418 possentVigitiam

198 2449 213 2488 a
238 2429 270 2491 S.
286 2427 417 2490 Matthiae
430 2425 614 2489 occurrentis
633 2425 666 2487 in
684 2426 790 2488 ultimo
803 2424 853 2487 die
866 2423 1115 2504 Bacchanalium,
1133 2427 1173 2490 ad
1269 2443 1270 2502 ζ

198 2539 215 2577 r
238 2516 411 2599 praecedens
424 2515 586 2578 Sabbatum
598 2512 769 2576 transferre.
784 2535 800 2573 a
817 2515 853 2575 nt
866 2517 969 2576 revera
981 2516 1052 2576 cunr
1064 2515 1174 2596 agatur

199 2605 325 2686 delego
349 2605 388 2667 ad
411 2605 461 2683 jus
487 2621 650 2666 commune
673 2604 858 2683 pertinente,
880 2603 1042 2684 Episcopi,
1072 2604 1174 2686 inquit

201 2695 295 2757 Bouix
311 2694 369 2775 (Dc
378 2693 531 2774 Episcopo,
540 2701 563 2754 t.
574 2697 604 2762 9,
616 2711 646 2772 p.
658 2693 720 2767 96),
731 2691 762 2752 in
772 2695 809 2754 ea
817 2688 990 2772 dispensare
1003 2701 1170 2773 nequeunt,

201 2783 257 2846 nisi
272 2783 345 2846 iilud
359 2782 432 2864 ipsis
441 2781 477 2843 sit
489 2797 677 2856 concessum,
689 2778 771 2860 quod
783 2778 843 2842 dici
858 2781 961 2860 nequit
975 2780 1006 2840 in
1016 2798 1086 2842 casu
1096 2799 1173 2862 prro

201 2875 295 2948 senti;
313 2879 343 2933 ct
356 2869 439 2952 qnod
450 2867 560 2930 dicitur
572 2868 623 2930 hic
639 2867 678 2929 de
692 2866 756 2948 lege
767 2867 886 2948 Jejunii,
899 2867 1061 2930 dicendum
1075 2877 1119 2932 cst
1132 2870 1171 2933 da

201 2960 267 3040 lege
279 2958 466 3022 abstinentiae
477 2956 655 3034 scurribus,
670 2955 746 3018 etde
754 2962 905 3041 precepto
914 2955 1101 3039 aboperibua
1111 2976 1172 3022 ser·

200 3047 308 3111 vilibus
320 3045 426 3108 diebus
440 3043 522 3106 iestis
535 3061 567 3106 se
580 3043 760 3106 abstinendi.

240 3139 310 3198 916.
336 3138 384 3194 An
404 3139 506 3196 autem
531 3131 604 3195 illud
710 3133 828 3214 possint
847 3133 987 3218 Episcopi
1011 3135 1170 3202 saltemvi
1269 3127 1270 3130 ¹

200 3222 437 3296 consuetudinis,
457 3239 526 3301 quae
540 3221 571 3282 in
586 3218 766 3301 quibusdam
783 3220 866 3298 locis,
880 3241 909 3285 v.
925 3243 969 3306 g,
985 3225 1017 3286 in
1035 3225 1171 3307 pluribus

203 3313 304 3377 Galliae
319 3309 519 3385 Dioecesibus,
535 3309 624 3389 viget,
639 3314 672 3370 ut
686 3309 741 3389 ipsi
757 3311 933 3390 generaliter
947 3312 977 3373 in
998 3313 1063 3396 iege
1077 3315 1171 3378 absti-

204 3401 313 3464 nentiae
331 3397 602 3478 Quadragesimalis
615 3395 789 3477 dispensent
802 3397 915 3480 absque
936 3400 1054 3464 ludulto
1067 3405 1170 3466 Ponti·

203 3490 273 3553 ficio
286 3489 435 3568 t—Ncgat
445 3487 481 3546 D.
493 3485 597 3554 Bouix.
616 3484 658 3546 Dc
670 3483 827 3566 Episcopo,
841 3494 915 3550 tom.
930 3493 960 3560 9,
971 3508 1003 3572 p.
1014 3495 1063 3555 99.
1079 3494 1171 3558 Nobis

203 3585 325 3652 tamen,
344 3579 455 3638 attento
475 3573 566 3652 tango
588 3579 722 3652 tempore
741 3591 804 3652 quo
825 3577 1003 3654 generaliter
1015 3581 1095 3662 apud
1115 3601 1170 3646 nos

205 3667 298 3742 viguit
318 3660 489 3744 hujusmodi
511 3657 716 3732 consuetudo,
737 3659 857 3724 difficile
875 3665 990 3728 videtur
1003 3669 1084 3750 qudd
1107 3689 1169 3736 nou
