2496 3992
435 239 523 291 isim
542 240 659 291 ibim.

198 395 378 464 numentano
390 397 447 449 turo
457 395 584 450 sententies
595 395 621 451 8.
637 395 752 464 Pontifici
762 405 895 456 reserentes

94 529 119 582 i.
137 529 330 596 suspensionem
343 529 397 595 ipsu
411 529 478 582 iusto
491 529 622 581 incurrunt
640 545 653 581 s
673 546 775 582 suornm
788 531 966 586 tenendorum
978 549 1037 602 per·

63 601 186 668 ceptione.
202 601 233 652 sd
246 601 426 668 beneptscitnm
436 600 461 652 S.
472 599 552 663 Sedis,
566 602 677 666 Gepituie
688 608 712 653 et
724 603 864 656 Consentes
877 606 1036 660 ercissierum

62 678 90 724 et
101 672 317 729 monasteriorum.
329 671 421 739 eiiique
439 687 525 723 omnes
543 673 586 738 qui
599 673 629 723 ed
643 673 740 724 itisrum
757 690 800 725 seu
815 675 914 728 iiiornrn
927 677 1036 742 regimen

67 748 90 800 st
109 743 345 794 administrationem
358 742 480 808 recipiunt
489 741 620 808 Episcopus
634 745 726 796 eiicere
741 745 856 797 Preietos
866 748 898 798 de
912 748 1035 812 predictis

64 815 175 868 ecclesiis
187 831 232 867 seu
247 813 401 867 monasteriis
412 815 477 881 spud
493 815 606 866 eumdem
621 815 648 867 S.
663 815 750 866 Sedem
764 816 852 884 quovis
865 818 940 870 modo
953 818 1036 884 pruri-

61 900 116 948 sos,
129 895 260 954 sntequem
273 887 318 950 ipsi
332 885 489 938 exhibuerint
503 885 606 936 Littnrus
618 889 771 952 spostolicae
780 889 861 940 desns
871 889 1034 954 promotione.

95 957 119 1007 2.
137 957 330 1023 suspensionem
340 973 382 1020 per
390 956 522 1008 triennium
535 971 548 1007 e
562 957 694 1009 cniiettone
705 957 819 1010 ordinum
828 959 882 1025 ipso
891 959 947 1026 jure
957 959 1035 1012 incur-

61 1035 123 1080 runt
141 1029 248 1096 ntiquom
270 1028 412 1079 ordinantes
428 1027 522 1094 nbsqus
536 1027 609 1079 titulo
622 1029 735 1080 beneficii
750 1030 788 1081 rei
808 1029 957 1096 patrimonii,
979 1046 1036 1084 eune

65 1104 138 1164 pecto
150 1107 177 1148 ut
188 1099 316 1150 ordinatus
329 1113 379 1149 non
391 1105 457 1164 petet
469 1099 499 1148 eb
511 1097 570 1162 ipsis
584 1099 709 1152 siimente.

96 1169 120 1219 3.
138 1168 331 1235 suspensionem
346 1185 389 1234 per
400 1183 492 1220 snnurn
504 1168 537 1219 eb
551 1171 667 1220 ordinum
686 1170 901 1226 administrntious
916 1172 970 1240 ipso
981 1175 1037 1241 lure

65 1238 196 1292 incurrunt
212 1240 474 1293 Ordinantessiisnum
486 1240 622 1302 subditum,
638 1241 710 1292 etiem
730 1243 778 1294 sub
790 1251 909 1308 pretextu
922 1245 1036 1297 beneficii

65 1311 149 1362 stetim
169 1311 322 1372 conferendi,
336 1318 379 1362 eut
395 1313 445 1376 jem
467 1311 561 1368 colisti.
577 1312 621 1362 ssd
643 1313 744 1364 minime
767 1314 923 1374 sufficientis,
943 1316 1037 1382 absque

66 1383 122 1446 ejus
135 1383 247 1446 Episcopi
268 1384 356 1434 litteris
378 1381 592 1440 dimissurisiibus.
616 1381 655 1435 rei
673 1383 745 1434 etiem
758 1385 884 1436 subditum
898 1387 1035 1450 proprium,

67 1454 110 1517 qui
121 1454 178 1504 eiibi
189 1459 376 1517 tsntctempore
388 1453 544 1512 moretussit‚
559 1453 741 1505 utcnnonicnm
755 1456 959 1519 impedimentum
975 1473 1038 1507 con-

67 1523 164 1576 trahere
176 1525 209 1575 ibi
222 1526 338 1588 potuerit,
357 1523 450 1592 sbsque
461 1523 585 1576 ordinarii
596 1523 649 1591 ejus
663 1525 710 1576 ioci
722 1525 809 1576 titteris
820 1525 1035 1580 testimonialibus.

99 1595 122 1646 t.
140 1595 332 1662 suspensionem
349 1611 393 1661 per
406 1610 522 1646 ennums
539 1595 672 1646 coiietione
689 1597 805 1648 ordinum
820 1597 873 1662 ipsc
885 1599 940 1663 jure
950 1598 1038 1650 ineur-

68 1665 108 1725 rit,
119 1671 169 1732 qui,
186 1677 290 1733 excepto
314 1683 373 1718 cssn
394 1665 498 1730 legitimi
512 1665 641 1732 privilegii,
661 1666 772 1718 ordinem
785 1683 881 1718 secrum
896 1669 1037 1728 contulerit,

68 1738 162 1803 eisquc
179 1738 250 1789 titulo
263 1738 377 1790 beneficii
389 1739 427 1790 rei
439 1737 580 1801 patrimonii
590 1776 597 1798 ,
609 1739 699 1789 cierico
712 1739 737 1788 in
747 1739 828 1804 alique
843 1738 1039 1806 Gongrrgutione

69 1807 169 1868 viventi,
182 1809 208 1859 in
230 1823 278 1874 qun
302 1809 419 1860 soiemnis
432 1808 553 1876 professio
567 1823 617 1860 non
634 1809 764 1872 emittitur,
782 1810 820 1861 rel
837 1811 911 1862 etiem
923 1811 1038 1877 religioso

71 1879 181 1928 nondum
195 1879 315 1944 professo.

99 1949 122 2000 ὅ.
141 1947 334 2014 Suspensionem
351 1957 493 2018 perpetuom
512 1951 543 2002 eb
556 1950 672 2002 exercitio
685 1951 800 2002 ordinum
814 1953 867 2018 ipsc
877 1950 934 2019 isse
946 1953 1032 2004 incur·

69 2026 128 2072 sunt
139 2021 248 2086 religiosi
261 2022 342 2086 ejecti,
356 2029 421 2072 extre
435 2021 591 2086 Religionem
604 2022 731 2086 degentes.

101 2091 125 2142 b.
145 2091 336 2156 suspensionem
349 2091 380 2140 sb
392 2093 479 2142 ordine
495 2098 611 2156 suscepto
621 2093 674 2156 ipso
685 2093 738 2148 iure
748 2093 894 2152 incurrunt.
908 2093 950 2160 qui
966 2110 1037 2147 sum·

70 2165 125 2214 dem
135 2162 246 2213 ordinem
255 2162 362 2224 recipere
374 2169 583 2227 presumpserunt
594 2162 626 2212 sb
639 2163 852 2214 excommunicetu
862 2165 899 2216 rei
908 2179 1037 2230 suspenso,

70 2235 109 2284 vei
122 2233 255 2286 interdicto
266 2233 411 2286 nominatim
425 2231 589 2294 denuncietis,
601 2241 644 2284 ent
654 2233 685 2284 eb
698 2233 815 2286 heretico
829 2236 866 2286 rei
882 2235 1040 2288 schismatico

71 2305 169 2358 notorio
179 2322 248 2368 ;eum
257 2321 313 2357 roro
329 2305 371 2372 qui
382 2309 445 2356 bone
453 2305 521 2356 iidee
530 2304 742 2371 quopiemeorum
755 2313 792 2357 est
800 2305 938 2366 ordinetur,
947 2308 1040 2359 enerci-

71 2378 133 2428 tium
145 2391 194 2428 nou
207 2377 298 2430 bebere
311 2375 404 2428 ordinis
416 2377 451 2428 sie
462 2376 587 2442 suscepti,
601 2377 682 2428 donec
694 2377 861 2440 dispensetur,
875 2380 1038 2431 desiniemus.

102 2449 125 2501 i.
143 2447 229 2500 Clerici
241 2449 372 2499 seculares
386 2446 463 2499 exteri
473 2485 479 2506 .
491 2445 555 2498 uites
575 2453 683 2514 qustuor
695 2462 792 2500 menses
804 2447 829 2499 iu
844 2448 910 2501 Urbe
925 2463 1039 2500 eommo-

71 2525 163 2579 rnntes,
182 2519 289 2571 ordinati
305 2519 336 2570 sb
349 2519 398 2572 eiio
417 2533 491 2585 quem
503 2519 534 2570 nb
556 2517 611 2582 ipso
625 2533 672 2569 suo
684 2519 815 2571 dedideris
829 2519 923 2584 ubsque
942 2519 1038 2571 licentis

71 2592 143 2645 Cerd.
155 2591 228 2644 Urbis
238 2589 331 2651 vicarii,
345 2590 383 2642 rei
396 2590 490 2657 ubsque
503 2587 593 2654 pneris
607 2589 720 2642 examine
731 2604 814 2640 eorem
827 2589 915 2641 eudem
929 2596 1028 2656 perusto

72 2665 109 2714 vei
120 2663 193 2714 etiem
205 2679 218 2712 e
235 2663 333 2730 proprio
347 2661 476 2713 Ordineric
489 2667 648 2727 postesquem
657 2660 682 2710 in
696 2660 814 2724 predicto
827 2659 940 2712 esemine
952 2663 1038 2728 rejecti

73 2734 172 2794 suerius
179 2749 225 2786 nee
232 2732 368 2786 nunclerici
375 2731 524 2797 pertinentes
532 2733 561 2782 sd
571 2731 747 2798 ntiquemesex
756 2731 942 2797 Episcopstibus
953 2734 1032 2786 subus

72 2805 178 2866 bienniis,
194 2805 215 2856 si
226 2804 373 2855 ordinentur
383 2811 450 2856 entre
459 2817 527 2855 susm
542 2801 679 2862 dioecesim,
690 2801 942 2856 dimissurisiibussui
963 2805 1037 2857 Ordi-

72 2875 171 2928 neriind
183 2875 257 2926 eiiirm
266 2875 366 2927 directis
374 2889 447 2942 quem
456 2875 487 2926 ed
500 2873 570 2924 Cerd.
584 2873 655 2926 Urbis
666 2873 788 2924 Vicsrium
799 2891 806 2935 3
816 2875 853 2926 rei
868 2889 917 2927 non
932 2877 1038 2942 premis·

72 2946 286 2998 sisenteordinem
295 2961 391 2998 sucrum
402 2945 586 3010 suscipiendum
595 2944 895 3008 exercitiissprricuuiibus
903 2949 1037 3012 perdecem

72 3018 125 3070 dics
135 3018 160 3068 in
170 3017 245 3069 domo
254 3019 348 3068 urbsns
360 3019 517 3068 secerdotum
531 3030 545 3067 s
557 3015 673 3067 missione
683 3021 890 3082 nuncupatorum,
900 3018 1039 3084 suspensio·

72 3105 128 3141 nem
146 3087 178 3140 sb
196 3088 325 3138 ordinibus
343 3088 379 3140 sie
391 3088 521 3152 susceptis,
534 3087 564 3137 sd
584 3086 764 3152 beneptscitum
781 3089 808 3140 S.
827 3087 907 3150 Sedis,
919 3087 972 3154 ipsu
983 3090 1038 3156 jure

72 3161 201 3214 incurrunt
213 3176 220 3210 e
230 3159 342 3226 episcopi
355 3175 414 3212 reru
426 3159 577 3220 ordinantes,
591 3159 622 3209 sb
631 3159 861 3225 usupcntidcniium
870 3176 1012 3226 perannum
1030 3194 1036 3212 .

114 3243 255 3295 Sacerdotes
269 3245 294 3291 et
309 3241 393 3290 clerici
414 3243 485 3302 turpe
502 3239 691 3290 mercimonium
704 3244 846 3292 exercentes
864 3239 928 3292 circu
945 3242 1039 3305 stipen-

84 3316 124 3366 diu
135 3316 276 3365 missarum.
292 3313 331 3364 ci.
347 3312 377 3363 T.
392 3313 434 3375 ΙΙΙ,
446 3325 506 3375 epp.
527 3311 588 3377 tib]
604 3313 629 3364 t,

105 3396 127 3442 i.
140 3395 178 3440 itis
185 3391 353 3450 suspensionibus
362 3396 469 3446 umentes
479 3393 527 3432 sunt
536 3387 652 3446 sdjidendss
661 3399 675 3432 s
683 3385 800 3432 tridentino
808 3390 912 3440 mets.
923 3398 968 3442 qs·
977 3391 1044 3436 tenen

79 3461 258 3504 scnrsserrsntur
267 3455 289 3498 S.
298 3453 361 3498 Sedis

106 3522 126 3564 i.
140 3519 282 3572 Unusquisque
295 3529 308 3560 s
325 3515 407 3572 prupric
423 3515 524 3570 Episcopo
537 3513 642 3557 ordinetur
657 3525 665 3558 s
678 3513 732 3568 quod
745 3512 763 3556 si
778 3513 825 3567 quis
837 3511 914 3555 nbsiie
929 3513 1043 3568 promereri

79 3590 142 3643 potui,
157 3583 273 3625 uuitstenns
285 3579 306 3621 id
314 3577 342 3631 ei,
356 3579 418 3621 etium
427 3577 516 3632 emensis
535 3577 637 3630 senmuiis
649 3580 685 3618 sut
694 3575 789 3631 specistis
798 3573 891 3627 rescripti
900 3575 933 3616 rei
942 3575 1043 3630 pinnirapi

80 3651 185 3704 praetsstu.
194 3643 255 3686 etium
273 3639 356 3684 sestutis
364 3641 495 3695 temporibus,
506 3637 642 3694 peruenturus,
651 3637 690 3679 nisi
706 3639 752 3691 sius
760 3637 851 3692 probiter
859 3647 884 3678 se
897 3647 965 3678 mores
980 3637 1041 3679 ord-

80 3707 133 3756 serii
147 3705 179 3750 sui
193 3703 311 3749 murronis
323 3703 482 3747 commendetur.
492 3700 513 3744 Si
528 3698 640 3754 secundet,
649 3697 747 3744 «dimus
761 3711 775 3743 s
787 3698 1042 3754 ecihtbmcrdiuurnpnr
