2574 3994
524 230 751 346 precursurus.
1062 277 1119 339 351)

144 393 257 458 decisio
271 393 303 457 in
317 395 407 456 causl
422 393 631 476 Herbipolensi
646 394 678 455 in
699 397 759 474 qut
774 392 883 456 dicitur
897 391 979 474 quod
995 378 1118 472 Episco-

144 499 201 566 pus
215 483 310 566 possit
328 482 360 546 in
379 501 452 546 casu
469 483 631 546 transferre
644 483 683 546 ad
703 481 887 546 beneficium
903 481 1038 543 redditus
1056 477 1119 540 lert

143 572 349 656 oequinolcntis
363 571 446 654 infra
457 592 509 635 sex
523 591 642 636 menses.
654 573 839 635 Referuntur
848 569 922 633 ibid.
938 570 1040 655 plures
1054 567 1120 631 alim

142 659 311 724 decisiones
334 662 415 725 circa
429 669 610 744 praesentem
623 661 836 744 questionem.
856 659 926 724 Vid.
945 658 1036 722 etiam
1050 675 1120 720 auc·

142 751 200 811 tor.
230 751 371 813 Proiect.
400 749 436 816 S.
465 749 593 834 Salpini
605 799 614 823 ,
632 761 666 814 n⁰
681 755 752 814 557.

181 841 251 902 528.
275 840 398 914 Quaerit.
415 844 448 902 5⁰
458 841 524 912 Ouo
538 839 661 904 instanti
674 840 706 904 in
716 859 789 905 casu
804 835 1008 904 translationis
1023 841 1119 900 cesset

139 927 309 1006 jurisdictio
323 929 354 992 in
370 929 462 1012 priori
476 929 634 994 Ecclesit'l

181 1019 272 1102 Resp.
288 1019 338 1082 Vel
353 1019 453 1101 agitur
465 1019 504 1082 de
517 1019 711 1083 translatione
720 1017 859 1103 Episcopi
873 1017 984 1081 abunt
996 1010 1114 1078 dioeced

141 1105 179 1168 ad
194 1107 300 1184 elinm3
317 1107 364 1170 vel
378 1108 417 1170 de
433 1107 533 1172 clerici
547 1108 669 1173 alterius
682 1107 877 1172 translatione
891 1106 929 1170 ab
942 1123 1005 1170 uno
1018 1103 1116 1167 officio

142 1200 176 1256 ut
188 1203 260 1276 puta
274 1215 291 1259 a
306 1197 450 1260 Perochit
467 1197 505 1260 ad
520 1199 733 1282 Episcopatum
746 1220 754 1276 ;
769 1198 815 1260 vel
829 1196 953 1261 tandem
966 1195 1004 1259 de
1018 1192 1117 1258 clerici

141 1285 364 1368 quuscumque
385 1286 581 1350 translatione
595 1287 634 1350 ab
655 1307 718 1350 uno
740 1287 840 1351 ollioio
853 1285 892 1349 ad
910 1283 993 1349 allud
1007 1283 1115 1347 Praela-

141 1376 209 1436 turt
223 1375 362 1453 interius,
373 1395 402 1437 v.
419 1395 450 1458 g.
466 1377 580 1440 abunt
594 1377 735 1458 parochit
749 1377 786 1439 ad
800 1375 901 1438 aliam.

179 1463 218 1524 In
227 1465 328 1546 primo
341 1484 427 1536 casu,
445 1465 470 1527 sl
484 1465 639 1528 translatio
653 1465 724 1538 liat,
740 1465 854 1529 sciente
870 1463 1020 1546 Episcopo
1035 1460 1116 1526 etde

140 1549 234 1632 ipsius
249 1571 401 1617 consensu
415 1572 556 1636 expresso
570 1555 615 1617 vel
635 1556 742 1632 tacito,
757 1553 891 1617 translati
901 1551 1069 1633 jurisdictio
1084 1551 1114 1612 in

139 1639 232 1720 priori
246 1641 381 1705 Ecclesit
395 1648 492 1705 cessat
511 1643 629 1720 statim,
645 1651 678 1707 ut
699 1663 791 1727 supra
809 1641 940 1705 diximus
960 1643 1058 1720 (511),
1079 1658 1115 1703 ac

139 1729 244 1791 notitia
255 1739 347 1807 certa,
363 1731 543 1796 dissolutum
558 1733 648 1796 luisse
662 1733 693 1795 in
708 1732 889 1796 consistorio
904 1729 1002 1814 papali
1022 1729 1115 1811 ipsius

139 1835 211 1880 cum
239 1819 345 1882 eudem
373 1821 546 1894 vinculum,
570 1821 608 1885 ad
634 1823 734 1904 ipsum
758 1821 894 1904 pervenit
917 1822 964 1898 (V.
995 1819 1111 1883 Declar.

139 1907 170 1972 S.
188 1908 283 1989 Goug.
296 1909 387 1972 Cone.
402 1958 409 1988 ,
426 1914 463 1972 ll
478 1910 616 1973 decemb.
637 1915 730 1988 1631,
745 1931 794 1994 ap.
806 1909 940 1973 Ferraris
952 1957 960 1981 ,
974 1917 1004 1971 v⁰
1020 1907 1113 1991 Epis·

137 2013 237 2075 copus,
250 2003 305 2060 art.
322 2001 356 2073 3,
373 2003 407 2060 n⁰
420 2000 479 2080 61).
499 2000 564 2062 1ηιὸ
578 2001 616 2062 ab
630 2000 695 2082 ipso
709 2000 831 2062 instanti
850 2018 912 2082 quo
931 1997 1112 2060 dissolutum

138 2081 194 2144 luit
207 2083 237 2146 iu
259 2087 439 2150 consistorio
458 2089 635 2170 predictum
654 2090 831 2166 vinculum,
851 2089 931 2150 idem
946 2087 1112 2169 Episcopus

137 2172 310 2237 facultatem
333 2177 440 2238 amittit
462 2176 637 2239 conferendi
653 2178 800 2241 beneficia
819 2196 887 2259 quae
906 2177 943 2238 ab
967 2176 1025 2238 hoc
1045 2195 1111 2240 mo-

137 2269 242 2324 mento
262 2283 366 2328 vacare
383 2265 704 2347 contigissentlssened.
720 2269 803 2344 XIV,
824 2265 858 2328 de
872 2263 965 2346 Syn,
980 2264 1031 2325 lib.
1050 2267 1109 2342 13,

137 2367 164 2411 c.
179 2355 227 2426 16,
243 2351 284 2412 n¹⁸
297 2356 356 2416 eet
370 2359 423 2430 10;
439 2375 488 2436 ap.
506 2356 620 2432 Bouin,
636 2355 680 2417 De
689 2356 844 2437 Episcopo,
861 2361 882 2416 t.
896 2359 922 2422 l,
940 2373 971 2434 p.
987 2355 1067 2430 331).
1080 2355 1110 2416 Si

136 2441 208 2501 vero
223 2439 274 2503 liet
287 2443 441 2506 translatio
461 2463 478 2506 a
493 2446 524 2506 S.
543 2444 709 2522 Pontinos,
728 2444 876 2526 Episcopo
890 2442 1010 2524 penitus
1024 2441 1110 2524 iguo-

136 2536 240 2603 ranle,
261 2550 321 2594 uon
337 2539 477 2595 censetur
496 2552 601 2596 vacare
616 2533 697 2616 prior
711 2533 860 2608 Ecclesia,
877 2531 934 2593 nisi
949 2531 1110 2594 translatus

135 2619 243 2680 resciat
255 2629 284 2681 et
293 2639 478 2684 consensum
488 2629 619 2703 praestet,
631 2631 756 2706 excepto
766 2641 839 2686 casu
853 2639 915 2703 quo
925 2620 1110 2684 contrarium

135 2705 215 2789 Papa
230 2710 412 2791 exprimeret
422 2731 430 2787 ;
447 2710 534 2792 quia,
557 2711 615 2774 nisi
638 2729 725 2774 secus
738 2711 888 2794 exprimat
905 2711 936 2772 S.
953 2709 1109 2781 Pontifex.

134 2813 196 2858 non
211 2806 351 2862 censetur
371 2800 531 2863 transferre
549 2801 735 2884 Episcopum
754 2800 881 2863 inritum
897 2799 935 2862 ab
959 2802 1020 2861 unt
1033 2799 1108 2863 dioe·

134 2885 195 2946 cesi
209 2887 247 2948 ad
261 2887 351 2950 aliam
362 2889 546 2968 (Bellicum,
562 2889 614 2951 lib.
632 2895 666 2968 l,
681 2892 727 2952 tit.
744 2895 829 2962 ’1,ιιο
840 2893 880 2952 lt
895 2937 903 2966 ,
918 2887 953 2951 de
971 2888 1106 2952 Transla·

134 2973 236 3052 tione,·
251 2978 364 3054 Bouix,
380 2977 425 3040 De
438 2978 604 3062 Episcopo,
620 2985 641 3040 t.
660 2983 674 3041 1
687 3027 695 3055 ,
708 2999 739 3061 p.
756 2981 834 3056 388,
850 2979 932 3058 etc).

177 3069 247 3128 tte.
270 3067 308 3128 ln
328 3066 448 3128 secundo
461 3087 545 3142 cocu,
562 3067 648 3130 electi
668 3067 707 3130 ad
729 3068 944 3151 Episcopatum
961 3067 1109 3132 beneficia

132 3161 408 3221 censenturracare
421 3155 484 3238 ipso
497 3156 591 3238 sacto,
607 3175 661 3238 per
676 3157 934 3219 consecrationem
949 3156 1108 3239 episcopa-

131 3247 212 3322 lem,
227 3244 273 3307 vel
288 3243 411 3326 quando
432 3243 594 3307 decursum
609 3251 654 3308 est
677 3255 788 3328 tempus
801 3245 1000 3308 consecrandis
1014 3245 1107 3330 Epis-

131 3336 208 3418 copis
221 3331 406 3395 dcunonitus
419 3331 588 3416 definitum,
602 3351 711 3416 nempe
724 3335 820 3396 tribus
829 3335 985 3397 mensibus
999 3335 1108 3418 elapsis

130 3431 199 3506 post
219 3428 373 3504 receptam
396 3421 658 3485 confirmationem
678 3423 851 3499 electionis;
867 3431 1003 3506 tuncque
1022 3424 1047 3486 is
1069 3425 1107 3488 ad

130 3529 223 3594 quem
237 3510 541 3593 spectantbeneflcia‚
555 3511 593 3572 de
603 3511 660 3572 illis
673 3511 869 3593 disponendis
879 3511 1003 3574 liberam
1017 3511 1106 3575 habel

129 3599 312 3662 facultatem.
333 3601 377 3662 lta
393 3599 554 3678 Ecquem,
570 3607 604 3660 u⁰
626 3602 683 3660 119
698 3601 745 3677 (ex
759 3619 826 3682 enp.
844 3600 919 3662 Cion
932 3600 964 3660 in
978 3601 1101 3668 cunctis,

127 3687 163 3752 de
175 3687 206 3750 E
208 3688 288 3762 lect.)
