2496 3992
410 282 494 328 erasa
516 282 637 326 narnus.
718 247 725 252 ⁵
940 267 997 325 'llll

54 402 97 462 lis,
110 407 237 452 etsumma
253 399 399 459 constantia,
415 403 440 450 et
455 400 501 449 liae
511 414 541 449 ex
553 403 622 461 perte
638 399 773 448 cavendnm
790 413 821 448 ne
833 399 888 462 quis
905 401 1000 460 opinio-

54 475 126 523 nibus
140 475 210 522 talsis
223 474 326 524 autulio
342 473 414 521 modo
424 472 565 532 condiscat,
587 475 629 520 aut
642 471 740 520 mollius
751 471 853 526 resistat,
865 485 939 533 quam
957 486 999 522 re·

54 546 112 594 ritas
128 545 238 606 patiatur.
256 546 290 592 lle
305 543 335 592 iis
349 557 406 606 qum
423 549 480 591 sunt
495 541 640 605 opinabilia,
653 543 739 592 licebit
758 556 816 590 cnm
833 543 999 592 moderatione

54 617 183 678 studioque
198 608 344 681 indagandae
354 615 461 664 veritatis
474 614 605 678 disputare,
621 615 706 676 procul
721 623 802 663 lumea
818 615 1000 676 suspicionibus

54 689 189 749 injuriosis,
200 687 461 750 criminationibusque
474 687 571 736 mutuis.
582 713 611 722 -
627 685 746 744 Quanam
758 701 807 736 rem
822 701 852 736 ne
862 687 1000 735 arrimorum

54 761 194 822 conjunctio
210 761 354 824 criminandi
374 763 509 809 temeritate
524 758 665 814 dirimatur,
676 758 713 807 sic
725 758 861 820 intelligant
871 759 978 806 universi
993 773 999 807 ι

55 833 218 896 iutegritatem
229 831 389 895 protensionis
401 832 528 882 catholice
539 833 677 880 consistere
689 843 846 892 nequaquem
861 844 932 892 posse
945 844 1000 878 cum

56 905 211 966 opinionibus
224 901 508 954 adireturutismamrel
528 902 734 952 ralioaollsmum
750 903 932 960 accedentibus,
943 917 1001 964 qua·

55 991 109 1024 rum
126 991 221 1026 summa
233 980 276 1026 est
288 977 373 1024 tollere
391 975 499 1024 tunditus
512 975 624 1022 instituta
633 973 770 1024 christiana,
783 973 936 1036 hominisque
949 984 1000 1026 sla·
1046 993 1050 1006 ·

56 1047 126 1097 bilire
136 1048 160 1097 in
177 1047 292 1098 societate
307 1047 469 1110 principatum
484 1047 619 1108 posthabito
635 1047 691 1095 lleo.
707 1070 737 1080 -·
761 1045 850 1094 l‘ariter
863 1061 911 1095 noa
927 1049 1000 1100 licere

55 1119 129 1167 aliam
153 1119 229 1168 oltlcii
244 1121 345 1168 termam
361 1119 474 1182 privatim
488 1117 566 1179 sequi,
586 1117 662 1165 etiarn
679 1117 784 1179 publice.
802 1117 835 1164 ila
855 1119 952 1168 scilicet
976 1127 1001 1170 ut

57 1191 172 1240 Ecclesiae
186 1191 317 1240 auctoritas
332 1191 357 1238 in
372 1190 421 1240 vita
435 1189 527 1252 privata
542 1191 692 1246 observetur,
712 1187 737 1236 in
748 1189 847 1250 publica
863 1200 997 1252 respuatur.

57 1265 109 1311 llac
123 1264 189 1312 euim
210 1269 275 1312 esset
299 1263 401 1311 lioaesla
415 1267 440 1310 et
454 1261 534 1322 turpia
547 1264 706 1324 conjungere,
720 1261 844 1310 bominem
854 1275 892 1320 pue
917 1278 957 1312 soc
976 1280 998 1314 m

58 1335 138 1382 tacere
150 1335 332 1397 digladiaulem.
347 1337 497 1383 cumcontra
509 1333 596 1381 debeat
609 1331 656 1382 sibi
671 1345 768 1394 semper
785 1338 903 1393 mascaro,
920 1349 999 1397 acque

57 1407 108 1452 ulla
124 1405 149 1453 in
164 1419 192 1454 re
204 1407 290 1455 ullove
302 1407 325 1454 iu
340 1403 527 1469 generositas
541 1404 631 1454 virtute
644 1402 777 1452 christiana
794 1402 900 1453 delicere

89 1478 177 1526 terum
192 1476 213 1525 si
227 1479 353 1539 quaeratur
367 1474 543 1525 donationibus
557 1489 623 1524 mere
637 1475 749 1537 politicis,
761 1475 791 1523 de
808 1476 901 1536 optimo
912 1493 1002 1536 qaaere

58 1549 209 1612 reipublicae.
221 1549 250 1597 de
260 1548 405 1598 ordinandis
417 1547 465 1598 alia
477 1548 517 1597 vel
533 1548 579 1595 alia
597 1547 690 1595 ratione
710 1545 857 1596 civilatibus.
871 1548 954 1611 utique
970 1551 1000 1601 de

58 1621 97 1671 his
107 1623 181 1670 robus
192 1625 271 1684 potest
284 1622 385 1670 honeste
396 1633 450 1669 esse
462 1620 588 1668 dissensio.
606 1619 712 1676 Quorum
734 1619 810 1682 igilur
821 1621 918 1684 cognita
932 1632 1001 1674 crete-

57 1693 128 1754 roqui
142 1693 220 1756 pietas
233 1697 278 1742 est.
291 1691 437 1754 animusque
448 1695 546 1742 decreta
559 1691 628 1739 Sedis
647 1695 790 1753 apostolice
803 1693 948 1745 obedienter
960 1712 999 1746 ac-

55 1765 138 1826 cipere
151 1769 259 1827 paralus,
274 1763 304 1812 iis
319 1765 378 1814 vitio
388 1764 448 1813 verti
465 1764 651 1814 dissentaneum
670 1762 701 1811 de
716 1763 797 1812 rebus.
821 1779 882 1826 quas
893 1767 998 1818 diximus

56 1836 213 1892 senteutiam.
229 1835 324 1897 iustitia
345 1849 392 1885 non
409 1834 499 1898 patitur
513 1851 518 1883 ε
532 1835 657 1896 multoque
672 1838 711 1884 est
728 1834 806 1898 major
831 1837 929 1899 injuria.
944 1841 963 1890 si
975 1843 1001 1891 la

57 1909 150 1957 crimen
173 1907 269 1959 violate
283 1915 435 1969 suspectaeve
454 1906 511 1956 lidei
523 1907 660 1962 catholice,
674 1908 738 1970 quod
757 1921 807 1957 uon
821 1913 898 1960 semel
913 1913 1002 1963 tactum

57 1979 347 2033 dolemusadducaulur.
378 2005 402 2015 -
419 1980 572 2040 Omninoque
598 1979 662 2028 istud
683 1986 836 2042 praeceptam
848 1986 949 2033 teneaat
962 1989 1004 2048 qui

57 2051 216 2114 cogitationes
228 2063 285 2098 suas
299 2051 380 2099 solent
395 2053 512 2098 mandare
525 2050 620 2108 littoris,
641 2049 797 2112 maximeque
817 2055 1002 2114 ephemeridem

57 2128 181 2170 auctores⁴
200 2121 227 2168 ln
241 2120 395 2182 bacquidem
406 2122 436 2170 de
450 2121 523 2169 rebus
538 2120 818 2170 maximiscoalcntionc
836 2124 896 2171 atad
909 2131 947 2174 est
964 2127 1003 2174 ia·

59 2193 154 2240 testinis
165 2193 398 2248 concertationibus,
412 2193 449 2240 rel
465 2191 570 2254 partium
589 2191 675 2241 slutliis
688 2193 877 2254 relinquendum
894 2197 949 2246 loci.
961 2199 1003 2246 sed

58 2263 259 2326 conspirantibus
269 2263 357 2312 animis
369 2263 536 2325 studiisqneid
549 2263 636 2312 debent
652 2263 756 2312 universi
767 2267 925 2322 contendere,
939 2271 1004 2330 qnod

59 2349 94 2384 est
108 2335 353 2384 cummuaeomnium
368 2334 681 2397 propositumscligionem
695 2349 796 2396 remque
811 2337 931 2398 pubiicum
946 2353 1005 2387 con-

58 2422 171 2458 servare.
187 2407 210 2455 si
221 2406 277 2468 quid
291 2405 614 2467 iciturdissidiorumanlea
629 2407 680 2457 tuit.
697 2409 933 2467 oportetvoluntaria
947 2427 1004 2473 qna-

58 2483 113 2530 dam
129 2478 405 2528 oblivioaeconterere:
424 2477 445 2526 si
462 2477 521 2539 quid
538 2481 637 2538 temere,
653 2477 745 2540 siquid
762 2478 852 2536 iniuria
868 2487 959 2532 actum.
973 2487 1003 2533 ad

58 2563 226 2616 quoscumque
238 2551 334 2598 demum
354 2563 383 2599 ea
398 2551 467 2610 culpa
480 2551 608 2612 pertineat,
629 2553 836 2612 compensandum
851 2555 1003 2607 calamitate

58 2635 151 2682 mutua,
166 2626 190 2672 et
205 2620 328 2686 precipuo
341 2622 446 2684 quodam
455 2623 566 2670 omnium
578 2623 603 2671 iu
616 2621 774 2686 apostolicam
788 2622 874 2672 Sedom
884 2625 1002 2689 obsequio

58 2696 240 2745 redimendum.

89 2769 139 2815 llac
150 2767 187 2816 via
195 2767 303 2818 dusares
312 2764 514 2830 praeclarissimas
528 2765 640 2816 catholici
652 2765 869 2816 consecuturisual
881 2770 1004 2834 :alteram

57 2845 84 2888 ut
98 2838 221 2901 adjutores
232 2851 287 2889 sese
303 2838 444 2902 impertiant
454 2837 568 2886 Ecclesiae
579 2838 603 2886 in
617 2838 786 2887 conservanda
802 2843 1004 2906 propagandique

57 2909 176 2974 sapientia
194 2908 348 2968 clrrisllaua3
362 2910 465 2958 alteram
477 2914 503 2956 ut
517 2909 634 2959 beneflcio
649 2910 756 2958 maximo
778 2908 888 2960 alliciant
897 2913 1002 2966 societa-

57 2990 106 3034 tem
120 2983 228 3040 civilem,
249 2981 318 3044 cujus
338 2983 459 3031 nselmum
487 2981 650 3030 doctrinarum
673 2981 883 3046 cupiditatumque
906 3000 1001 3045 caussa,

56 3069 204 3120 magnopere
213 3053 365 3116 periclitetur
378 3055 454 3103 salus.
672 3091 681 3103 ,

87 3129 145 3176 llec
160 3125 266 3188 quidem.
279 3125 435 3175 venerabiles
447 3127 553 3181 Fratres,
572 3125 712 3180 habuimus,
720 3139 776 3188 que
787 3126 907 3178 universis
919 3133 1003 3182 callio·

56 3199 98 3249 lici
111 3199 178 3247 orbis
192 3197 303 3261 gerilibus
325 3199 475 3247 traderemus
490 3199 520 3248 de
537 3197 663 3247 civitatum
675 3197 849 3250 constitutione
860 3201 1001 3259 christiana,

56 3270 192 3332 ciliciisque
207 3269 296 3318 civium
310 3268 473 3334 singulorum.

86 3341 200 3391 Ceterum
219 3341 350 3403 implorare
365 3343 467 3392 summis
478 3341 592 3404 precssius
605 3345 701 3405 oportet
722 3343 825 3394 caeleste
845 3345 946 3407 presidi
959 3361 1000 3409 ·m,

56 3415 212 3474 orandusque
222 3413 294 3468 Deus,
308 3419 333 3462 ut
345 3415 405 3472 llaec,
417 3428 471 3476 quae
485 3414 514 3463 ad
527 3413 604 3477 ipsius
618 3413 719 3477 gloriam
734 3429 940 3478 communemque
956 3421 1000 3468 lin-

56 3485 122 3533 meni
135 3484 230 3547 gerreris
251 3485 353 3534 salutern
368 3485 480 3542 cupimus
492 3491 516 3536 et
536 3500 663 3544 conamur,
679 3491 773 3549 optatos
789 3489 822 3536 ad
842 3489 923 3537 exitus
938 3491 999 3541 i-lem

56 3557 107 3618 ipse
123 3557 249 3619 perducat,
263 3556 331 3619 cujus
350 3563 386 3606 est
408 3557 528 3609 illustrare
544 3559 669 3608 bominum
686 3568 788 3620 mentes,
803 3573 945 3622 permovere
959 3577 994 3612 vo·

55 3628 171 3680 luntates.
188 3627 421 3682 biriuorumautam
434 3630 608 3685 beneficiorum
624 3631 771 3698 auspicium,
788 3636 812 3682 ol
831 3637 982 3698 paternalis
