2574 3994
473 241 559 288 cmm
572 207 699 289 ’999199
1023 226 1079 286 199

105 339 179 400 Noto
193 335 295 398 sutem
311 333 391 416 qudd
411 335 442 398 in
462 335 557 396 Gattid
568 337 618 414 jus
632 341 670 396 ad
692 335 908 416 stipendiumi
927 333 1080 396 Gubernio

103 423 298 497 solvendum,
317 421 473 486 inchoetur
486 424 635 486 tantirmt
655 421 705 484 die
723 431 850 504 sumptae
871 421 1077 506 possessionis.

144 515 290 586 Quaenam
305 513 365 573 sint
385 509 582 592 exprimenda
602 510 634 573 in
654 509 878 574 provisionibus
899 511 965 573 vide
985 511 1079 592 expli·

102 609 206 666 cetum
221 599 300 682 apud
315 599 404 662 Gard.
421 599 533 681 Sogtis,
548 599 650 663 instit.
673 600 741 662 lar.
752 600 849 682 prin,
864 599 882 679 ᾖ
896 602 946 674 95,
962 619 992 680 p.
1011 603 1078 662 182.

145 693 215 752 384.
239 689 361 762 Quaerit.
378 692 411 750 5ο
423 691 531 752 Utrum
552 689 678 751 instituti
696 688 734 750 ad
754 688 887 750 officium
908 687 1082 752 ecciesiasti-

14 795 16 800 ’
105 797 177 842 curr.
196 778 249 860 qui
268 777 452 859 provisiones
473 777 598 858 scriptos
617 776 729 840 debent
748 776 878 850 habere,
894 777 1008 858 possint
1028 794 1082 840 sua

107 885 235 930 munera
248 884 388 928 exercere
397 872 560 947 antequam
569 866 749 948 provisiones
762 865 965 943 ostenderint,
977 865 1081 928 saltem

106 959 139 1020 in
153 975 226 1020 casu
241 954 450 1018 necessitatis?

147 1051 240 1128 Resp.
266 1044 428 1124 Negotiis,
452 1061 489 1106 ex
512 1045 632 1106 Extrav.
657 1045 788 1120 domm,
808 1042 957 1125 Injanetn
982 1046 1011 1122 t,
1038 1043 1083 1106 De

107 1135 273 1203 Eieetione,
285 1151 352 1214 qum
363 1134 405 1194 sic
416 1131 547 1196 sehabet
560 1150 566 1194 :
581 1132 743 1194 nPraesenti
752 1133 851 1215 itaque
865 1125 1083 1196 Constitutione

107 1248 123 1285 a
149 1223 302 1286 sancimus
311 1228 345 1284 ut
358 1221 497 1302 Episcopi
512 1226 540 1283 et
554 1219 603 1282 clii
615 1220 730 1282 Praetsti
746 1223 934 1302 superiores,
950 1239 1006 1282 nec
1022 1240 1082 1284 nou

107 1337 123 1372 n
150 1312 291 1384 Abbates,
303 1308 522 1390 Priores...qui
537 1307 617 1390 apud
627 1309 738 1372 diotsm
748 1309 858 1370 Sedem
869 1319 1084 1392 promoventur

108 1426 123 1462 9
150 1409 201 1464 cut
227 1397 486 1475 confirmationis,
509 1397 762 1474 consecrationis,
790 1396 837 1459 vel
866 1397 1085 1461 benedictionis

108 1513 124 1551 s
150 1505 265 1552 munus
277 1487 429 1569 recipiunt
440 1533 448 1562 ,
459 1485 497 1548 sd
511 1487 689 1549 commissas
702 1485 746 1547 eis
759 1485 908 1548 Ecclesias
921 1491 952 1548 et
964 1503 1085 1548 monss-

109 1601 125 1640 a
152 1577 250 1654 teria,
280 1576 394 1658 absque
428 1575 515 1638 dictae
548 1574 633 1637 Sedis
661 1573 766 1636 litteris
793 1574 941 1654 ejusmodi
978 1593 1084 1638 eorum

109 1691 125 1728 a
152 1666 393 1750 promotionem,
410 1663 685 1736 confirmationem,
701 1665 957 1726 consecrationem
965 1683 1019 1728 seu
1033 1663 1084 1730 be·

110 1781 125 1818 n
153 1755 356 1818 nedictionem
388 1751 631 1830 continentibus,
664 1751 831 1830 accedere,
858 1754 905 1816 vel
934 1751 1085 1817 bonorum

109 1869 125 1906 9
152 1843 422 1907 ecclesiasticorum
437 1841 727 1904 administrationem
742 1843 878 1924 accipere
892 1861 954 1905 non
969 1863 1085 1925 praesu·

110 1959 126 1996 9
152 1941 255 2010 mant;
270 1933 410 2014 nullique
431 1950 475 1992 sos
502 1929 606 2012 absque
632 1929 779 1992 dictorum
803 1932 974 1994 litterarum
992 1943 1084 1994 osten-

110 2046 126 2084 n
151 2024 230 2084 sione
243 2021 408 2104 recipiant,
426 2027 478 2083 sut
491 2020 535 2082 eis
553 2027 695 2102 pareant,
711 2021 757 2083 vel
776 2021 944 2083 intendant.
961 2023 1045 2096 Quod
1061 2025 1084 2085 si

111 2135 126 2172 n
154 2109 253 2174 torssn
273 2117 376 2172 contra
392 2115 608 2190 praesumptum
622 2107 730 2186 tuerit,
747 2109 828 2191 quod
842 2128 896 2192 per
910 2112 1084 2193 Episcopos,

110 2223 127 2262 n
154 2199 312 2269 Praetatos,
334 2198 500 2262 Abbates...
516 2197 617 2260 medio
630 2203 767 2280 tempore
780 2203 880 2262 actum
894 2198 1000 2279 tuerit,
1016 2201 1086 2265 irri-

111 2313 128 2352 9
154 2295 220 2353 turn
233 2288 389 2357 habeatur.
405 2309 420 2346 a

153 2381 189 2440 Et
203 2378 268 2442 haeo
282 2377 406 2459 quidem
420 2375 521 2439 locum
534 2374 647 2438 hebent
660 2373 751 2438 etiam
773 2373 806 2438 in
824 2391 896 2438 cssu
908 2379 1087 2440 necessitatis

112 2467 162 2532 vet
183 2467 276 2550 ianpn
299 2465 465 2536 distantice.
499 2465 615 2528 etiamsi
643 2471 758 2528 certum
781 2469 861 2528 esset
882 2463 994 2530 litteras
1016 2484 1086 2531 cnsu

113 2557 254 2640 periisse3
270 2556 314 2618 sic
327 2553 462 2616 decisum
477 2551 533 2616 tuit
546 2557 564 2616 ts
578 2555 609 2618 S.
629 2555 723 2635 Cong.
741 2552 881 2630 concilii,
897 2569 978 2618 anno
989 2557 1086 2635 1611,

113 2663 169 2727 pro
184 2644 316 2727 quodam
331 2644 480 2726 Episcopo
491 2643 575 2706 urbis
592 2643 813 2724 Assumptionis
827 2641 858 2704 in
874 2643 1023 2722 atmerici,
1034 2650 1086 2729 qui

114 2735 145 2798 in
183 2733 331 2796 simitibus
365 2731 597 2796 circumstantiis
628 2733 887 2796 consecrationem
918 2743 1092 2818 susceperat

111 2823 278 2904 (Loquens,
295 2833 329 2884 9ο
344 2823 403 2902 st).

154 2915 224 2975 385.
247 2911 434 2974 Possessionis
447 2909 625 2994 assumptio,
641 2907 789 2992 quidquid
807 2909 946 2974 nonnulli
966 2911 1077 2984 dicant,

115 3019 178 3064 non
206 2999 322 3063 videtur
346 2999 537 3076 necessaria,
560 3001 632 3062 cirm
654 2998 777 3081 praetsts
796 3001 915 3064 Extrav.
944 3001 1086 3084 injuncto

114 3090 249 3173 requirat
262 3088 454 3152 solummodo
470 3088 640 3152 litterarum
654 3089 852 3152 ostensionesn.

155 3181 214 3240 Per
226 3187 451 3260 procuratorem
459 3184 561 3240 cutem
576 3177 640 3238 fieri
653 3185 780 3259 possunt
789 3178 954 3244 litterarum
967 3183 1088 3248 ostensio

116 3275 147 3332 et
155 3267 341 3351 possessionis
354 3267 532 3350 assumptio;
545 3274 574 3328 et
587 3267 645 3330 hoc
658 3267 747 3329 etiam
762 3275 924 3351 antequam
939 3269 1089 3336 institutus

115 3355 375 3422 consecrationem
417 3356 618 3439 episcopalem
652 3357 824 3438 acceperit3
859 3359 986 3422 ostensis
1019 3363 1089 3423 rard

115 3446 236 3522 litteris,
269 3445 368 3508 statim
391 3453 487 3528 potest
523 3445 577 3508 iste
600 3445 841 3524 jurisdictionem
864 3465 926 3510 suta
948 3449 1087 3529 Dignitati

116 3551 267 3598 annexam
282 3553 431 3598 exercerc.
447 3537 489 3596 ltu
504 3553 610 3596 omnes
626 3535 798 3614 (Loqueux,
815 3539 849 3596 n⁰
862 3539 935 3612 un).

154 3625 189 3686 In
205 3623 391 3706 unttsjrran
405 3623 625 3685 Concordatum
637 3626 725 3700 1891,
741 3624 1086 3704 «Episcopimntequnm
