2546 3992
458 267 544 314 rinna
565 267 686 318 nuens
858 210 863 216 Ι
1002 251 1064 315 stu

125 371 215 432 tuus.
239 367 327 432 Cultu
347 375 449 432 autern
469 371 584 450 pnvato
597 369 654 434 coli
673 377 800 453 possunt
819 371 965 453 Reliquiae
978 389 1063 452 quae-

84 476 234 540 cumque,
257 477 319 520 non
343 458 442 520 sotum
457 459 706 524 canonizatorum
729 467 782 524 aut
803 460 1059 530 Beatiitcatorum,

84 547 139 609 sed
154 547 244 610 etiarn
258 565 330 611 cum
343 546 423 610 lama
437 548 600 611 sanctitatis
608 548 841 627 detunctorum,
857 550 994 631 quamvis
1009 567 1064 610 nec

85 637 248 719 recognitae
271 655 328 700 neo
342 637 514 719 approbatae
539 635 660 700 fuerint.
685 639 729 700 lta
749 638 964 702 communiter.
989 639 1065 700 Vide

85 727 240 802 Ferraris,
256 725 312 804 it,
328 735 362 788 n⁰
375 729 430 802 603
446 731 477 789 et
491 724 701 804 Reiilenstuel‚
717 725 768 789 lib.
784 730 815 802 3,
831 728 876 789 tit.
892 729 950 803 45,
966 741 1000 788 n⁰
1013 731 1062 789 29.

128 819 218 877 tuac.
242 815 362 888 Quaerit.
380 819 411 878 lo
425 817 450 876 A
462 833 524 896 quo
533 815 710 897 recognosci
724 821 754 878 et
763 815 923 898 approbari
937 814 1066 878 debeant

88 904 234 987 tleliquiae
248 905 414 987 quominus
428 905 549 986 publico
562 905 645 970 cultu
659 905 821 968 colantur?

127 996 217 1077 Resp.
233 994 288 1058 Vel
302 994 350 1075 agi
371 993 410 1057 de
424 994 571 1077 Reliquiis
590 994 727 1058 nondum
742 993 1005 1073 saturatorum,
1021 995 1065 1059 vel

90 1083 129 1146 de
143 1083 386 1148 Beatiticatorum
400 1089 452 1146 aut
465 1083 713 1147 Canonizatorunt
737 1102 745 1146 :

130 1175 162 1236 1⁰
181 1173 349 1255 Episcopus
362 1190 424 1236 non
435 1179 532 1255 potest
545 1173 724 1255 approbare,
735 1172 884 1237 inordina
898 1173 936 1238 ad
950 1175 1065 1239 cultum

88 1263 269 1345 publicum,
289 1261 443 1342 Reliquias
472 1259 685 1324 detunctorum
708 1279 780 1325 cum
804 1261 885 1326 tamt
905 1265 1067 1328 sanctitatis

90 1351 143 1414 sed
159 1349 296 1413 nondum
313 1349 570 1426 Beatilicatorum3
586 1349 645 1413 hoc
655 1351 737 1412 enim
752 1359 918 1413 reservatur
932 1355 1068 1416 Romano

90 1440 238 1512 Pontifici,
256 1459 293 1503 ex
306 1459 373 1522 cap.
386 1440 450 1521 jam
464 1440 554 1503 citato
569 1487 577 1518 ‚
595 1439 668 1502 Cum
682 1458 720 1502 ex
733 1459 776 1516 eo,
791 1439 827 1502 de
843 1439 1002 1523 Reliquos,
1016 1441 1068 1504 ubi

90 1529 201 1594 dicitur
216 1550 224 1592 :
246 1551 262 1590 <t
276 1533 414 1592 Inventas
427 1528 465 1592 de
480 1547 558 1592 novo
574 1529 726 1610 Reliquias
739 1547 831 1591 nemo
845 1529 965 1610 publice
978 1549 1068 1594 vene·

90 1643 106 1680 o
131 1620 189 1682 rari
211 1625 382 1703 presumat,
398 1619 457 1681 nisi
473 1618 560 1702 price
577 1617 753 1682 auctoritate
770 1616 895 1682 Romani
917 1621 1070 1703 Pontificis

91 1733 107 1770 a
131 1711 192 1772 sint
213 1709 389 1792 approbate.
412 1731 428 1769 a
452 1711 515 1772 Nec
535 1707 632 1772 obstat
652 1707 808 1772 decretum
829 1726 921 1792 supra
943 1709 1069 1773 relatum

92 1800 205 1862 Concil.
227 1799 322 1872 trid„
345 1798 428 1882 quod
441 1799 645 1862 communiter
660 1797 835 1880 intelligitur
848 1797 887 1861 de
901 1799 972 1862 solis
985 1799 1070 1862 ileli-

94 1887 173 1970 quiis
187 1889 292 1951 saltem
310 1889 553 1952 Beatilicatorum
566 1887 682 1950 noviter
698 1887 834 1951 inventis.
851 1886 926 1950 Vide
938 1889 1071 1952 Furianis

96 1977 160 2059 (it,
177 1987 210 2040 n⁰
224 1981 286 2054 59).

134 2071 304 2130 loti-2·
314 2068 345 2130 Si
359 2066 532 2148 quaestiosit
544 2066 582 2128 de
596 2067 845 2129 Ganortizatcrutn
858 2067 1070 2130 velBeatiiica-

94 2163 194 2220 toturn
210 2155 368 2237 Reliquiis,
385 2173 447 2216 non
461 2156 580 2216 mutum
589 2157 680 2236 Papa,
696 2153 848 2216 sedetiam
856 2155 995 2236 Episcopi
1006 2176 1072 2238 pos·

95 2253 165 2308 sunt
195 2245 261 2308 illas
284 2261 500 2326 recognoscere
523 2251 553 2305 et
574 2242 742 2324 approbare
766 2261 774 2302 t
798 2248 915 2305 constat
934 2262 970 2307 ex
991 2252 1072 2309 textu

96 2353 187 2417 supra
208 2334 296 2396 citato
312 2333 424 2396 Concil.
440 2332 537 2409 rrid.;
553 2338 584 2395 et
597 2333 637 2394 ita
649 2330 759 2394 docent
772 2332 916 2403 Ferreus
936 2332 1022 2410 iliu,
1039 2344 1072 2396 n⁰

95 2428 149 2500 5l;
166 2423 378 2496 lteillenstuel‚
394 2421 446 2484 lib.
462 2426 499 2496 3,
514 2422 549 2483 tit
561 2425 621 2494 45,
638 2432 672 2482 n⁰
684 2425 736 2499 st,
751 2425 810 2483 etc.

136 2513 198 2577 Etsi
213 2517 230 2576 it
245 2515 326 2594 Papi
340 2512 485 2594 Reliquiae
499 2509 612 2574 luerint
625 2510 809 2592 approbate,
823 2509 977 2573 tamenab
991 2513 1075 2594 Epis-

96 2623 174 2686 copo
188 2604 287 2667 adhuc
300 2610 370 2666 sunt
380 2599 642 2682 recognoscendae,
659 2617 720 2662 non
734 2599 858 2681 quidem
873 2606 907 2662 ut
919 2598 1021 2663 denuo
1036 2602 1080 2684 ab·

97 2696 164 2776 jtpso
183 2691 405 2776 approbentur,
428 2689 481 2753 sed
505 2691 603 2752 solum
622 2697 656 2752 ut
674 2688 771 2751 videat
788 2707 828 2751 an
846 2707 949 2750 revera
970 2691 1073 2753 Romae

98 2783 211 2848 luerint
225 2782 414 2866 approbatae,
431 2787 461 2843 ct
474 2780 582 2842 vitetur
595 2778 687 2840 fraus.
706 2778 756 2841 Sic
769 2777 900 2840 decrevit
913 2778 1013 2842 Sixtus
1027 2783 1070 2857 V,

97 2874 224 2935 ssonstit.
250 2871 408 2947 Dominus,
424 2877 454 2933 et
476 2871 506 2932 S.
523 2873 631 2948 Congr.
648 2868 707 2930 llil.
725 2870 762 2929 19
780 2873 837 2930 oct.
864 2870 958 2946 l59l;
974 2875 1004 2930 et
1017 2869 1075 2934 hoc

94 2963 188 3026 etiarn
202 2981 258 3045 pro
271 2960 415 3042 Reliquiis
429 2958 615 3040 exponendis
628 2957 660 3020 in
674 2956 808 3022 ecclesiis
820 2957 1023 3040 regularium,
1041 2967 1076 3023 ut

99 3051 156 3119 t'uit
176 3052 313 3115 decisum
334 3049 366 3114 in
385 3053 447 3112 unt
469 3047 580 3112 Viterb.
602 3051 642 3110 26
653 3047 719 3127 jun.
748 3050 822 3110 tuat
839 3047 1001 3127 (Ferraris,
1018 3049 1071 3122 rt„

97 3151 134 3208 ιι·
148 3145 210 3220 56).

141 3237 228 3296 tout.
257 3253 272 3292 u
294 3231 340 3294 Ad
353 3231 411 3294 hoo
423 3235 525 3294 autem
539 3233 573 3292 ut
581 3228 749 3310 Episcopus
762 3227 819 3290 rite
831 3227 976 3309 approbet
986 3228 1078 3292 aticu-

101 3345 116 3383 ι)
138 3325 189 3403 jus
203 3324 266 3402 jam
283 3319 459 3385 Cononizoti
477 3326 530 3380 aut
543 3317 718 3400 Beotifiroti
732 3315 883 3398 Reliquias
897 3317 1011 3378 noviter
1029 3318 1076 3379 in·

102 3421 264 3488 orentes,
295 3412 399 3472 Romae
427 3407 563 3471 nondum
586 3407 784 3490 approbatas,
809 3423 932 3468 necesse
955 3411 1018 3482 est,
1044 3413 1078 3470 ut

101 3527 118 3562 a
141 3500 284 3565 odltt'bitis
298 3500 330 3562 in
339 3497 490 3561 crassitiem
500 3495 636 3577 theologis
650 3503 678 3558 et
687 3495 758 3556 aliis
762 3495 825 3578 piis
836 3494 923 3570 viris,
939 3512 971 3554 ea
984 3493 1079 3574 faciut

105 3617 119 3654 n
142 3612 207 3674 quc
214 3590 374 3653 veritaliet
378 3587 489 3671 pietati
497 3593 683 3650 cmoentanen
690 3583 886 3667 judicaverit,
896 3589 930 3645 ut
939 3585 1078 3663 expresse

105 3707 119 3744 a
142 3681 244 3746 statuit
258 3681 349 3746 Gonu.
365 3677 499 3745 Trident.
517 3677 582 3744 loco
595 3677 724 3741 citato...
738 3681 769 3736 et
781 3673 806 3736 si
820 3670 941 3757 aliquod
955 3671 1034 3734 circa
1047 3671 1077 3738 id
