2546 3992
475 165 561 214 traua
581 111 698 214 carnus.
1007 151 1066 219 505

91 287 105 322 a
130 283 207 346 quos
220 264 357 326 voluntas
364 269 537 344 parentum,
548 266 566 326 a
576 263 681 346 primis
695 264 935 345 insinuaueris,
945 269 1066 333 clerica-

90 377 104 411 υ
130 357 179 415 lus
197 352 296 416 allicio
314 350 512 434 manciparit,
530 351 689 416 statuimus
705 353 927 420 observandum
945 366 979 422 ut
996 377 1066 422 mox

91 465 105 498 a
130 444 201 505 cum
224 440 344 505 detunsi
358 440 404 504 vel
419 440 586 504 ministerio
600 441 747 506 lectorum
761 445 919 509 contraditi
934 446 1062 524 luerint,

90 555 104 589 o
129 530 161 592 in
175 530 256 592 domo
270 529 435 606 Ecclesia,
449 527 503 592 sud
515 530 675 614 episcopali
682 534 854 615 praesentiit,
869 535 888 598 d
905 535 1066 620 Praeposito

89 643 103 678 a
127 619 185 680 sili
203 619 326 682 debeam
346 617 473 681 medici.
488 639 504 678 a
522 618 598 682 Vide
617 618 676 684 alia
696 639 745 703 ap.
768 621 886 702 Iastia,
904 626 943 686 a.
958 625 996 688 de
1009 628 1065 706 lt,

127 799 221 860 Erant
234 805 335 862 autem
348 797 528 879 antiquitus,
543 795 625 879 apud
634 798 823 863 cathedrales
836 807 865 864 et
876 802 1063 886 collegiatae,

89 887 267 969 Gymnasia‚
282 887 334 950 ulti
349 885 468 964 clerici,
482 885 574 948 vitam
587 903 785 952 communem
800 887 992 956 observantes
1005 941 1011 966 .
1027 893 1066 956 ad

89 993 209 1040 sacrum
235 973 436 1040 ministerium
460 974 717 1054 instituebantur3
751 977 799 1040 his
831 992 1062 1062 successerunt,

88 1065 198 1128 saeculo
212 1067 287 1142 vlu,
298 1064 427 1147 publicae
444 1064 612 1127 Academiae
628 1065 974 1148 variisprivilegiisaSS.
986 1072 1065 1134 Pon-

89 1153 218 1217 lilicibus
232 1153 367 1216 Honorio
380 1155 418 1214 lll
433 1159 463 1214 et
475 1153 651 1216 Innocentio
665 1156 703 1216 lV
717 1153 817 1218 ditatae
830 1159 941 1239 (Caput
967 1159 1066 1242 Super

87 1243 204 1323 specula
218 1247 249 1318 5,
264 1243 299 1304 de
312 1242 478 1323 nuptura,
487 1247 518 1304 et
529 1259 597 1323 cap.
612 1242 657 1304 Dc
671 1239 803 1316 diuersis,
820 1245 855 1307 de
865 1245 1064 1330 Privilept'r's),

88 1330 198 1412 quibus
213 1331 335 1393 landem
350 1330 463 1393 Concil.
479 1329 627 1401 Trident..
644 1349 718 1394 sess.
731 1335 770 1394 23
783 1379 791 1410 ,
803 1351 871 1415 cap.
884 1337 933 1408 la,
948 1335 983 1397 de
993 1339 1064 1418 ref„

87 1419 204 1482 suffecit
223 1419 390 1482 seminaria
407 1424 512 1502 utpote
526 1418 708 1484 clericorum
729 1420 908 1486 institutioni
929 1425 1063 1506 aptiora:

88 1509 131 1571 sic
143 1510 214 1572 vero
228 1508 317 1572 habel
331 1507 499 1571 Concilium
515 1527 523 1570 :

126 1601 195 1662 935.
215 1597 509 1680 «sanctasynodus
531 1597 632 1661 statuit
653 1602 687 1661 ut
702 1599 830 1680 singulae
856 1599 1063 1683 cathedrales,

87 1709 102 1744 r>
124 1688 379 1770 Metropolitum,
396 1692 486 1769 atque
504 1686 552 1749 his
572 1687 702 1766 majores
722 1688 880 1767 Ecclesia,
896 1708 951 1771 pro
973 1691 1065 1756 modo

88 1799 101 1834 n
125 1776 300 1839 facultatum
313 1781 344 1839 et
364 1775 502 1838 dioecesis
524 1775 743 1858 amplitudine,
766 1785 885 1840 eertum
900 1797 1065 1860 puerorum

88 1887 102 1922 n
126 1864 220 1946 ipsius
233 1865 397 1928 civitatiset
408 1865 557 1940 dioecesis
572 1865 618 1927 uel
632 1867 699 1945 ejus
712 1866 876 1948 provincia
887 1913 895 1945 ‚
907 1868 931 1930 si
947 1868 987 1930 ibi
1002 1888 1064 1933 non

89 1976 103 2018 a
126 1955 324 2037 reperiantur,
347 1971 527 2030 numerum,
545 1953 577 2016 in
591 1953 717 2036 collegio
731 1954 769 2016 ad
783 1954 856 2032 hoc,
871 1975 966 2038 prope
986 1957 1065 2040 ipsas

89 2043 266 2107 aecclesias
291 2043 338 2105 vel
365 2043 424 2106 alio
450 2042 482 2105 in
518 2042 585 2104 loco
607 2043 817 2122 convenienti,
843 2044 882 2106 ab
915 2047 1064 2130 Episcopo

88 2133 275 2214 seligendo,
303 2133 382 2194 alere
409 2149 445 2193 ac
470 2129 611 2211 religiose
636 2129 766 2194 educare
793 2138 822 2194 el
854 2132 1064 2199 ecclesiasticis

87 2245 102 2280 t>
127 2221 295 2302 disciplinis
314 2220 470 2283 instituere
495 2225 666 2282 teneantur.
695 2221 730 2282 ln
757 2218 816 2282 hoo
841 2221 911 2282 uero
933 2223 1064 2304 Collegio

88 2334 103 2370 n
126 2310 322 2392 recipiantur,
338 2309 390 2391 qui
411 2308 449 2372 ad
469 2308 812 2385 ariomanitarum,
828 2316 858 2371 et
876 2327 913 2372 ex
930 2309 1065 2390 legitimo

88 2422 103 2459 a
127 2399 320 2462 matrimonio
334 2397 395 2460 nali
416 2399 500 2460 sinte
517 2397 589 2479 (nec
603 2397 639 2460 iis
652 2397 742 2460 etiam
755 2398 887 2481 exceptis
902 2397 954 2479 qui
975 2417 1066 2481 super

88 2489 207 2553 delectu
230 2489 375 2551 natalium
395 2485 652 2569 dispensationem
672 2487 858 2549 obtinuerint
870 2485 907 2549 ad
921 2487 1066 2570 recipien-
1159 2554 1162 2560 ,

88 2578 161 2642 dum
182 2577 364 2641 beneficium
387 2585 440 2640 aut
460 2575 656 2658 dignitatern,
680 2577 739 2638 nisi
760 2575 921 2658 specialem
942 2577 1065 2660 insuper

88 2668 207 2730 reniam
229 2667 359 2730 habeant
378 2665 567 2748 ingrediendi
584 2665 793 2728 seminarium.
808 2667 852 2727 lta
866 2666 898 2727 S.
913 2666 1061 2749 congreg.

88 2775 169 2818 anno
185 2759 280 2830 1595,
299 2756 383 2835 juxta
408 2753 543 2818 Proelect.
559 2752 596 2816 S.
611 2753 763 2836 Sulpici,
778 2761 812 2816 n⁰
828 2755 918 2833 332),
944 2773 1008 2817 cac
1021 2753 1063 2817 le·

88 2867 104 2904 n
128 2863 199 2926 gere
217 2853 247 2907 et
268 2844 399 2908 scribere
417 2850 625 2925 competenter
642 2843 796 2920 noverint,
813 2848 845 2906 et
863 2861 994 2924 quorum
1014 2843 1065 2906 in·

88 2956 103 2992 n
128 2934 211 2997 doles
219 2941 249 2996 et
257 2933 394 2995 voluntas
404 2951 489 3015 spem
499 2931 602 2994 afferat
610 2949 663 2994 eos
673 2930 881 2994 ecclesiasticis
892 2931 1065 2996 ministeriis

89 3045 104 3084 n
129 3025 274 3105 perpetuo
289 3021 510 3084 inservituros¹.
524 3023 695 3103 Paupcrum
709 3027 809 3083 aulem
824 3018 902 3082 lilios
915 3022 1065 3103 praecipue

89 3135 104 3172 n
128 3112 301 3193 eligland,
331 3129 388 3174 nec
413 3118 515 3174 umen
544 3109 689 3172 ditiorum
715 3107 863 3182 excludit,
892 3107 984 3171 modd
1009 3127 1066 3173 suo

89 3227 104 3263 a
129 3209 253 3284 sumptu
265 3201 395 3276 alantur,
403 3207 433 3262 et
447 3199 689 3281 studiumpraese
704 3195 798 3260 lerant
813 3199 876 3259 Deo
885 3203 916 3259 ct
924 3197 1065 3262 Ecclesia

12 3311 13 3335 ¹
89 3315 105 3354 a
129 3289 349 3356 urserviendi...
364 3290 452 3352 itaut
465 3287 700 3370 hocCollegium
714 3285 768 3348 Dei
781 3285 989 3350 ministrorum
996 3306 1065 3371 pen-

121 3447 129 3476 ·
146 3439 485 3496 tantantummodo.
498 3437 613 3506 Selpttti,
626 3450 656 3488 no
666 3438 727 3498 3³2.
741 3438 829 3490 merild
843 3438 946 3491 deducit
958 3444 1065 3490 menum

91 3515 193 3571 Consilii
201 3514 342 3566 nullatenus
351 3513 427 3564 luisse
438 3511 607 3572 attenedum
615 3509 762 3569 wmiuario.
770 3510 853 3563 clerici
861 3525 890 3562 ac
897 3511 954 3564 larci
965 3509 1064 3564 insimul

90 3587 258 3646 instituantur,
268 3583 365 3638 redona
375 3599 426 3636 nou
437 3581 522 3635 habita
532 3583 669 3636 teudonis

228 3697 240 3742 1
919 3668 952 3726 re
