2574 3994
208 161 265 222 104
431 179 570 226 unnunus
589 177 688 227 ronus
709 179 792 228 asra
813 183 961 229 canonici.

207 273 282 336 terre
296 280 399 337 vntum
408 273 575 338 decisivum
585 277 748 358 requiritur
759 295 926 340 consensus
940 275 1080 341 omnium
1094 297 1185 342 roca·

206 361 290 424 lium.
324 367 380 446 Ap.
407 363 575 443 Badimo
596 364 686 448 Cap,
711 385 742 448 p.
769 371 848 442 2023
872 366 940 429 vide
961 367 1039 430 inira
1056 367 1185 432 dicenda
1274 420 1275 450 ,

205 453 531 606 (qlifi‘iiiiitinorum
545 549 613 606 vota
625 553 697 608 sunt
709 545 906 628 exquirenda,
922 551 951 608 ct
967 545 991 608 si
1005 545 1079 608 darc
1092 546 1186 609 velint
1274 565 1275 568 ¹

205 631 382 714 suffragium
406 651 460 715 per
484 631 683 715 semctipsos,
708 653 770 696 non
801 642 929 718 possunt
953 633 1076 716 quidem
1110 634 1184 697 illud

204 718 303 783 facere
327 723 454 803 scripto,
477 722 550 792 sed,
575 724 599 783 si
624 722 654 784 in
670 723 750 788 Urbe
768 725 908 798 existant,
924 722 961 785 ad
973 742 1024 785 eos
1040 723 1184 786 accedere

204 808 316 872 debent
330 817 510 872 scrutatores
519 817 661 872 eteorum
673 813 815 893 suffragia
824 813 969 894 recipere.
980 814 1016 872 V.
1029 811 1182 874 Reiffcnst.
1275 817 1276 842 ³

205 897 261 975 iu,
278 898 319 960 η’·
339 903 485 962 rut-193.
506 901 548 961 lta
566 902 769 964 communiter
782 909 886 963 contra
903 901 1116 983 Ceccoperium
1132 901 1184 981 qui

205 987 528 1070 putatinirrmosposse
538 991 1029 1072 votumsuumpraestarescripur3
1045 989 1097 1050 sed
1112 1007 1185 1051 con-

205 1075 470 1139 trariumdecrevit
479 1077 610 1139 tribunal
619 1081 702 1142 Rotae
712 1085 801 1162 prout
809 1079 953 1143 asseritur
962 1097 1012 1161 ap.
1024 1079 1060 1138 l).
1076 1079 1183 1150 Rouix,

210 1163 241 1230 de
255 1164 367 1248 Capit..
385 1185 416 1247 p.
433 1169 488 1228 201
506 1173 534 1227 et
550 1170 619 1228 202.

245 1257 315 1318 400.
339 1254 420 1316 Noto
443 1253 525 1334 quod
548 1255 571 1317 si
591 1255 659 1336 quis
673 1255 848 1320 schedulam
869 1275 994 1320 vacuam
1017 1257 1132 1319 miserit
1153 1255 1185 1316 in

206 1363 334 1420 urnam,
356 1343 438 1406 nulla
454 1343 533 1405 illius
546 1345 603 1405 erit
616 1345 691 1406 ratio
705 1344 842 1407 habenda
857 1348 904 1424 (ex
918 1365 985 1428 cap.
1004 1345 1076 1410 Cum
1092 1345 1184 1424 nobis,

208 1436 256 1506 li,
271 1433 305 1495 de
318 1431 437 1507 Elect.;
453 1431 624 1509 licilianum,
640 1432 694 1506 iu,
712 1441 745 1494 n⁰
761 1433 846 1512 203).

245 1525 316 1584 ror.
340 1521 461 1592 Quaerit.
487 1525 518 1582 2⁰
542 1523 626 1593 Quot
649 1540 777 1585 numero
791 1527 954 1604 presentes
972 1541 1038 1585 esse
1056 1522 1187 1584 debeant

207 1609 365 1680 electores,
382 1616 412 1670 et
425 1611 443 1670 a
457 1612 591 1690 quanam
605 1617 688 1692 parte
708 1627 815 1673 eorum
834 1609 898 1671 lieri
913 1610 1021 1672 debeat
1035 1611 1140 1672 electio
1153 1617 1186 1672 ut
1277 1613 1278 1616 ’

207 1698 304 1760 valida
317 1699 356 1759 sit
368 1696 533 1760 habenda?
1156 1745 1160 1752 .

246 1788 335 1869 Resp.
354 1791 384 1849 lt
399 1785 585 1848 Electionem
597 1785 662 1848 lieri
678 1805 740 1849 non
754 1786 866 1849 debere
880 1786 936 1849 nisi
952 1788 1011 1850 sint
1020 1793 1184 1870 praesentes

207 1875 275 1938 duae
298 1883 401 1957 partes
413 1875 562 1938 vocalium
579 1894 587 1936 ε
603 1875 661 1938 hoc
674 1875 834 1938 deducitur
848 1894 885 1938 ex
905 1875 963 1956 leg.
979 1876 1034 1938 civ.
1051 1876 1142 1939 Nulli
1155 1883 1183 1938 et

203 1963 296 2046 pioni
319 1964 350 2026 u.
370 1963 452 2042 Quod
465 1964 604 2046 cujusque
617 1964 745 2026 univers.
758 1985 835 2026 noan.
851 1967 882 2026 ln
898 1963 956 2026 hoc
969 1967 1040 2027 verb
1053 1965 1184 2026 duarum

207 2055 340 2136 partium
356 2071 483 2116 numero
497 2061 568 2115 sunt
587 2053 732 2115 duntaxat
749 2053 944 2136 computandi
959 2053 979 2114 ii
994 2058 1045 2134 qui
1060 2053 1183 2126 debent,

208 2143 312 2204 uolunt
331 2149 361 2205 et
377 2149 498 2226 posnam
517 2141 659 2204 commode
681 2142 829 2204 iuteresse.
849 2141 937 2205 Unde
960 2143 1057 2205 citatis
1077 2150 1107 2204 et
1123 2161 1185 2204 nrn

207 2231 455 2314 comparentibus
465 2233 496 2292 in
506 2231 593 2292 solito
606 2231 652 2292 vel
666 2230 822 2310 designato
837 2229 904 2292 loco
917 2230 1060 2292 omnibus
1075 2231 1127 2311 qui
1136 2232 1186 2310 jus

207 2321 318 2385 habent
332 2319 481 2402 eligendi,
503 2325 564 2381 tres
579 2319 668 2382 etiam
690 2319 810 2400 explere
833 2326 961 2400 possunt
974 2326 1093 2390 actum,
1109 2320 1186 2399 quin

208 2411 289 2486 imd,
305 2410 382 2487 duo,
397 2408 443 2470 vel
462 2425 560 2483 unus,
576 2425 641 2468 rem
657 2406 841 2488 perficiendo
854 2426 957 2469 coram
973 2407 1070 2468 scriba
1084 2414 1113 2468 et
1127 2415 1187 2470 tes-

206 2499 297 2562 tibus.
314 2501 381 2560 Non
394 2496 476 2578 qudd
491 2513 571 2559 unus
586 2496 623 2557 sit
637 2496 820 2576 Capitulum,
831 2495 884 2557 sed
894 2497 966 2578 quia
981 2497 1046 2575 jura
1056 2496 1185 2577 Capituli

207 2587 373 2649 desolative
387 2585 519 2648 resident
537 2585 568 2646 in
585 2583 636 2646 illo
650 2603 723 2646 uno.
741 2585 874 2666 ldipsum
889 2584 1023 2667 procedit
1044 2583 1188 2648 omnibus

207 2693 279 2737 voce
301 2675 442 2758 privatis,
462 2673 506 2736 vel
531 2672 717 2748 interdictis,
741 2674 802 2736 sive
826 2673 1112 2748 excommunicatis,
1139 2675 1188 2736 vel

207 2763 334 2826 mortuis
344 2771 450 2845 praeter
460 2781 556 2826 unum
568 2782 576 2838 ;
588 2764 611 2824 si
628 2761 751 2844 quidem
764 2780 825 2825 non
835 2761 1004 2824 dissolvitur
1014 2760 1188 2843 Capitulum

208 2854 265 2915 nisi
288 2871 342 2935 per
366 2859 494 2914 mortem
521 2851 661 2913 omnium
684 2851 919 2932 capitularium,
944 2851 990 2912 vel
1011 2851 1189 2914 auctoritate

207 2943 312 3023 Popae3
329 2940 382 3002 sed
397 2941 435 3002 ab
449 2941 536 3002 initio
550 2941 720 3022 Capitulum
735 2959 789 3020 per
803 2957 970 3002 unumnon
985 2947 1082 3022 potest
1096 2957 1188 3001 cons-

207 3031 284 3094 titui.
302 3033 344 3092 lta
358 3030 566 3111 Ceccoperius,
583 3048 631 3110 ap.
650 3029 762 3102 Bouix,
779 3028 823 3089 De
838 3028 951 3111 Copia,
966 3048 997 3110 p.
1015 3031 1090 3103 183,
1106 3035 1164 3091 etc.

246 3123 317 3184 402.
341 3121 430 3200 Resp.
446 3123 478 3181 2⁰
494 3118 680 3199 Regulariter
691 3136 751 3179 non
766 3118 929 3198 requiritur
941 3125 972 3179 ut
986 3135 1093 3178 omnes
1107 3136 1189 3198 prae-

207 3216 307 3274 sentes
321 3208 528 3284 consentiant,
544 3206 595 3268 sed
619 3207 727 3268 sufficit
745 3213 847 3268 votum
867 3207 989 3285 majoris
1009 3207 1102 3288 partis
1122 3225 1187 3268 res-

208 3306 297 3382 pectu
311 3298 516 3380 praesentium,
532 3295 623 3356 modd
633 3313 751 3371 ornnes,
761 3296 812 3375 qui
823 3296 860 3356 de
872 3297 939 3375 jure
950 3294 1186 3373 adessedebent,

207 3403 301 3450 vocau
318 3386 437 3450 tuerint.
455 3385 600 3448 Probatur
614 3404 650 3445 ex
665 3403 731 3464 cap.
752 3383 829 3456 Ouio
846 3393 969 3466 propter
983 3403 1072 3466 supra
1091 3385 1188 3448 relato

208 3475 298 3558 (389),
315 3483 344 3538 et
358 3473 416 3538 hoc
429 3475 579 3558 sapienter
593 3473 761 3536 institutum
776 3472 831 3534 luit
847 3491 855 3533 t
872 3491 955 3550 nam,
972 3481 1004 3535 ut
1018 3475 1059 3536 ait
1076 3475 1187 3536 Cecco-

209 3565 310 3647 perius
341 3565 400 3647 (ap.
423 3564 539 3627 Bouix.
562 3563 607 3625 De
633 3561 747 3632 Capit..
769 3581 802 3642 p.
828 3563 921 3633 tunt:
947 3565 1018 3624 «tn
1042 3561 1189 3626 omnibus
