2588 3994
518 251 742 304 memnonem.
1059 245 1119 306 tte

134 357 261 422 curiam
284 359 456 422 Romsmm
476 357 639 440 impositis3
664 360 755 441 porro
775 361 902 423 omnino
921 361 1120 445 improbabile

134 455 184 511 ost
198 455 261 510 tam
275 449 362 530 pium
379 450 496 528 Regem
509 447 553 509 sic
572 447 706 510 locutum
730 448 839 526 luisse,
860 453 896 513 et
910 451 1033 532 praecise
1046 470 1119 534 epo·

134 538 215 612 cha,
229 539 292 619 que
305 539 324 598 b
337 537 369 600 S.
387 535 534 599 Pontitice
548 536 746 618 postulaverat
758 545 789 601 et
802 537 971 602 obtinuerat
985 537 1119 604 decimes

134 627 347 690 Ecclesierum
378 643 434 708 pro
468 623 541 688 bello
567 633 676 687 anneto.
707 626 774 688 Alia
798 626 856 708 legi
885 635 1012 708 possunt
1039 629 1119 710 apud

139 715 265 792 Andre,
292 715 385 780 Coum
407 713 443 776 de
461 713 541 776 droit
559 732 659 785 conon,
681 723 711 776 ν’
734 716 944 797 Propmctique
957 715 1121 795 Sororium

138 823 198 887 pro
211 807 267 867 sut
275 803 501 867 senteutitcitat
514 804 579 864 Dii.
594 803 686 880 Atlre,
698 802 733 868 de
743 803 864 887 l’rlppel
876 823 982 866 cornme
996 804 1051 869 d’il
1057 806 1117 882 bns,

138 901 171 956 et
185 896 223 954 ll.
235 892 414 974 Themessy.
430 893 560 974 ipsemet
576 890 765 956 d'llerieourt
776 894 807 955 in
824 892 952 957 dubium
967 895 1120 957 revocabat

138 982 400 1046 authenticitatem
420 981 624 1063 Pragmatioae.
645 983 719 1044 Item
740 982 957 1046 Thomassinus
981 983 1118 1067 (Discipl.

138 1071 252 1138 eccles..
277 1090 309 1152 p.
333 1075 371 1142 t,
395 1071 447 1132 lib.
471 1073 526 1143 tt.
552 1087 580 1133 e.
603 1071 644 1150 9).
669 1070 745 1134 Vide
765 1071 855 1133 etiem
882 1071 970 1134 Card.
995 1073 1121 1136 Gousset

139 1159 335 1242 (Exposition
349 1159 397 1222 des
408 1159 574 1243 principer,
590 1167 658 1236 ete,
673 1171 707 1221 n⁰
720 1164 790 1238 eet,
809 1159 894 1242 rte).

182 1248 339 1331 Quidquid
362 1250 399 1311 sit
415 1247 453 1310 de
477 1248 525 1310 illt
545 1249 767 1324 controversie,
790 1248 1000 1329 dispositiones
1014 1269 1121 1314 omnes

140 1339 358 1421 Pragmaticae‚
375 1339 399 1400 si
420 1339 544 1420 quintus
557 1338 700 1400 articulus
714 1337 895 1418 excipiatur,
912 1339 1035 1419 intelligi
1050 1359 1120 1420 pos-

140 1432 239 1500 sunt,
251 1446 312 1489 non
328 1427 449 1490 relative
459 1426 495 1489 ed
513 1427 652 1489 Sanctam
667 1426 792 1488 Sedent.
808 1426 861 1488 sed
876 1427 975 1508 potius
990 1428 1028 1488 ad
1044 1431 1119 1490 Prae⁴

140 1519 257 1600 positos
270 1517 348 1580 civili
368 1516 519 1599 regimini.
535 1516 612 1580 Utile
625 1515 766 1578 ducimus
782 1514 1028 1580 hiotrenscribere
1042 1516 1120 1580 hano

140 1607 295 1670 celebrem
310 1606 529 1688 Pragmaticem
543 1605 760 1668 Sanctionem:

187 1718 203 1754 u
224 1695 405 1772 Ludovrcus,
418 1696 469 1757 Dei
485 1696 595 1775 gralli.
610 1696 797 1756 Francorum
811 1695 887 1772 lter,
898 1695 935 1758 ad
946 1700 1120 1778 perpetuam

141 1807 159 1846 a
184 1785 227 1848 rei
243 1785 422 1848 memoriam
441 1804 448 1844 :
468 1783 527 1846 Pro
539 1783 650 1845 salubri
665 1789 694 1844 et
707 1782 869 1865 tranquillo
883 1791 960 1848 stetu
981 1785 1121 1849 Ecclesiae

106 1935 109 1942 Δ
141 1895 158 1936 r
184 1877 271 1956 regni
288 1874 397 1950 nostri,
420 1891 477 1935 nee
501 1891 562 1934 non
577 1890 633 1954 pro
654 1871 747 1933 divini
765 1873 866 1936 cultus
888 1881 1067 1956 augmento,
1092 1881 1121 1937 et

142 1987 159 2024 a
184 1963 292 2025 Christi
308 1962 442 2026 tidelium
455 1962 626 2026 animarum
641 1961 746 2038 salute,
757 1963 984 2044 utquegratiam
999 1963 1122 2026 etauxi·

143 2075 160 2113 u
184 2053 260 2115 lium
284 2053 506 2135 omnipotentis
527 2051 580 2113 liei
599 2051 696 2130 (eujus
716 2051 811 2114 solius
830 2051 936 2114 ditioni
952 2070 987 2115 ee
1000 2060 1120 2134 protec-

142 2165 160 2203 n
183 2141 258 2204 tioni
272 2159 403 2224 regnum
416 2149 552 2204 nostrum
567 2159 686 2222 semper
700 2140 867 2220 subjectum
878 2141 989 2203 exstitit
999 2149 1029 2202 et
1038 2159 1120 2203 nune

142 2255 159 2294 a
184 2251 250 2296 esse
263 2233 413 2306 volumus)
427 2230 570 2311 consequi
586 2229 758 2302 valeamus,
775 2247 843 2310 quae
857 2239 1045 2310 sequuntur,
1062 2229 1120 2292 boc

143 2343 159 2382 a
183 2321 264 2384 dieto
277 2321 500 2384 consultissimo
516 2319 547 2380 in
563 2326 743 2401 perpetuum
761 2317 903 2387 valituro,
921 2317 1079 2380 statuimus
1092 2325 1121 2380 et

145 2433 161 2472 a
186 2411 388 2474 ordinamus:

184 2523 200 2559 u
224 2502 248 2562 l.
270 2500 384 2575 Primo,
397 2496 638 2560 utllcclesiarum
652 2495 738 2576 regni
754 2496 847 2559 nostri
857 2493 986 2573 Praelati,
998 2497 1119 2559 Petroni

145 2611 160 2650 a
184 2595 211 2651 et
237 2587 455 2650 beneficiorum
474 2586 632 2649 collatores
654 2585 814 2663 ordinarii,
831 2587 881 2665 jus
904 2603 993 2648 suum
1015 2585 1119 2669 plene·

146 2699 161 2742 a
184 2679 265 2740 rium
278 2677 424 2746 habeant,
442 2682 471 2738 et
485 2675 650 2756 unicuique
664 2693 718 2736 sua
729 2675 897 2754 jurisdictio
911 2682 1053 2739 servetur.

185 2789 201 2827 i
223 2767 260 2828 ll.
283 2769 358 2829 ltem
380 2763 524 2828 Ecclesiae
544 2762 733 2826 Catbedrales
751 2771 781 2825 et
795 2763 861 2828 eliae
886 2763 981 2846 Regni
1005 2766 1118 2838 nostri,

146 2855 292 2918 »liberes
317 2853 479 2918 electiones
500 2861 531 2916 et
556 2869 660 2914 earum
687 2851 826 2915 ellectum
854 2852 1037 2936 integraliter
1066 2851 1120 2917 ba·

146 2967 161 3003 a
184 2943 287 3008 beent.

185 3055 200 3093 a
224 3036 272 3096 lll.
294 3033 525 3096 ltemSimoniae
539 3029 1120 3111 crimenpestiferumlloclesiamlebe

147 3144 162 3183 s
185 3122 313 3196 lectam,
328 3121 346 3182 a
360 3123 464 3203 Regno
479 3124 581 3182 nostro
603 3120 725 3202 penitbs
747 3119 966 3183 eliminandum
980 3120 1119 3184 volumus

149 3233 165 3270 a
187 3219 216 3274 et
226 3211 381 3290 jubemus.

184 3323 200 3360 n
225 3303 275 3363 tv.
297 3302 373 3362 ltem
399 3297 629 3382 promotiones,
652 3296 846 3373 collationes,
876 3297 1061 3378 provisiones
1091 3305 1120 3360 et

148 3387 397 3471 »dispositiones
423 3387 673 3458 pretaturarum,
705 3385 910 3466 Dignitatem,
940 3391 970 3448 et
992 3387 1120 3446 aliomm

148 3502 164 3542 a
186 3496 449 3561 quorumcumque
471 3475 689 3538 beneficiorum
707 3481 736 3536 et
754 3473 921 3536 officiorum
942 3473 1119 3535 ecclesiasti·

150 3590 165 3628 a
187 3585 293 3630 corum
307 3567 402 3650 Regni
418 3566 526 3642 nostri,
543 3563 711 3628 secundum
731 3562 979 3643 dispositionem,
995 3557 1120 3620 ordina·

152 3679 166 3718 a
188 3657 302 3718 tionem
324 3665 353 3720 et
366 3655 648 3720 determinationem
659 3651 736 3727 juris
755 3665 945 3714 communis.
966 3663 1118 3707 sacrorum
