2588 3994
481 219 703 267 rnoaaaouano.
1065 206 1103 271 lb

118 339 134 382 a
157 319 242 382 istius
253 319 331 400 juris
342 319 425 396 viru,
442 325 476 383 ul
490 339 551 382 noo
567 323 661 403 possit
676 324 692 384 a
710 322 955 405 Paptinlirroari.
972 329 1005 386 3⁰
1026 325 1103 388 Huic

120 429 135 468 a
155 409 214 488 iuri
230 411 325 471 inulta
339 419 558 473 annexuerunt
571 429 639 491 quae
655 431 716 474 nou
729 413 818 489 jura,
834 412 886 475 seo
902 413 1019 484 iniuriae
1033 433 1103 494 erga

120 521 135 557 a
158 499 323 562 Ecclesiam
338 499 508 580 reputanda
521 507 601 563 snut.
614 505 683 563 4⁰...
700 502 788 564 Falso
797 503 909 582 opinati
926 511 994 565 sunt
1009 504 1104 580 adjus

121 611 135 646 a
160 589 342 668 gallicanum
364 591 517 670 portinere
528 597 658 670 quatuor
673 591 814 653 articulos
827 591 951 654 larnosae
965 591 1103 654 Declara-

120 699 135 735 υ
159 678 250 740 tionis
263 679 336 740 anni
353 681 442 740 tosa.
461 681 553 741 Porro
567 678 797 762 hecquatuor'a
809 681 1104 760 reclbnotiouejuris

121 789 136 824 a
159 768 299 848 gallicani
315 765 499 830 removenda
520 773 600 830 sunt.
623 790 638 826 o

160 857 299 921 Primam
309 856 451 938 quidem,
463 856 532 938 quia
543 857 661 920 nullum
669 858 720 937 jus
731 857 865 940 legitime
874 857 1019 940 derogare
1028 861 1105 922 valet

119 947 177 1026 juri
185 945 344 1008 communi
355 995 363 1021 ‚
374 943 875 1020 siuecousensusaltemtacito'ant
886 947 972 1029 legali
984 949 1015 1010 S.
1029 951 1104 1010 Pon-

120 1035 218 1098 titicis.
236 1034 401 1098 Secundam
413 1053 536 1118 quoque
548 1057 556 1110 ;
569 1037 660 1098 ruodo
673 1037 754 1098 enirn
770 1037 963 1118 probavimus
978 1039 1009 1100 S.
1021 1039 1104 1101 Pou-

124 1124 234 1210 tilrcenr
250 1143 338 1206 posse
359 1125 636 1207 quodcuruqnejus
664 1127 780 1188 irritare
799 1127 888 1188 etiarn
910 1127 1104 1191 Concordatis
1125 1139 1129 1146 '

122 1213 275 1276 lirinatuur
286 1217 455 1291 (lib-ibo).
468 1217 542 1276 bern
558 1216 697 1276 tertiam:
712 1216 880 1279 stcmuttaa
894 1217 1100 1298 Parlameotis,

121 1303 286 1384 lienibus,
302 1307 318 1365 b
333 1308 413 1366 sectb
427 1303 625 1366 lausenistict
638 1312 671 1366 ut
682 1306 732 1384 jus
751 1307 853 1366 eattiae
876 1306 1101 1386 praetendantnr

121 1392 235 1474 absque
250 1392 527 1474 fundamentoque
541 1396 557 1456 a
570 1395 656 1456 Clero
665 1395 753 1456 etiam
767 1395 797 1456 in
810 1393 905 1458 Gallia
914 1395 1099 1473 rejiciuntur.

122 1481 266 1558 Quartum
280 1481 425 1564 denique,
439 1483 510 1564 quia
524 1482 570 1544 vel
581 1483 640 1545 reri
656 1490 726 1546 suot
741 1483 771 1544 io
786 1501 819 1546 se
833 1491 963 1563 quatuor
977 1483 1018 1545 illl
1032 1486 1102 1546 arti·

119 1572 178 1634 culi
193 1621 202 1649 ,
228 1577 259 1634 et
270 1577 343 1634 tuuc
358 1590 419 1632 oon
435 1571 531 1652 magis
546 1581 617 1634 snut
627 1574 678 1650 jns
691 1572 794 1634 eatttae
816 1591 908 1653 quarn
922 1579 1100 1636 caeterarum

119 1662 258 1742 gentium
269 1708 277 1738 ‚
290 1661 337 1722 rel
351 1659 415 1721 falsi
430 1667 511 1736 sunt,
529 1675 558 1722 et
572 1667 645 1723 tunc
660 1660 743 1724 nullo
755 1660 847 1724 modo
858 1661 908 1742 jus
918 1663 1100 1744 gallicanum

119 1757 170 1812 aut
184 1749 266 1812 aliud
281 1751 330 1827 jus
344 1749 526 1811 constituere
541 1757 679 1831 possunt.

160 1840 248 1904 [loric
269 1839 319 1918 jus
334 1838 517 1919 gallicanum
533 1858 594 1900 noo
609 1846 708 1922 potest
730 1841 893 1904 consistere
912 1841 969 1903 uisi
984 1843 1016 1904 in
1029 1844 1101 1924 qui-

121 1927 248 1991 busdam
276 1927 521 2010 derogationibus
542 1929 602 2007 juri
627 1930 781 1992 cororouoi
807 1929 941 2010 legitime
955 1929 1040 1993 laetis
1051 1940 1102 1994 aut

121 2015 393 2081 consuetudinibus
416 2025 524 2096 praeter
542 2019 593 2094 jus
617 2037 625 2077 :
647 2017 677 2078 io
700 2037 761 2098 quo
780 2036 870 2081 seusu
887 2021 968 2081 recte
984 2019 1101 2084 videtur

119 2127 207 2189 posse
226 2106 368 2168 deliniri:
384 2107 477 2168 uarice
490 2106 570 2187 apud
583 2105 690 2170 Gallice
705 2107 855 2169 Ecclesiae
870 2107 943 2189 jari
957 2111 1101 2170 camurani

116 2196 337 2278 ‘leiayctiones5
352 2195 632 2258 auteemaetadioes
644 2195 865 2258 auctoritates.
879 2197 1036 2278 Pontifices
1049 2199 1101 2279 fir·

117 2297 216 2350 motae.
232 2285 562 2366 bleritbigiturcxcludi
574 2285 685 2348 debent
696 2288 713 2348 b
724 2285 930 2366 legitimoJure
941 2287 1099 2366 gallicana,

117 2379 178 2440 sive
192 2377 312 2440 articuli
331 2375 466 2456 organici
481 2384 586 2438 otrotra
600 2394 678 2458 quos
692 2374 805 2457 pluries
819 2379 981 2455 protestata
996 2381 1041 2434 est
1067 2377 1097 2438 S.

117 2467 221 2538 sedes*
234 2467 295 2529 sive
309 2465 391 2548 leges
403 2467 420 2527 lt
432 2473 576 2546 potestate
599 2466 676 2528 civili
688 2471 847 2532 emanatae,
859 2461 1099 2528 oisiabEcclesil

116 2557 379 2639 approbarentur,
395 2557 456 2617 sive
477 2554 646 2618 decisiones
666 2553 790 2618 Concilii
806 2554 906 2615 Status
920 2559 950 2614 et
971 2553 1099 2617 aliorum

116 2647 317 2709 tribunalium
338 2645 539 2708 secularium.
562 2643 704 2718 Quamvis
727 2642 809 2705 enirn
834 2641 918 2703 sileat
941 2643 1094 2720 Ecclesia,

117 2771 128 2800 ι
147 2753 244 2805 france
263 2768 306 2804 sur
318 2767 352 2802 un
367 2751 423 2818 plus
434 2751 513 2819 grand
529 2751 634 2804 nombre
647 2749 783 2809 d'articles,
798 2754 822 2799 et
839 2763 898 2798 avec
915 2749 969 2813 plus
991 2749 1021 2799 de
1044 2749 1095 2802 acin

117 2844 129 2870 ι
145 2841 196 2890 que
209 2825 270 2876 ehez
283 2830 364 2876 toules
373 2823 408 2874 les
421 2831 504 2874 autres
529 2823 627 2873 natione
651 2822 682 2874 de
706 2821 814 2887 l'Eglise.
837 2817 940 2870 Suivant
952 2826 990 2870 cet
1011 2822 1098 2873 ancien

116 2915 127 2944 ι
147 2897 214 2948 droit
224 2912 372 2948 commun...
388 2895 515 2962 lcPape...
524 2900 562 2946 ast
571 2909 620 2945 noe
631 2892 767 2944 autorite...
783 2890 824 2958 qui
837 2890 948 2942 doitetre
961 2891 1043 2955 raglc'e
1056 2909 1098 2958 par

117 2988 129 3014 ι
146 2969 184 3019 les
197 2969 276 3019 saints
289 2983 396 3028 canons,
410 2967 452 3034 qui
469 2972 505 3018 est
516 2965 607 3017 abablio
619 2981 682 3031 pour
694 2963 780 3015 ediber
800 2969 825 3014 et
836 2977 885 3014 uon
900 2978 963 3030 pour
973 2963 1096 3035 ultrane,

116 3061 129 3087 ι
146 3041 190 3108 qui
201 3041 256 3092 doit
266 3053 401 3091 conserver
417 3039 452 3092 les
467 3037 513 3090 lois
526 3037 687 3088 uoircrselles
698 3037 729 3087 de
741 3036 763 3086 la
772 3033 901 3100 discipline
913 3033 1098 3102 ecclesiastique

115 3133 127 3162 ι
146 3123 171 3165 et
182 3114 218 3164 les
228 3119 360 3164 couturnes
372 3110 495 3177 legitimes
507 3110 550 3160 rles
565 3097 659 3174 Eglises
676 3107 854 3175 particulieres,
872 3104 914 3172 qni
925 3121 955 3155 ne
965 3106 1017 3156 doit
1029 3109 1098 3174 paint

116 3205 126 3234 ι
145 3185 324 3250 entreprendre
337 3199 380 3233 sur
395 3183 431 3234 les
447 3181 524 3233 droits
537 3180 580 3232 des
604 3185 716 3246 pasteurs
729 3179 860 3230 interiens
874 3185 898 3227 ct
920 3177 961 3244 qni
983 3179 1034 3228 doit
1045 3183 1096 3233 etrc

116 3277 126 3306 ι
145 3257 258 3308 scantiae
271 3271 300 3307 ru
311 3255 479 3322 jugementde
492 3251 592 3318 rugiae
604 3251 809 3304 univeraelle...ll
823 3266 836 3316 y
853 3265 866 3300 a
880 3248 956 3315 parmi
970 3265 1032 3302 nous
1045 3254 1098 3318 plu·

115 3349 126 3380 ι
141 3331 224 3380 sieurs
237 3343 327 3392 usages
340 3325 398 3392 qu'il
412 3326 487 3376 serait
503 3323 603 3376 ditiiaile
616 3323 759 3376 d'accarrler
771 3337 832 3373 arec
853 3321 874 3370 la
889 3322 973 3386 purete
986 3323 1017 3372 de
1033 3323 1097 3372 l'an·

115 3421 126 3451 a
143 3403 235 3454 cienoc
248 3398 407 3465 discipline...
425 3397 485 3448 blais
497 3411 538 3448 ces
558 3411 647 3462 aroges
658 3404 758 3447 soctan
772 3396 815 3445 dea
829 3391 960 3458 privileges
976 3393 1098 3445 autorists

115 3491 127 3522 ι
144 3489 190 3540 par
202 3459 304 3535 t'bgtise
327 3477 352 3520 ct
363 3469 549 3535 caubrurespar
571 3467 606 3520 lea
623 3467 691 3528 raia.
705 3485 738 3520 on
755 3467 798 3517 des
819 3463 998 3514 relat-beneola
1021 3465 1098 3529 qn'nn

116 3564 127 3592 r
144 3543 248 3598 Concila
260 3542 436 3609 oecurotniqna
450 3557 484 3593 aa
499 3529 600 3608 l’Eglise
610 3539 733 3608 gallicane
746 3551 836 3605 pourra
847 3535 967 3584 reicrrner
983 3533 1016 3581 du
1034 3549 1098 3612 acn-

116 3633 127 3666 ι
144 3620 289 3670 manarent
299 3613 335 3667 du
345 3613 412 3680 Papa
427 3619 453 3666 ct
470 3613 505 3666 du
516 3612 577 3676 lici,
589 3612 634 3678 qai
644 3617 682 3663 eat
698 3611 722 3662 la
735 3612 876 3676 protecteur
893 3603 924 3652 de
941 3613 986 3650 nas
1007 3609 1099 3654 saintes

115 3689 296 3744 nubum·
