2578 4008
203 257 262 318 aab
420 270 558 315 anaunia
578 269 678 314 sonus
698 265 780 312 sanis
801 263 948 310 oenomai.

201 377 266 431 tum
286 369 316 430 in
335 369 426 430 causa
448 365 653 428 dissolutionis
675 361 857 425 matrimonii
876 356 1085 442 Napoleonisl
1101 377 1170 426 cum

201 455 364 538 Iosephina
374 455 515 534 Tasohen,
531 473 612 516 anno
628 457 716 516 1810.

241 546 325 608 Circa
338 563 437 606 causas
451 545 576 625 majores
589 542 656 605 vida
675 540 762 604 (land.
778 542 906 603 Gousset
918 538 950 602 in
964 556 1055 622 opere
1069 538 1173 621 Expa-

202 635 290 695 sitioa
304 633 352 696 des
357 633 519 717 principes,
535 638 606 709 eto,
619 631 659 694 n¹¹
670 635 740 710 290,
751 632 822 708 291,
833 629 970 693 Glosaam
983 646 1073 712 super
1085 635 1175 711 caput

202 722 291 786 Sicut
303 723 401 799 unire,
413 721 448 784 de
457 741 562 784 eccess.
578 721 792 784 Praelatoram.

242 814 350 875 Coram
369 828 503 894 quonam
517 809 618 891 judice
638 829 738 873 causas
760 808 980 890 Episcoporum
1003 807 1176 889 personales

203 902 264 965 sint
277 903 376 983 primb
393 900 440 964 vel
462 900 493 963 in
508 899 650 962 instantia
670 896 861 976 deferenda,
878 896 994 961 dictum
1008 895 1064 960 fuit
1084 915 1174 980 supra

243 1141 313 1200 695.
335 1135 657 1220 Sabatina-nupia
667 1136 860 1220 distinguitur
869 1138 1076 1220 potestasinS.
1091 1139 1176 1201 Pon-

204 1233 300 1296 tilioe:
319 1229 478 1295 Ordinatio
492 1233 888 1316 nempeetcatraordiuaria
900 1253 912 1297 .·
930 1234 1085 1308 «Quando
1096 1237 1176 1318 Papa

207 1346 219 1378 ι
243 1321 274 1384 in
289 1321 480 1403 procedendo
502 1343 567 1386 sese
583 1323 792 1387 aooommodat
810 1322 896 1386 dictis
915 1323 1175 1387 Praedeoessonum

206 1433 220 1467 s
244 1428 369 1473 suorum
379 1411 423 1473 sel
435 1413 620 1494 generalium
629 1411 1050 1496 conciliorundecreas‚quae
1059 1421 1175 1476 certum

204 1519 220 1558 s
244 1500 271 1561 ei
286 1501 393 1580 agendi
418 1501 543 1564 modum
558 1501 732 1583 indigitant,
752 1500 861 1564 dicitur
879 1501 1090 1582 procederetis
1102 1503 1175 1584 jure

204 1609 220 1648 s
243 1588 406 1652 ordinaria.
423 1591 550 1662 Quando
563 1593 633 1652 verb
648 1590 888 1672 prascriptionas
903 1590 967 1654 illas
982 1611 1043 1656 non
1058 1599 1174 1671 servat,

203 1698 220 1735 a
243 1677 352 1740 dicitur
364 1678 399 1740 de
414 1677 487 1759 jare
509 1679 748 1742 extraordinarie
761 1679 935 1762 proaedere.
955 1703 971 1742 a
990 1681 1107 1759 Bouix,
1131 1683 1177 1745 De

204 1767 360 1848 Episcopo,
377 1773 398 1828 t.
417 1771 445 1843 l,
460 1788 491 1850 p.
507 1772 577 1832 325.

244 1857 311 1916 Non
333 1863 434 1918 autern
456 1864 595 1921 censetur
613 1859 693 1940 Papa
716 1859 846 1922 voluisse
865 1859 900 1923 dc
916 1859 990 1942 jare
1011 1859 1177 1924 extraordi-

204 1944 289 2005 nario
302 1943 464 2026 procedere
488 1946 545 2008 nisi
568 1947 600 2010 id
621 1948 811 2011 constiterit:
836 1967 897 2011 non
918 1949 1002 2011 enim
1023 1950 1065 2012 sio
1086 1967 1176 2031 agera

205 2032 278 2094 solet
288 2034 362 2114 quin
377 2052 463 2096 suam
477 2046 608 2098 mentem
619 2037 749 2099 declaret
761 2057 767 2097 :
781 2037 862 2100 unde
872 2038 1012 2120 rescripta
1023 2039 1052 2100 in
1063 2038 1175 2121 quibus

205 2121 318 2203 aliquid
334 2123 393 2202 juri
408 2126 565 2188 communi
585 2126 738 2189 invenitur
756 2127 940 2190 contrarium
954 2127 1020 2190 sine
1033 2128 1177 2192 clausulis

205 2209 407 2274 indicantibus
417 2219 489 2276 tunc
499 2214 597 2296 ipsum
608 2234 696 2296 agere
704 2235 740 2278 ex
746 2215 999 2297 plenitudinem
1009 2219 1171 2299 potestatis,

205 2301 250 2362 oet
271 2301 525 2364 nonobstantibus
550 2305 707 2366 contrariis
727 2304 988 2368 Prccdeccssaream
1009 2314 1173 2370 nostrorum

204 2389 344 2462 decretis,
373 2399 424 2452 aut
445 2391 612 2471 similibus,
639 2393 746 2456 meritd
768 2399 910 2477 tanquam
930 2394 1107 2479 subreptitia
1127 2396 1174 2462 vet

204 2479 362 2560 obreptitia
376 2479 513 2542 habenda
527 2487 598 2543 sunt
612 2483 732 2562 (Bouix,
749 2482 804 2560 ib.‚
820 2503 850 2566 p.
867 2487 945 2562 326).

244 2571 310 2630 Non
324 2574 425 2630 anien
440 2570 520 2650 Papa
539 2577 678 2633 censetur
692 2590 779 2653 agere
793 2589 830 2634 ex
844 2581 988 2656 potestate
1001 2574 1172 2638 extraordi-

204 2656 290 2717 naria
312 2657 434 2738 quando
455 2657 578 2741 derogat
596 2661 729 2724 Concilio
749 2661 941 2740 liidentino,
963 2663 1034 2726 oiim
1053 2663 1173 2746 ipsimet

203 2745 369 2808 Tridentini
391 2747 494 2810 Patres
518 2765 573 2810 sua
593 2749 753 2813 condendo
771 2750 892 2814 decreta
911 2752 1070 2815 voluerunt
1088 2759 1121 2817 ut
1139 2754 1171 2816 ia

204 2833 342 2896 bissulae
355 2854 466 2918 semper
485 2839 646 2900 auctoritas
668 2839 752 2902 Sedis
772 2840 943 2924 Apostolicu
964 2849 993 2904 et
1010 2843 1053 2905 sit
1071 2850 1101 2906 ct
1112 2863 1171 2906 ease

205 2923 407 3005 iatcllipatar.
424 2926 504 2989 Sess.
516 2930 556 2990 25
568 2973 577 3005 ,
591 2946 619 2989 o.
638 2933 687 2990 el.

654 3115 671 3190 a
694 3115 731 3175 n.

358 3243 404 3306 ae
410 3243 532 3324 juribus
545 3245 580 3309 S.
597 3247 755 3332 Poatificis
768 3249 799 3312 ia
814 3252 998 3335 temporalia.

240 3399 309 3462 696.
324 3395 408 3460 Circa
421 3404 596 3480 potestatem
607 3403 638 3464 S.
654 3399 805 3468 Pontificis
819 3425 890 3490 erga
903 3408 1077 3492 temporalia
1089 3429 1167 3493 quan

201 3495 268 3549 tuor
281 3487 456 3569 prodierunt
468 3487 626 3570 opiniones
639 3537 647 3568 ,
662 3493 759 3574 inquit
773 3497 809 3556 D.
822 3495 913 3560 Boua.
927 3497 1040 3576 (Tract.
1056 3500 1089 3562 de
1100 3501 1165 3563 Ec-

201 3577 299 3649 clesia,
315 3583 390 3659 part.
407 3579 437 3653 3,
452 3595 479 3638 o.
498 3581 511 3638 l
527 3623 534 3654 ‚
550 3585 605 3639 art.
621 3583 661 3655 l,
676 3579 694 3660 ᾖ
707 3586 744 3654 2,
761 3591 832 3646 sect.
850 3588 885 3662 l,
901 3585 971 3647 edit.
988 3589 1085 3667 1834).

242 3687 258 3720 a
280 3665 383 3726 Prima
396 3669 477 3725 tenet
491 3665 521 3726 S.
537 3666 712 3731 Pontificem
723 3677 755 3730 ut
769 3671 932 3750 talamjura
941 3673 1041 3739 divino
1050 3677 1161 3758 plenis·
