2586 3988
484 281 706 336 mouuoutltl.
996 313 998 318 ·
1064 274 1084 335 ³

141 394 171 456 5.
194 392 304 466 Quoad
321 391 464 456 ronnei
477 389 685 456 consideratur
701 392 731 452 l·
752 389 784 451 in
808 407 899 452 sensu
919 386 1039 467 stricto,
1054 389 1085 452 id

107 491 146 544 est
156 481 244 562 juxta
257 500 311 544 eas
327 483 448 544 tantum
463 477 545 563 leges
557 499 627 563 quae
644 479 683 542 ab
697 477 870 542 auctoritate
884 479 1084 544 ecclesiastici

107 589 279 653 supremam
298 577 329 634 et
349 570 551 634 universalem
563 567 804 649 jurisdictionem
820 566 948 630 habente
963 569 1085 630 sancitae

108 665 191 737 sunt;
215 660 312 722 etsie
333 659 521 722 intellectum
541 659 622 720 recte
643 655 764 720 deliniri
783 663 880 739 potest
893 675 900 718 :
914 656 1086 738 Complexio

109 745 202 828 leptim
215 749 396 810 auctoritate
407 747 495 829 Papo
507 747 706 830 pinnatarum,
722 745 828 830 quitos
836 743 986 827 fidelesod
997 746 1086 828 finem

109 837 139 899 E
138 837 251 900 celesioe
261 838 420 920 propritcn
432 835 618 918 diripientur.

145 926 262 989 Dicitur
292 931 324 988 l⁰
347 923 525 988 auctoritate
548 925 639 1007 Pcpoe
658 926 871 1008 fimaturam,
896 943 958 986 non
985 931 1087 988 autem

111 1016 355 1092 constitutarum,
378 1021 431 1078 aut
450 1013 700 1096 approbatorum:
720 1014 792 1096 quic
813 1014 924 1094 injure
938 1013 1088 1078 canonico

112 1109 180 1166 sunt
200 1104 304 1167 mnttae
327 1103 410 1186 leges
428 1103 505 1183 juris
522 1101 615 1165 divini
634 1109 698 1166 tum
722 1103 883 1174 naturalis,
907 1109 972 1168 tum
995 1103 1082 1166 etiam

113 1194 245 1273 positivi,
271 1212 340 1276 quae
362 1212 419 1256 nec
433 1191 555 1255 fuerunt
568 1195 586 1255 a
599 1193 681 1276 Papo
693 1199 877 1269 constitutae,
892 1211 948 1256 neo
966 1193 1086 1278 proprie

112 1283 297 1364 approbatae,
315 1281 366 1345 sed
382 1281 481 1344 solum
494 1281 533 1343 ub
546 1282 612 1363 ipso
626 1281 782 1345 declarutoe
796 1287 826 1343 et
840 1283 1007 1344 executioni
1020 1300 1084 1363 spe·
1206 1304 1210 1309 ’

111 1371 222 1434 cialiter
241 1371 404 1434 mandatae.

106 1451 113 1456 ⁶
149 1461 265 1524 Dicitur
285 1465 317 1522 2⁰
340 1459 445 1543 quidus
469 1457 570 1544 fideles
594 1459 634 1522 cd
655 1460 744 1544 finem
767 1457 910 1522 Ecclesia
933 1459 1086 1542 proprium

112 1547 305 1630 diripientur:
316 1550 430 1613 scilicet
443 1547 481 1612 ad
496 1549 649 1631 spirituale
662 1549 778 1612 bonum
793 1555 997 1631 aeternamque
1012 1547 1085 1612 bea-

112 1637 284 1700 titudinem.

152 1731 182 1790 6.
205 1727 261 1789 Vel
275 1727 481 1791 consideratur
495 1733 526 1791 2⁰
539 1727 570 1789 in
582 1745 673 1790 sensu
683 1727 787 1790 tortore
797 1733 827 1791 et
837 1727 938 1790 minus
947 1729 1085 1810 proprio;

112 1822 141 1878 et
165 1815 334 1878 delinitur:
362 1817 532 1900 complexio
561 1817 656 1899 lepram
678 1817 697 1878 d
725 1835 892 1900 quocunque
914 1825 1088 1900 potestatem

113 1903 311 1986 lepislutiucm
325 1905 487 1988 possidente
502 1907 535 1966 in
551 1905 652 1967 bonum
664 1905 797 1988 fideliam
806 1906 1012 1988 firmatarum,-
1028 1908 1088 1987 qut

111 1992 770 2076 definitionecomprehendunturnonsolum
781 1994 889 2076 legesis
900 1997 930 2058 S.
943 1995 1088 2057 Pontifice

112 2082 206 2160 latae,
230 2082 283 2145 sed
310 2083 401 2145 etiam
424 2083 505 2165 leges
533 2083 699 2165 legatorum
726 2103 782 2166 pro
808 2084 1088 2166 circumscriptione

112 2172 249 2253 ipsorum
264 2171 440 2255 legationis,
460 2171 580 2236 decreta
601 2172 798 2235 conciliorum
813 2173 874 2234 sive
890 2172 1089 2234 nationalium

113 2259 175 2323 sive
188 2260 432 2344 provincialium,
441 2267 549 2324 statuta
561 2261 740 2332 dioecesana,
757 2269 785 2323 et
794 2261 988 2324 Praelatorun
1003 2279 1091 2342 regu-

114 2348 242 2426 larium,
273 2357 325 2412 aul
355 2350 563 2432 cujuscunque
588 2349 829 2430 jurisdictionem
858 2346 1089 2411 ecclesiasticam

113 2435 248 2520 legitime
262 2437 453 2520 possidentis.
985 2507 990 2516 ,

150 2533 186 2589 ’1.
207 2528 263 2590 lus
276 2529 457 2591 canonicum
471 2535 560 2612 prout
574 2529 698 2592 seientia
717 2534 781 2604 est,
801 2534 923 2592 vocatur
936 2525 1091 2610 jurispru

112 2613 214 2680 dentia
228 2617 366 2680 canonica
386 2625 417 2680 et
434 2619 514 2682 recte
531 2616 675 2681 delinitur
690 2618 722 2680 in
730 2617 831 2680 stricto
845 2635 937 2680 sensu
950 2635 957 2677 :
968 2616 1090 2678 scicntia

112 2705 210 2788 repom
245 2704 507 2769 ecclesiasticarum
542 2707 719 2769 auctoritate
754 2711 845 2789 rapu
879 2705 1088 2788 firmatam,-

111 2791 213 2864 luticri
227 2795 400 2858 verdsensu
411 2816 420 2858 ε
430 2793 553 2859 scicntia
568 2795 665 2878 lecum
679 2793 939 2860 ecclesiasticarum
948 2795 1086 2859 conium.

152 2886 184 2947 a.
206 2884 450 2966 Jurisprudentia
462 2886 607 2948 canonica
628 2884 727 2948 differt
740 2885 801 2948 sive
815 2886 833 2947 t
847 2883 1013 2965 theologii,
1028 2883 1088 2952 sive

111 2973 131 3036 a
158 2973 285 3036 scientia
314 2975 392 3055 juris
415 2973 576 3050 naturalis,
606 2974 667 3036 sive
693 2976 712 3036 a
736 2973 972 3053 iurisprudentit
998 2973 1088 3035 civili.

112 3061 236 3124 Etenim
260 3067 291 3125 l⁰
320 3065 458 3144 quumvis
484 3061 636 3144 objectum
667 3063 821 3127 materiale
846 3061 1090 3144 jurisprudentia

111 3151 288 3230 canonicas,
313 3151 394 3214 idem
417 3153 470 3229 sit,
493 3171 548 3234 pro
567 3153 681 3232 majore
703 3156 750 3216 sul
765 3159 866 3234 parte,
881 3169 917 3214 ac
936 3151 1089 3231 objectum

110 3239 268 3303 materiale
282 3239 457 3322 theologiae,
472 3246 603 3304 attamen
619 3241 782 3304 formaliter
800 3249 829 3304 et
844 3241 874 3303 in
889 3244 1019 3304 essentie
1032 3241 1089 3302 dit-

110 3325 216 3392 ierunt
229 3331 306 3392 inter
325 3347 357 3392 se
371 3329 520 3412 theologia
537 3337 567 3392 et
581 3330 819 3414 jurisprudentia
832 3331 978 3393 canonica
989 3348 996 3388 :
1006 3327 1089 3389 theo-

110 3416 194 3500 logia
208 3419 292 3480 enim
321 3425 367 3480 est
385 3419 508 3481 sco'eotia
528 3438 594 3501 quoe
615 3418 759 3482 discurrit
781 3437 819 3481 ea
837 3418 998 3504 principiis
1019 3416 1091 3497 fidei

110 3507 193 3569 circa
203 3505 300 3571 Deum
309 3515 340 3569 ct
352 3507 433 3570 circa
442 3527 475 3570 ec
489 3527 555 3590 poca
563 3506 603 3570 ad
610 3507 703 3571 Deum
711 3508 814 3591 utiquc
826 3507 906 3570 modo
915 3504 1091 3590 pertinent:

110 3595 186 3659 dum
204 3595 444 3679 iurisprudentia
458 3597 606 3661 canonica
618 3604 663 3660 est
675 3596 798 3664 scientia
816 3597 911 3678 lipom
933 3592 1088 3655 ecclesias-

110 3683 260 3766 ticorum,
276 3685 338 3749 siva
345 3685 501 3758 omnium,
518 3685 696 3750 sivaaarum
707 3685 827 3746 tantum
840 3677 1091 3763 quaeauctoritate
