2578 4008
201 161 261 223 tlt
421 177 559 225 munau
578 175 679 224 rorrns
697 175 781 224 sanis
801 172 956 223 cenoman·

241 278 331 357 Resp.
347 275 405 338 boc
421 276 536 340 crimen
550 274 581 337 in
601 290 711 356 genere
725 273 836 336 debere
850 291 916 335 esse
928 290 1036 354 prove,
1062 278 1097 335 ut
1110 271 1177 338 dic·

201 371 268 427 tum
281 363 338 426 luit
350 383 441 446 supra
454 365 485 427 in
500 382 617 427 canone
641 364 795 426 inventam
810 365 910 444 (553);
935 361 997 425 irnd
1016 363 1088 425 cirm
1099 365 1178 442 juri-

201 452 269 516 dica
291 453 416 535 privatio
438 454 476 515 sit
497 472 559 516 una
584 472 622 515 ex
642 452 829 533 gravioribus
854 451 973 534 poenis,
997 453 1117 513 nonnisi
1140 451 1180 514 ob

203 543 352 623 graviores
361 543 466 625 culpas
475 542 570 625 inlligi
584 541 686 605 debet.
697 543 765 604 Non
779 550 881 604 tamen
895 541 1059 622 requiritur
1072 541 1179 604 adhoc

202 632 280 694 utin
295 632 364 711 iure
387 631 505 695 dicatur
526 631 609 714 quod
628 638 750 714 propter
767 631 826 693 lale
847 630 963 693 crimen
986 631 1056 712 quis
1069 630 1180 711 poterit

202 719 312 801 deponi
325 721 371 782 vel
385 739 441 784 suo
460 719 559 783 officio
573 721 694 803 privari.
710 719 891 800 Huiusmodi
909 719 1061 801 expressio
1076 719 1179 800 requi-

202 809 277 870 ritur
299 809 424 890 quidem
442 828 498 891 pro
520 810 735 892 degradatione
758 809 830 871 reali
848 810 934 888 juxta
955 808 1069 870 Bened.
1094 811 1179 885 XlV,

203 897 247 959 De
260 897 350 980 Syn,
365 897 418 959 lib.
435 904 472 971 9,
493 917 561 980 cap.
577 903 616 977 6,
629 909 663 962 n⁹
678 904 732 977 103
748 904 801 974 aut
818 898 924 960 saltem
938 915 1017 978 opus
1030 901 1076 960 est
1096 896 1181 979 qubd

203 986 271 1068 quis
284 987 323 1048 sit
344 986 573 1069 incorrigibilis3
590 989 644 1051 sed
664 991 750 1068 iuxta
767 986 912 1050 eumdem
930 988 975 1066 (n⁰
989 989 1018 1065 3)
1033 985 1099 1049 haeo
1118 1005 1181 1049 non

204 1074 366 1156 requiritur
388 1094 444 1158 pro
464 1073 665 1158 depositione:
693 1099 709 1136 α
732 1076 910 1140 Communis
924 1078 986 1138 DD.
1011 1077 1178 1152 sententia,

202 1184 218 1222 ι
243 1163 341 1245 inquit
352 1163 460 1228 doctus
477 1165 631 1245 Pontifex,
647 1166 852 1230 indubitanter
865 1165 1009 1239 affirmat,
1025 1164 1063 1226 ad
1077 1171 1181 1226 actua·

204 1273 219 1311 n
243 1250 304 1314 lem
325 1252 427 1318 clerici
450 1254 673 1338 cuiuscumque
695 1255 833 1319 oriminis
850 1255 894 1316 rei
916 1251 1180 1334 degradationem,

204 1362 220 1399 n
244 1347 352 1422 praeter
371 1342 560 1406 innumeros
577 1362 682 1420 casus,
706 1363 725 1407 n
742 1346 811 1424 iure
832 1343 988 1425 speciatim
1006 1360 1181 1423 expressos,

204 1451 219 1488 n
245 1448 306 1492 non
320 1448 408 1512 posse
422 1432 563 1513 procedi,
577 1433 634 1496 nisi
657 1433 707 1496 ille
725 1434 763 1495 sit
777 1431 1007 1513 incorrigibilis,
1024 1430 1083 1493 hoc
1097 1437 1181 1493 est...

205 1541 220 1578 u
245 1519 301 1580 nisi
315 1521 456 1582 Ecclesia
466 1521 579 1583 monita
589 1522 706 1603 sibique
721 1521 869 1603 gradatim
879 1520 1007 1582 inllictas
1019 1519 1182 1582 canonicas

205 1629 221 1666 n
243 1606 430 1689 depositionis
450 1616 481 1671 et
501 1610 825 1679 excommunicationis
845 1627 970 1692 poenas,
990 1608 1189 1690 pervicaciter.

205 1717 221 1756 r
244 1696 468 1778 contempserit.
487 1720 503 1758 a
521 1702 601 1779 Ergo
612 1700 697 1779 juxta
713 1698 824 1762 Bened.
841 1700 908 1762 xlv
923 1696 1070 1779 depositio
1085 1703 1183 1779 potest

207 1783 299 1866 inlligi
313 1793 421 1866 praeter
430 1805 517 1851 casus
531 1805 548 1848 a
560 1788 628 1866 jure
642 1806 818 1870 expressos,
834 1794 865 1850 et
877 1787 916 1849 ad
928 1787 988 1850 boc
1002 1804 1065 1848 non
1079 1785 1180 1868 requie

207 1872 280 1936 ritur
291 1880 325 1936 ut
337 1873 406 1954 quis
420 1875 458 1937 sit
472 1875 692 1957 incorrigibilis.

249 1984 264 2022 n
285 1964 325 2025 La
346 1962 534 2046 depositor,
559 1964 657 2046 inquit
676 1965 805 2029 Richard
829 1965 973 2045 (Dietion.
992 1964 1041 2029 dee
1062 1965 1183 2028 scinco
1277 1972 1278 1983 ¹

205 2073 222 2114 a
244 2053 415 2129 ecclesiast,
437 2055 475 2114 V⁰
496 2053 691 2136 Depositicn),
712 2055 817 2117 differe
837 2054 876 2117 de
899 2054 927 2117 la
947 2054 1180 2136 degradation...

207 2163 222 2201 n
249 2145 318 2204 ...2⁰
330 2144 375 2202 En
390 2159 426 2204 ce
439 2160 500 2224 que
518 2141 546 2203 la
560 2142 754 2224 degradation
769 2161 808 2205 ne
822 2149 896 2225 peut
909 2146 973 2207 etre
987 2143 1108 2224 indigeo
1122 2162 1183 2225 quo

206 2253 223 2293 u
246 2249 324 2313 pour
337 2230 381 2293 les
403 2230 512 2294 crimes
525 2231 676 2312 exprimes
695 2230 771 2294 dans
785 2231 813 2294 le
830 2232 926 2308 droit,
942 2251 982 2295 au
1004 2232 1063 2295 lieu
1078 2250 1140 2314 que
1155 2232 1183 2295 la

206 2341 223 2382 u
246 2320 413 2402 diposition
428 2326 499 2402 peut
512 2323 575 2381 ttre
589 2319 709 2399 indigen
724 2339 802 2400 pour
811 2319 944 2383 d’autres
953 2322 1073 2384 crimes.
1090 2343 1106 2379 n

250 2409 451 2491 «Depositio,
475 2408 516 2469 ait
534 2408 755 2481 Busembaum,
782 2427 830 2490 ap.
853 2411 884 2471 S.
910 2410 1032 2491 Lignor.
1056 2409 1118 2487 (lib.
1144 2415 1182 2488 7,

208 2521 223 2559 r
246 2501 327 2576 327),
343 2497 407 2559 lieri
419 2502 517 2578 potest
530 2496 562 2556 in
577 2495 697 2558 casibus
708 2514 725 2557 a
733 2498 802 2576 jure
816 2500 980 2580 expressis,
996 2505 1027 2562 et
1041 2498 1184 2562 delictis:

208 2609 224 2646 n
247 2606 308 2651 non
329 2592 430 2648 tamen
449 2583 506 2647 nisi
522 2583 707 2664 pravioribus
723 2585 852 2647 arbitrio
863 2586 987 2668 judicie.
1003 2609 1020 2648 u
1038 2587 1075 2649 V.
1091 2587 1184 2650 etiam

208 2675 354 2751 Ferraria,
370 2677 408 2735 ll⁰
423 2672 618 2755 Deprecatio,
635 2676 670 2734 n⁰
681 2676 730 2735 ll.

247 2765 462 2825 Verumtamen
483 2762 668 2825 contrarium
690 2759 763 2825 dicit
779 2762 942 2846 Lequeux,
970 2766 1006 2827 n⁰
1026 2767 1120 2845 1406,
1141 2766 1183 2830 ci·

209 2856 311 2933 tatque
322 2850 467 2930 duboux,
482 2850 630 2932 Protiqae
641 2849 727 2913 civile
742 2851 962 2930 eteriminelle,
978 2872 1009 2935 p.
1027 2857 1102 2931 1083
1118 2857 1185 2918 Du*

209 2958 310 3016 casse,
329 2937 468 3016 Gohard,
489 2939 683 3017 Faqnanum,
707 2944 766 3002 etc.
789 2939 848 3002 Sed
862 2943 995 3005 Ducasse
1017 2944 1061 3020 (2⁰
1084 2951 1181 3025 part,

210 3047 240 3109 p.
256 3031 341 3106 259),
357 3025 547 3090 solummodo
561 3025 633 3088 dicit
647 3045 654 3087 :
670 3029 748 3090 alin
762 3027 842 3090 clerc
856 3046 894 3090 ne
915 3029 979 3092 doit
989 3031 1099 3109 jamais
1118 3036 1182 3096 etro
1250 3060 1252 3106 3
1264 3055 1265 3063 ¹

210 3139 225 3177 r
246 3116 357 3198 depose'
366 3116 457 3197 qu’en
467 3114 605 3196 punition
615 3115 653 3177 de
662 3115 795 3198 quelque
803 3117 897 3179 crime
907 3125 1009 3181 atroce
1022 3126 1053 3181 et
1066 3121 1179 3201 public,

210 3226 225 3264 n
248 3204 360 3286 etqu’il
375 3223 412 3266 ne
421 3203 479 3266 soit
488 3204 622 3284 exprime
631 3203 706 3266 dans
720 3204 746 3267 le
756 3204 835 3267 droit
847 3224 908 3287 que
921 3225 957 3270 ce
970 3207 1064 3269 crime
1074 3209 1181 3273 me'rito

210 3316 225 3355 n
250 3294 277 3357 la
289 3293 473 3375 deposition,
487 3311 523 3353 on
536 3291 611 3373 qu'il
627 3291 700 3353 n'est
715 3313 769 3374 pec
787 3294 880 3356 moins
898 3297 1013 3358 encrate
1029 3316 1085 3380 que
1106 3317 1182 3361 ceux

209 3405 226 3444 r
249 3402 302 3461 qne
316 3383 344 3444 le
357 3381 437 3443 droit
442 3381 519 3462 puni
522 3388 533 3440 t
546 3399 613 3441 onec
625 3388 698 3441 cette
711 3382 844 3463 rz'qneur.
859 3404 875 3442 r

249 3469 400 3554 imprimis
416 3487 452 3532 ex
472 3467 718 3549 dispositionibus
736 3470 811 3549 juris
841 3471 941 3554 colligi
961 3478 1059 3555 potest
1081 3475 1180 3557 qualis

211 3560 361 3644 gravitatis
373 3557 481 3620 debeat
493 3574 558 3620 esse
571 3555 660 3638 culpa
669 3565 791 3639 propter
802 3578 894 3642 quam
908 3560 1074 3644 imponitur
1087 3564 1179 3647 depc-
1245 3614 1247 3642 2
