2574 3994
415 184 420 190 ’
469 225 555 276 crasa
576 226 694 274 rnruus.
1014 211 1074 274 20³

95 320 252 386 electionis
275 325 424 400 tractatu,
446 321 539 406 aliqui
564 321 684 384 vocales
709 319 903 404 egrediantur
922 324 953 382 et
976 321 1075 384 redire

95 411 210 488 nolint,
225 418 355 494 possunt
376 409 425 474 alii
449 411 514 484 sine
540 411 612 494 ipsis
627 410 809 494 procedere;
824 408 991 474 dummodo
1014 429 1074 473 non

96 501 193 579 major
210 519 279 582 pars
297 500 513 582 capitularium
526 500 617 564 luerit
630 519 761 583 egressa.
784 501 828 562 Ita
852 499 932 562 clare
952 518 987 562 ex
1006 519 1072 582 carp.

98 588 171 650 carm
195 589 294 661 aobr'a,
312 589 346 652 de
367 590 528 652 Electioce.
547 589 616 654 Vid.
633 588 805 666 lleillenst.,
825 587 881 664 it,
897 597 930 650 ιιο
952 592 1030 664 ditm
1046 596 1076 651 et

98 678 207 755 Bouix,
218 677 253 741 de
268 677 383 762 Cupit,
399 699 430 762 p.
445 683 513 756 183,
524 679 627 764 plures
640 679 715 742 alios
728 678 835 742 citano.

137 771 207 829 391.
219 767 307 830 Dicit.
321 772 352 831 3⁰
362 769 415 850 qui
421 777 542 852 posceret
552 767 694 830 commod&
704 767 1076 848 interesseoquianimilrm

98 856 226 931 remoti,
244 875 307 920 non
322 863 393 920 sunt
407 857 574 920 necessarid
589 857 726 920 vocandi.
742 860 785 920 De
801 857 901 938 rigore
911 857 989 938 juris
997 875 1077 918 coru-

99 944 203 1008 munte
216 945 342 1008 vocandi
358 953 428 1008 sunt
441 948 559 1009 uotum
573 947 665 1028 quiin
675 945 831 1029 provincia
845 945 976 1009 existunt
989 965 996 1022 ;
1008 965 1075 1027 cap.

101 1033 210 1097 Corum
232 1036 290 1106 35,
321 1034 366 1098 lle
392 1033 492 1098 Elect.
520 1035 599 1099 Dicit
622 1043 724 1098 tamen
749 1035 845 1100 Bouix
874 1035 929 1114 (De
953 1033 1073 1117 capra,

102 1143 131 1206 p.
150 1125 231 1202 199),
245 1123 396 1188 vocandos
410 1123 573 1186 esscetiam
582 1125 672 1206 longe
683 1123 951 1206 absentesquando
961 1125 1078 1205 eligen-

100 1211 159 1276 dus
173 1219 218 1274 est
231 1213 390 1287 Proclama,
407 1215 453 1276 vel
469 1213 659 1294 recipiendus
679 1213 806 1295 estquis
824 1213 856 1275 in
875 1214 1076 1292 canonicum,

101 1309 154 1364 aut
167 1299 328 1366 indicenda
341 1303 467 1365 cessatio
481 1305 497 1364 a
512 1301 633 1378 divinis,
644 1302 689 1364 rel
700 1301 822 1383 quando
830 1302 929 1382 agitur
939 1301 977 1364 de
993 1310 1078 1364 notaa-

102 1387 203 1452 biliter
215 1391 327 1454 arduis.
351 1393 388 1452 Et
408 1410 463 1474 pro
477 1391 572 1454 Gallie
585 1389 694 1454 dicitur
708 1391 739 1452 in
753 1409 820 1460 cao.
846 1389 950 1456 Genesi
963 1395 1013 1467 55,
1036 1391 1079 1462 De

103 1478 273 1554 Electioce,
298 1479 380 1561 qudd
406 1479 444 1541 ad
475 1479 644 1542 Electiones
664 1477 815 1541 iaciendas
846 1479 881 1542 dc
908 1487 968 1540 toto
992 1498 1080 1561 reparo

104 1567 1078 1644 Froacr'oerocaoturabsentescousuetudioeEcclesiaeGallicanae

109 1679 124 1714 r
145 1658 176 1720 Si
189 1665 311 1730 tamen,
327 1665 362 1720 ut
374 1657 457 1720 addit
469 1675 537 1739 esp.
554 1655 637 1734 Quod
649 1657 725 1719 u‘cut
742 1659 800 1731 38,
823 1657 868 1720 Dc
881 1656 997 1728 9911η
1015 1657 1080 1720 sine

106 1745 242 1828 periculo
256 1746 408 1828 potuerint
421 1747 578 1809 convocari
595 1768 611 1807 a
628 1747 718 1826 :quia
731 1746 768 1824 si,
786 1746 825 1808 oh
839 1765 967 1828 moram,
978 1746 1080 1810 immi·

108 1843 192 1897 neret
214 1835 383 1917 periculum
404 1835 592 1912 schismatis,
618 1834 791 1912 seditionis,
813 1835 1008 1914 intrusionis,
1033 1836 1080 1898 vel

107 1923 219 1988 abusus
241 1923 326 1988 laicae
352 1925 506 2008 potestatis
528 1929 579 1988 aut
605 1923 727 1988 alterius
754 1926 852 2004 gravis
878 1925 969 2002 mali,
990 1925 1081 2007 longa

107 2012 245 2076 absentes
264 2021 338 2076 tunc
358 2032 420 2076 non
444 2020 544 2076 essent
563 2013 739 2097 expectandi
758 2014 882 2094 (Bouix,
903 2014 937 2076 de
956 2013 1078 2096 Copia,

105 2114 139 2182 p.
163 2105 238 2177 199;
257 2101 426 2180 Reiffenst.,
444 2111 477 2164 n⁰
494 2106 572 2182 119).

147 2191 217 2253 398.
241 2191 344 2272 Capite
367 2190 441 2268 Ouio
456 2203 581 2274 propter
593 2193 672 2274 (399)
708 2189 884 2273 prohibetur
904 2191 1029 2273 nequis
1049 2192 1080 2254 in

107 2275 262 2342 electionis
273 2281 404 2362 negotio,
415 2289 640 2362 procuratorem
650 2279 821 2356 constituat,
838 2279 893 2341 nisi
905 2280 943 2341 sit
956 2279 1080 2342 absens¹

106 2367 247 2450 justoque
261 2368 479 2450 impedimento
492 2369 631 2432 detentus
644 2369 747 2432 uenire
756 2385 818 2429 non
827 2367 920 2449 possit
933 2386 940 2427 :

144 2477 167 2535 a
188 2459 367 2521 Procurator
380 2457 492 2521 electus
501 2461 518 2520 9
527 2458 734 2520 concanonico
742 2456 780 2520 ad
794 2455 1007 2538 eligendum...
1020 2473 1082 2518 non

114 2565 132 2602 a
150 2548 258 2626 poterit
271 2545 302 2608 in
316 2547 514 2610 electionibus
532 2567 601 2629 quae
616 2545 692 2610 lrunt
711 2565 766 2630 per
785 2552 854 2608 vota
867 2552 982 2608 secreta
996 2563 1082 2608 suam

112 2657 127 2690 r
149 2634 222 2698 dare
234 2653 339 2698 vocem
353 2635 422 2712 uni,
433 2643 463 2700 et
475 2635 565 2698 aliam
579 2637 784 2718 procuratorio
798 2634 924 2698 nomine
937 2634 1021 2697 alteri
1034 2655 1041 2710 ;
1055 2636 1080 2698 si

113 2746 128 2790 a
150 2723 274 2805 quidem
286 2725 391 2788 electio
406 2723 439 2787 lit
450 2724 572 2789 nomine
587 2726 847 2808 (procuratorisl...
859 2731 1017 2788 ettenetur
1027 2725 1081 2788 eli-

109 2835 125 2874 a
150 2813 1080 2900 geremeliorern.rltaCeccoperius,apl).Bouix,deCopit.,

151 2992 182 3054 Si
204 2989 332 3073 eligatur
355 2997 530 3076 procurator
552 2993 604 3075 qui
628 2994 743 3056 nonsit
764 2989 803 3056 de
825 2991 968 3074 collegio,
985 2998 1082 3074 potest

111 3079 234 3164 quidem
248 3081 314 3164 ipse
327 3081 460 3160 admitti,
478 3081 502 3146 si
517 3083 618 3146 nullus
631 3081 669 3145 de
683 3081 819 3164 capitulo
833 3082 920 3146 vellet
936 3099 1001 3144 esse
1015 3102 1082 3164 pro-

111 3175 248 3244 curator,
264 3169 317 3233 sed
335 3173 466 3236 recusari
480 3174 572 3234 etiam
584 3177 701 3254 posset3
717 3177 747 3233 et
764 3177 797 3234 ut
815 3177 976 3234 extraneus
990 3171 1082 3252 possit

144 3358 149 3386 ¹
166 3347 240 3398 tura
251 3345 382 3400 donacelli
391 3361 430 3414 ap.
444 3345 520 3396 Bonis
539 3346 577 3407 {dc
590 3345 677 3410 Cupit..
691 3360 715 3410 p.
729 3343 797 3408 (502),
817 3343 926 3395 absentia
939 3343 979 3393 blc
992 3349 1029 3394 est
1040 3359 1082 3394 rn-

112 3417 244 3484 telligcnda
254 3418 454 3485 etrestringenda
465 3417 495 3466 ad
504 3415 617 3467 absentas
627 3419 691 3466 intro
698 3416 848 3480 prouinciam
857 3421 881 3466 el
891 3415 981 3464 ibidem
993 3413 1083 3464 deten-

113 3495 150 3541 tos
161 3488 244 3558 aliquo
257 3489 367 3558 legitimo
389 3488 573 3554 impedimento.
587 3487 620 3536 lta
633 3485 659 3538 S.
678 3487 766 3551 Congr.
781 3486 865 3544 Cone..
885 3485 916 3536 lll
927 3485 996 3550 april.
1013 3485 1080 3540 1999ι

114 3561 142 3612 lit
155 3561 176 3610 si
190 3562 288 3612 adesset
306 3557 460 3611 consuetudo
474 3565 524 3614 ²¹⁰⁰,
538 3548 644 3604 'mildi'
668 3571 767 3624 quoquo
781 3557 855 3607 modo
867 3555 982 3606 absentes
996 3553 1009 3603 ri
1025 3553 1082 3604 cirl-

113 3638 177 3693 tuta,
195 3631 314 3684 servanda
327 3636 392 3682 esset
402 3629 455 3680 bac
465 3635 619 3682 comucsudo
631 3636 658 3680 ut
670 3628 731 3680 dixit
742 3627 813 3679 Rota.
