2578 4008
172 187 230 252 868
393 205 530 252 urrunnu
550 205 651 250 ronna
671 203 920 252 surrentinorum.

172 299 305 365 Christus
313 301 402 364 dicit:
419 303 582 382 «Regnum
592 318 695 362 meum
706 317 768 362 non
778 299 933 363 cstdehoc
942 299 1068 366 mundo.
1082 324 1142 362 n-

172 389 232 453 Sed
242 389 379 472 inquilS.
390 387 710 469 Augustinusll'ract,
722 392 790 463 lib,
802 389 943 467 inicam,
954 393 1040 468 mit:
1051 393 1143 470 «Hic,

171 499 188 539 ι
213 497 275 540 non
292 479 334 540 uit
348 477 482 540 Christus
498 497 505 538 :
521 497 640 558 requam
655 497 747 540 meum
761 497 818 538 aon
831 486 874 540 est
893 478 926 539 in
943 479 998 541 loc
1013 479 1117 542 mundo
1130 498 1145 542 .·

172 589 188 626 n
211 567 264 630 sed
277 587 334 630 non
344 565 614 636 estdebocmrndm
625 584 687 628 non
701 567 758 628 ait:
769 586 974 649 concrepuernt
984 589 1078 630 meum
1087 589 1145 630 non

171 677 188 716 c
212 665 255 718 est
276 656 339 727 ln‘c,
365 655 418 719 sed
434 674 442 718 τ
458 675 577 738 reprom
590 675 685 716 meum
704 674 760 716 non
780 663 824 717 cst
845 656 954 718 binc.»
974 659 1011 718 V.
1029 657 1143 735 Det'oli,

172 743 225 808 lib.
237 750 268 820 3,
278 747 321 808 tit.
338 749 367 822 l,
382 745 400 825 §
413 747 444 820 8,
460 745 491 806 in
506 747 588 806 nott.
603 744 855 826 Siergoregnum
869 745 977 808 Christi
991 746 1073 808 sitin
1088 746 1145 809 hoc

172 835 299 913 mundo,
315 834 452 916 quamvis
473 833 511 896 de
524 832 583 896 hoc
597 833 712 895 mundo
734 834 866 912 nonsit,
882 841 979 916 polest
992 835 1024 896 in
1040 835 1145 898 multis

172 942 261 1005 egere
278 925 369 986 etiam
382 923 470 985 bonis
483 919 608 1001 hujusce
621 921 728 986 mundi
738 969 746 1000 ,
756 941 792 986 ec
804 923 932 1005 proinde
945 923 977 986 in
997 942 1034 986 ea
1046 931 1144 1006 potcs-

171 1020 262 1076 tatem
276 1013 397 1074 habere.

212 1105 245 1163 3ο
259 1101 354 1182 Objici
371 1099 469 1166 adhuc
483 1106 580 1184 potest
592 1101 693 1184 qubd,
715 1120 796 1165 anno
811 1105 899 1175 1789,
921 1121 959 1166 ex
972 1104 1048 1166 volis
1067 1104 1146 1167 cele·

173 1191 296 1254 berrimi
311 1191 385 1268 Pitt,
401 1209 453 1254 sex
467 1192 687 1273 praeeipuarum
699 1193 951 1270 Universitetum,
968 1194 1147 1258 ,Pnrisiensis

173 1279 322 1353 videlicet,
339 1282 515 1358 Duacensis,
532 1281 735 1358 Lemniensis,
744 1281 976 1363 complutensis,
988 1283 1148 1345 Salmanti-

172 1371 273 1434 censis
290 1379 320 1432 et
334 1370 560 1432 Vallisolilensis
577 1369 722 1432 consultae
749 1371 828 1434 circa
850 1377 1026 1453 potestatem
1050 1372 1146 1434 eecle-

173 1459 322 1522 siasticam
337 1461 369 1522 in
387 1459 564 1541 temporalia
579 1460 669 1540 Regis
688 1460 822 1540 Angliae‚
838 1477 945 1522 omnes
963 1461 1148 1523 unanimiter

173 1549 396 1630 responderunt
427 1566 527 1629 noque
552 1550 684 1629 Papam,
709 1566 808 1629 neque
834 1549 1023 1626 Cardinales,
1048 1569 1147 1631 neque
1171 1617 1177 1634 ,

175 1637 342 1701 Concilium
364 1637 504 1718 generale
522 1637 632 1698 habere
652 1643 827 1718 potestatem
842 1657 912 1700 eum
933 1638 1104 1722 deponendi
1118 1647 1146 1702 et

173 1727 310 1790 subditos
323 1728 388 1806 ejus
400 1746 418 1789 a
428 1729 600 1806 iuramento
614 1725 764 1788 fidelitatis
777 1725 961 1790 absolvendi.

214 1817 424 1898 Respondetur
445 1815 499 1878 hes
521 1813 734 1879 Universitetcs
762 1815 889 1878 voluisse
910 1817 1027 1880 tuntbm
1047 1815 1147 1880 dicere

175 1904 305 1987 Papam,
321 1903 511 1978 Cordinales,
526 1911 598 1980 etc,
614 1921 676 1965 non
694 1902 805 1966 habere
819 1903 972 1985 praelatam
992 1907 1148 1969 auotorita-

175 1998 237 2056 tam
251 2011 305 2075 pro
316 2012 371 2056 suo
385 1993 508 2056 arbitrio
521 1999 550 2056 et
563 1991 692 2069 directe,
707 1993 792 2074 quasi
806 1991 962 2070 hactenus,
973 2001 1063 2076 prout
1074 1995 1147 2058 olim

82 2133 111 2150 „.
142 2129 161 2137 -.
174 2100 228 2146 rex
242 2082 358 2165 Angliae
376 2081 633 2145 fuissetvassallus
654 2099 707 2144 seu
728 2081 821 2144 cliens
835 2085 866 2146 S.
889 2081 995 2160 Sedis,
1020 2085 1146 2146 minime

175 2177 275 2233 temen
286 2178 452 2234 asserentes
461 2170 600 2233 eamdem
612 2171 668 2253 ipsi
679 2189 740 2232 non
751 2178 921 2254 competere
928 2172 1143 2249 auctoritatem,

174 2260 200 2323 si
227 2261 308 2324 salus
338 2261 509 2324 animarum
533 2266 565 2323 et
592 2259 707 2324 bonum
734 2259 887 2342 religionis
911 2261 943 2323 id
969 2263 1144 2344 requireret.

215 2349 260 2412 De
275 2349 461 2414 libertatibus
474 2349 629 2433 gallicanis
643 2349 710 2412 vide
723 2350 940 2432 Prolegomena
954 2353 1124 2432 (ale-aaa).

327 2500 364 2545 DE
385 2499 560 2545 rttlrtctrtrtt
582 2499 752 2545 eburonem
773 2499 798 2545 S.
820 2501 990 2547 ronrtmms.

215 2621 285 2681 70l.
308 2617 419 2678 Praeter
435 2615 598 2676 Primatum
606 2611 821 2693 jurisdictionis
833 2615 863 2675 in
878 2615 1077 2678 universalem
1092 2618 1145 2679 lic-

176 2706 314 2782 clesiem,
324 2707 479 2767 Romanus
487 2700 641 2775 Pontifex,
656 2719 740 2764 more
752 2703 923 2786 principum
936 2705 1143 2781 saecularium,

175 2796 287 2874 potitur
305 2793 478 2856 auctoritate
498 2790 656 2872 temporali
677 2791 709 2852 in
730 2791 845 2874 aliquas
863 2791 952 2855 ltaliae
965 2794 1144 2875 provincias,

178 2901 252 2964 ques
265 2881 395 2945 obtinuit
407 2881 468 2943 sive
477 2879 649 2962 principum
663 2879 890 2957 niunilicentilt,
905 2883 966 2944 sive
980 2883 1146 2947 voluntarie

175 2972 358 3053 populorum
382 2969 603 3047 submissione,
625 2970 687 3032 sive
708 2968 774 3032 eliis
795 2969 934 3051 legitimis
953 2972 1045 3034 titulis
1068 2991 1076 3033 ι
1097 2972 1145 3036 hic

185 3055 368 3134 temporalis
384 3055 591 3136 principatus,
613 3067 722 3118 contra
750 3075 856 3136 quem,
879 3065 986 3120 nostro
1006 3059 1133 3132 saeculo,

186 3148 273 3203 tenta
290 3142 376 3204 rabie
392 3144 575 3204 debacchati
588 3155 663 3207 sunt
680 3145 882 3207 intensissimi
897 3153 1009 3220 tosteS,
1027 3168 1136 3229 quem·

187 3249 260 3310 que,
284 3243 355 3312 post
376 3231 619 3311 injustissimum
638 3235 768 3298 bellum.
780 3245 959 3298 everterunt
975 3247 1015 3306 et,
1032 3256 1071 3300 nc
1087 3257 1136 3300 rc·

186 3330 307 3400 surgat,
334 3323 407 3383 totis
428 3323 545 3384 viribus
572 3337 740 3396 currantur,
759 3323 897 3388 Summis
917 3325 1133 3399 Pontificibus,

186 3410 231 3471 sic
246 3414 435 3492 disponente
449 3410 655 3486 Providentia,
667 3414 795 3475 advenit
808 3433 860 3488 nc,
875 3416 898 3477 si
911 3415 940 3476 in
952 3415 1135 3477 ditioneali-

185 3500 276 3579 cujus
290 3501 440 3582 principis
453 3501 611 3564 secularis
620 3521 746 3564 manere
755 3509 852 3566 coacti
866 3503 1009 3578 luissent,
1021 3503 1134 3587 reliqui
1184 3567 1186 3570 ,

186 3590 345 3669 principes
367 3597 397 3650 et
416 3591 526 3671 populi
538 3591 655 3654 eisdem
670 3592 875 3658 Pontificibus
896 3597 1024 3658 subesse
1040 3603 1134 3676 atque
