2578 4008
446 255 533 303 nrarn
552 257 667 304 neruus.
1016 247 1074 310 349

107 373 123 408 a
149 351 302 413 ministros
315 351 469 430 ordinare,
481 353 718 417 necsacerdotes
730 355 769 417 ad
781 357 985 421 confessiones
998 361 1075 422 cxci-

107 461 124 498 n
147 439 276 522 piendas
288 441 467 523 approbare,
489 441 559 525 quio
571 461 628 503 non
640 451 682 504 est
695 452 800 526 postor
813 446 844 506 r'n
858 446 964 526 olienis
976 447 1075 509 dinae·

108 551 124 588 n
148 527 227 592 sibro
241 530 448 592 immediatum
463 531 521 609 (cui
532 530 645 594 dictum
655 530 734 595 inita
745 532 861 597 Christo
873 557 880 594 ε
891 554 976 617 posce
989 556 1076 618 upuoa

109 636 200 694 meos,
218 639 303 702 posce
324 639 388 682 oves
407 639 501 698 nuos,
522 637 584 683 non
603 627 648 682 est
665 629 766 704 pastor
783 623 973 688 immediatus
992 626 1076 704 Juxta

109 706 251 790 aarum),
276 729 293 770 c
311 709 365 772 sed
381 711 500 773 tantum
517 707 678 773 mediatum
692 710 723 772 in
738 710 775 775 iis
792 710 881 776 babet
890 713 1076 794 iurisdictio·

109 818 123 854 r
148 813 261 858 nem.»

148 885 207 949 Sed
221 887 276 950 hos
293 905 401 952 omnes
414 906 514 952 errare
530 889 647 952 certum
661 895 706 953 est
720 909 728 953 ε
744 894 855 955 etenim
869 909 923 976 per
932 890 1076 974 iurisdic-

107 974 222 1038 tionem
241 975 400 1039 mediatum
422 977 593 1060 intelligunt
614 997 682 1041 eam
704 997 795 1062 quam
818 980 954 1063 superior
971 980 1077 1062 nequit

107 1065 248 1128 exercerc
270 1066 303 1128 in
323 1065 458 1130 subditos
481 1067 538 1130 nisi
557 1069 646 1130 certis
668 1069 787 1133 casibus
808 1069 986 1152 specialibus
999 1087 1075 1151 quos

108 1151 190 1234 leges
204 1155 408 1219 ecclesiastice
419 1155 634 1233 determinant;
650 1165 680 1220 et
693 1177 747 1240 per
761 1159 958 1220 immediatum
971 1157 1077 1221 intelli·

108 1251 185 1325 gunt
202 1263 270 1308 eam
289 1263 381 1328 quam
399 1246 536 1327 superior
555 1246 734 1327 generaliter
753 1254 783 1309 et
802 1246 1039 1328 independenter
1058 1250 1076 1309 a

108 1351 181 1397 casu
196 1335 379 1396 necessitatis
393 1341 489 1416 potest
502 1353 555 1416 per
568 1352 601 1396 sc
613 1334 660 1396 vel
675 1353 729 1416 per
741 1351 812 1396 suos
825 1333 976 1415 delegatos
992 1355 1076 1398 exer-

107 1439 175 1486 cere
191 1423 221 1484 in
236 1422 385 1498 subditos;
403 1423 492 1506 porro
503 1442 564 1485 non
579 1423 687 1505 prioris
700 1423 830 1505 generis,
842 1423 894 1486 scd
905 1424 1076 1506 posterioris

107 1518 153 1573 est
164 1512 331 1591 iurisdictio
344 1513 375 1574 S.
389 1510 542 1574 Pontificis
555 1511 586 1573 in
601 1529 709 1573 omnes
722 1511 836 1574 fideles.
853 1517 896 1575 De
910 1508 969 1574 lide
982 1516 1060 1576 est„

149 1601 295 1664 Probatur
309 1603 341 1663 l⁰
355 1601 399 1662 En
413 1600 581 1682 Scriptura:
597 1601 712 1664 «Pasce
722 1620 784 1662 oves
793 1619 879 1678 meus,
890 1621 977 1685 posce
988 1622 1076 1686 opaca

107 1713 124 1748 r
148 1710 223 1752 meos
239 1713 254 1750 r>
272 1692 314 1768 (S.
330 1693 453 1767 loann,
468 1709 496 1752 c.
512 1695 562 1768 at,
576 1709 603 1752 v.
618 1693 692 1770 ts),
708 1691 760 1771 qui
773 1691 963 1756 constituitur
976 1702 1077 1776 pastor

108 1779 174 1842 sine
198 1779 389 1852 limitatione,
407 1799 468 1842 nou
481 1780 598 1842 tantum
619 1778 762 1854 mediato,
782 1779 888 1852 idest,
910 1784 1076 1847 exercenda

108 1870 208 1932 sotirm
222 1869 254 1930 in
266 1868 446 1950 quibusdam
456 1869 585 1942 casibus,
597 1867 650 1930 sed
659 1867 841 1942 immediata,
854 1868 946 1941 idest,
956 1889 1078 1954 semper

108 1964 139 2022 et
159 1957 395 2042 independenter
408 1960 425 2021 l
439 1977 509 2021 casu
525 1957 707 2020 necessitatis
721 1958 888 2021 exercenda
907 1959 938 2020 in
953 1980 1075 2044 gregem

108 2065 199 2111 suum
219 2047 347 2111 donatus
374 2047 453 2125 luit,
482 2047 616 2128 alioquin
639 2063 700 2107 non
725 2053 826 2128 posset
849 2065 938 2109 suum
965 2067 1076 2114 munus

109 2137 236 2220 pastoris
250 2154 368 2219 semper
384 2135 567 2215 adimplere;
583 2134 666 2215 atqui
679 2133 777 2196 verbis
792 2133 882 2196 modd
904 2140 1076 2201 memoratis

109 2228 141 2290 S.
166 2226 300 2289 Pontifex
324 2225 356 2286 in
379 2225 507 2305 persona
525 2223 619 2296 Petri,
644 2223 710 2283 sine
728 2222 904 2286 limitatione
922 2224 978 2286 luit
991 2245 1076 2290 cons

109 2317 214 2380 titutus
229 2317 395 2397 Supremos
409 2312 548 2375 Ecclesiae
561 2316 671 2394 pastor.
684 2311 783 2393 Ergo,
798 2321 854 2374 etc.

149 2405 297 2469 Probatur
317 2408 348 2466 Et
373 2405 417 2465 Ex
437 2401 608 2465 'traditione
632 2420 640 2462 ε
665 2401 696 2464 S.
721 2402 781 2463 Leo
801 2401 909 2477 (serm.
933 2405 963 2475 3,
978 2401 1013 2463 de
1031 2404 1078 2464 sui

110 2496 273 2577 assumpt.)
285 2493 329 2556 sic
342 2491 450 2555 habet:
465 2494 534 2554 ulle
547 2495 610 2553 toto
619 2489 734 2553 mundo
745 2507 825 2554 unus
834 2490 1076 2571 Petnrseligitur,

112 2609 126 2643 r
150 2585 203 2668 qui
217 2591 247 2646 et
259 2583 465 2646 universarum
479 2579 614 2664 gentium
627 2579 775 2643 vocationi
784 2585 815 2642 et
827 2579 968 2642 omnibus
983 2583 1003 2640 Α
1008 2598 1077 2662 pos·

109 2697 125 2735 υ
149 2673 217 2737 totis
254 2672 430 2754 cunctisque
460 2670 600 2734 Ecclesiae
637 2669 775 2732 Patribus
808 2675 1017 2751 preponatur,
1044 2675 1080 2732 ut

110 2787 126 2824 r
150 2763 288 2846 quamvis
306 2762 338 2824 in
364 2760 478 2844 populo
491 2761 544 2822 Dei
562 2759 649 2823 multi
667 2757 836 2821 sacerdotes
855 2757 915 2837 sint
933 2757 1079 2840 multique

110 2877 126 2914 a
151 2857 295 2935 pastores,
311 2847 1078 2933 omnestamcnpropriiregatPetrus,quosprinci-

110 2964 127 3004 ι
151 2941 257 3024 paliter
278 2941 356 3022 regit
374 2947 404 3003 et
423 2938 566 3002 Christus.
584 2960 600 2998 r
623 2939 708 3000 Certe
724 2937 776 3020 qui
795 2935 884 2998 babet
903 2941 1079 3017 potestatem

110 3029 232 3117 proprii
243 3029 366 3111 regendi
380 3047 487 3092 omnes
498 3029 589 3091 etiam
604 3027 761 3109 Apostolos
774 3032 804 3088 et
817 3027 918 3088 Patres
926 3025 1078 3104 Ecclesia,

113 3117 310 3182 immediatum
320 3117 408 3181 habet
417 3119 509 3181 ineos
518 3115 771 3197 iurisdictionem
786 3115 867 3197 atqui
878 3115 956 3180 exS.
966 3115 1077 3194 Leone,

113 3211 229 3288 Petrus,
245 3223 281 3272 ac
289 3208 416 3292 proinde
429 3210 461 3270 S.
475 3205 623 3280 Pontilen,
639 3212 696 3269 etc.
711 3207 803 3287 Ergo,
817 3211 875 3268 etc.

148 3297 316 3362 Concilium
325 3291 1026 3376 LateranenselVsubinnocentiollldicitloap.
1038 3295 1079 3371 til:

118 3389 289 3451 «Romarm
317 3386 471 3464 Ecclesia,
497 3383 676 3468 disponente
698 3385 848 3461 Domino,
872 3401 958 3466 super
986 3401 1080 3443 omnes

114 3503 128 3538 r
152 3478 227 3540 clius
239 3476 401 3540 ordinariae
407 3473 675 3559 potestatiaobtinet
681 3473 895 3557 principatum.
911 3492 926 3532 n
943 3472 1082 3534 Potestne

114 3566 263 3630 ordinaria
277 3584 342 3629 esse
355 3570 486 3648 potestas
499 3564 565 3628 sinb
574 3563 779 3640 restrictione,
794 3563 869 3644 quin
879 3560 968 3623 simul
979 3559 1081 3620 imme·

113 3658 194 3720 diota
207 3657 266 3718 siti
279 3659 359 3738 Ergo
369 3656 490 3736 iterum,
504 3660 564 3719 etc.

915 3754 983 3819 ω’*
