<?xml version="1.0" encoding="UTF-8"?>
<!DOCTYPE html PUBLIC "-//W3C//DTD XHTML 1.0 Transitional//EN"
    "http://www.w3.org/TR/xhtml1/DTD/xhtml1-transitional.dtd">
<html xmlns="http://www.w3.org/1999/xhtml" xml:lang="en" lang="en">
 <head>
  <title>
</title>
<meta http-equiv="Content-Type" content="text/html;charset=utf-8" />
  <meta name='ocr-system' content='tesseract 3.04.00' />
  <meta name='ocr-capabilities' content='ocr_page ocr_carea ocr_par ocr_line ocrx_word'/>
</head>
<body>
  <div class='ocr_page' id='page_1' title='image "./manualetotiusju03craigoog_0396.png"; bbox 0 0 2578 4008; ppageno 0'>
   <div class='ocr_carea' id='block_1_1' title="bbox 445 226 1090 331">
    <p class='ocr_par' dir='ltr' id='par_1_1' title="bbox 395 226 1090 331">
     <span class='ocr_line' id='line_1_1' title="bbox 445 226 1090 331; baseline 0.003 -2.856"><span class='ocrx_word' id='word_1_1' title='bbox 445 237 459 244; x_wconf 32' lang='grc' dir='ltr'>Η</span> <span class='ocrx_word' id='word_1_2' title='bbox 476 226 716 330; x_wconf 51' lang='grc' dir='ltr'>ἶῐήεῇᾔιηυε.</span> <span class='ocrx_word' id='word_1_3' title='bbox 1032 267 1090 331; x_wconf 80' lang='lat' dir='ltr'>stt</span> 
     </span>
    </p>
   </div>
   <div class='ocr_carea' id='block_1_2' title="bbox 118 378 1092 818">
    <p class='ocr_par' dir='ltr' id='par_1_2' title="bbox 118 378 1092 818">
     <span class='ocr_line' id='line_1_2' title="bbox 118 378 1088 462; baseline 0.002 -21"><span class='ocrx_word' id='word_1_4' title='bbox 118 401 134 441; x_wconf 79' lang='lat' dir='ltr'>o</span> <span class='ocrx_word' id='word_1_5' title='bbox 156 380 281 462; x_wconf 90' lang='lat' dir='ltr'>poribus</span> <span class='ocrx_word' id='word_1_6' title='bbox 289 378 407 462; x_wconf 87' lang='lat' dir='ltr'>penitus</span> <span class='ocrx_word' id='word_1_7' title='bbox 415 379 559 442; x_wconf 82' lang='lat' dir='ltr'>obsolevit</span> <span class='ocrx_word' id='word_1_8' title='bbox 568 379 649 460; x_wconf 90' lang='lat' dir='ltr'>quod</span> <span class='ocrx_word' id='word_1_9' title='bbox 659 379 905 442; x_wconf 83' lang='lat' dir='ltr'>inCaeremoniali</span> <span class='ocrx_word' id='word_1_10' title='bbox 913 382 1088 443; x_wconf 83' lang='lat' dir='ltr'>Romano...</span> 
     </span>
     <span class='ocr_line' id='line_1_3' title="bbox 118 468 1091 552; baseline 0.002 -22"><span class='ocrx_word' id='word_1_11' title='bbox 118 492 134 530; x_wconf 78' lang='lat' dir='ltr'>o</span> <span class='ocrx_word' id='word_1_12' title='bbox 159 469 329 551; x_wconf 81' lang='lat' dir='ltr'>disponitur</span> <span class='ocrx_word' id='word_1_13' title='bbox 348 468 387 531; x_wconf 91' lang='lat' dir='ltr'>de</span> <span class='ocrx_word' id='word_1_14' title='bbox 407 468 620 552; x_wconf 86' lang='lat' dir='ltr'>promovendis</span> <span class='ocrx_word' id='word_1_15' title='bbox 639 468 847 531; x_wconf 85' lang='lat' dir='ltr'>Cardinolibus</span> <span class='ocrx_word' id='word_1_16' title='bbox 865 469 951 531; x_wconf 77' lang='lat' dir='ltr'>Ferit</span> <span class='ocrx_word' id='word_1_17' title='bbox 964 471 1002 530; x_wconf 91' lang='lat' dir='ltr'>lV</span> <span class='ocrx_word' id='word_1_18' title='bbox 1016 487 1091 552; x_wconf 88' lang='lat' dir='ltr'>qua-</span> 
     </span>
     <span class='ocr_line' id='line_1_4' title="bbox 118 556 1089 639; baseline 0.002 -23"><span class='ocrx_word' id='word_1_19' title='bbox 118 581 135 616; x_wconf 76' lang='lat' dir='ltr'>n</span> <span class='ocrx_word' id='word_1_20' title='bbox 160 566 228 620; x_wconf 87' lang='lat' dir='ltr'>tuor</span> <span class='ocrx_word' id='word_1_21' title='bbox 242 566 424 639; x_wconf 90' lang='lat' dir='ltr'>temporum,</span> <span class='ocrx_word' id='word_1_22' title='bbox 440 565 470 620; x_wconf 91' lang='lat' dir='ltr'>et</span> <span class='ocrx_word' id='word_1_23' title='bbox 485 556 604 621; x_wconf 86' lang='lat' dir='ltr'>devoto</span> <span class='ocrx_word' id='word_1_24' title='bbox 619 559 701 620; x_wconf 83' lang='lat' dir='ltr'><strong>Sacri</strong></span> <span class='ocrx_word' id='word_1_25' title='bbox 716 557 837 638; x_wconf 78' lang='lat' dir='ltr'>Collegii</span> <span class='ocrx_word' id='word_1_26' title='bbox 853 557 1089 639; x_wconf 84' lang='lat' dir='ltr'>exquirendo...</span> 
     </span>
     <span class='ocr_line' id='line_1_5' title="bbox 119 646 1092 729; baseline 0.008 -25"><span class='ocrx_word' id='word_1_27' title='bbox 119 671 135 704; x_wconf 73' lang='lat' dir='ltr'>n</span> <span class='ocrx_word' id='word_1_28' title='bbox 161 649 306 710; x_wconf 88' lang='lat' dir='ltr'>Summus</span> <span class='ocrx_word' id='word_1_29' title='bbox 332 647 415 708; x_wconf 89' lang='lat' dir='ltr'>enim</span> <span class='ocrx_word' id='word_1_30' title='bbox 442 646 578 708; x_wconf 75' lang='lat' dir='ltr'>Pontifex</span> <span class='ocrx_word' id='word_1_31' title='bbox 606 667 661 728; x_wconf 86' lang='lat' dir='ltr'>pro</span> <span class='ocrx_word' id='word_1_32' title='bbox 686 665 742 710; x_wconf 89' lang='lat' dir='ltr'>suo</span> <span class='ocrx_word' id='word_1_33' title='bbox 760 647 866 722; x_wconf 92' lang='lat' dir='ltr'>libitu,</span> <span class='ocrx_word' id='word_1_34' title='bbox 888 665 965 729; x_wconf 88' lang='lat' dir='ltr'>quos</span> <span class='ocrx_word' id='word_1_35' title='bbox 981 648 1044 710; x_wconf 88' lang='lat' dir='ltr'>vult</span> <span class='ocrx_word' id='word_1_36' title='bbox 1062 653 1092 712; x_wconf 86' lang='lat' dir='ltr'>et</span> 
     </span>
     <span class='ocr_line' id='line_1_6' title="bbox 120 735 1092 818; baseline 0.005 -25"><span class='ocrx_word' id='word_1_37' title='bbox 120 758 135 793; x_wconf 77' lang='lat' dir='ltr'>o</span> <span class='ocrx_word' id='word_1_38' title='bbox 161 736 283 818; x_wconf 89' lang='lat' dir='ltr'>quando</span> <span class='ocrx_word' id='word_1_39' title='bbox 295 735 374 812; x_wconf 91' lang='lat' dir='ltr'>vult,</span> <span class='ocrx_word' id='word_1_40' title='bbox 389 735 427 797; x_wconf 90' lang='lat' dir='ltr'>ad</span> <span class='ocrx_word' id='word_1_41' title='bbox 441 735 647 798; x_wconf 73' lang='lat' dir='ltr'>cardinalatus</span> <span class='ocrx_word' id='word_1_42' title='bbox 658 735 811 816; x_wconf 77' lang='lat' dir='ltr'><strong>fastigium</strong></span> <span class='ocrx_word' id='word_1_43' title='bbox 825 742 980 818; x_wconf 80' lang='lat' dir='ltr'><strong>promovet</strong></span> <span class='ocrx_word' id='word_1_44' title='bbox 991 782 999 812; x_wconf 98' lang='lat'>,</span> <span class='ocrx_word' id='word_1_45' title='bbox 1011 735 1092 800; x_wconf 82' lang='lat' dir='ltr'>nullt</span> 
     </span>
    </p>
   </div>
   <div class='ocr_carea' id='block_1_3' title="bbox 2 821 1090 907">
    <p class='ocr_par' dir='ltr' id='par_1_3' title="bbox 2 821 1090 907">
     <span class='ocr_line' id='line_1_7' title="bbox 2 821 1090 907; baseline 0.007 -26"><span class='ocrx_word' id='word_1_46' title='bbox 2 821 4 826; x_wconf 83' lang='lat'>&#39;</span> <span class='ocrx_word' id='word_1_47' title='bbox 122 849 138 882; x_wconf 76' lang='lat' dir='ltr'>n</span> <span class='ocrx_word' id='word_1_48' title='bbox 163 827 300 888; x_wconf 83' lang='lat' dir='ltr'>astrictus</span> <span class='ocrx_word' id='word_1_49' title='bbox 314 827 489 886; x_wconf 74' lang='lat' dir='ltr'>necessitate</span> <span class='ocrx_word' id='word_1_50' title='bbox 503 825 680 907; x_wconf 88' lang='lat' dir='ltr'>exquirendi</span> <span class='ocrx_word' id='word_1_51' title='bbox 695 824 899 888; x_wconf 72' lang='lat' dir='ltr'>cardinalium</span> <span class='ocrx_word' id='word_1_52' title='bbox 913 823 1090 906; x_wconf 84' lang='lat' dir='ltr'>suffragia...</span> 
     </span>
    </p>
   </div>
   <div class='ocr_carea' id='block_1_4' title="bbox 122 913 1101 3138">
    <p class='ocr_par' dir='ltr' id='par_1_4' title="bbox 122 913 1098 1977">
     <span class='ocr_line' id='line_1_8' title="bbox 122 913 1094 996; baseline 0 -21"><span class='ocrx_word' id='word_1_53' title='bbox 122 939 138 975; x_wconf 75' lang='lat' dir='ltr'>s</span> <span class='ocrx_word' id='word_1_54' title='bbox 162 915 226 976; x_wconf 85' lang='lat' dir='ltr'>lmd</span> <span class='ocrx_word' id='word_1_55' title='bbox 241 913 322 976; x_wconf 79' lang='lat' dir='ltr'>nulla</span> <span class='ocrx_word' id='word_1_56' title='bbox 336 915 451 996; x_wconf 76' lang='lat' dir='ltr'>precisa</span> <span class='ocrx_word' id='word_1_57' title='bbox 463 913 560 976; x_wconf 76' lang='lat' dir='ltr'>forme</span> <span class='ocrx_word' id='word_1_58' title='bbox 574 916 743 978; x_wconf 84' lang='lat' dir='ltr'>necessario</span> <span class='ocrx_word' id='word_1_59' title='bbox 754 913 939 977; x_wconf 74' lang='lat' dir='ltr'>observanda</span> <span class='ocrx_word' id='word_1_60' title='bbox 952 913 983 975; x_wconf 94' lang='lat' dir='ltr'>in</span> <span class='ocrx_word' id='word_1_61' title='bbox 994 913 1094 976; x_wconf 87' lang='lat' dir='ltr'>Cardi-</span> 
     </span>
     <span class='ocr_line' id='line_1_9' title="bbox 122 1003 1092 1084; baseline 0.004 -22"><span class='ocrx_word' id='word_1_62' title='bbox 122 1027 138 1062; x_wconf 69' lang='grc' dir='ltr'><strong>υ</strong></span> <span class='ocrx_word' id='word_1_63' title='bbox 163 1003 277 1065; x_wconf 82' lang='lat' dir='ltr'>nulium</span> <span class='ocrx_word' id='word_1_64' title='bbox 291 1003 480 1084; x_wconf 82' lang='lat' dir='ltr'>promotione</span> <span class='ocrx_word' id='word_1_65' title='bbox 504 1004 597 1066; x_wconf 86' lang='lat' dir='ltr'>utitur</span> <span class='ocrx_word' id='word_1_66' title='bbox 620 1005 651 1066; x_wconf 90' lang='lat' dir='ltr'>S.</span> <span class='ocrx_word' id='word_1_67' title='bbox 668 1003 855 1066; x_wconf 80' lang='lat' dir='ltr'>Pontifex...</span> <span class='ocrx_word' id='word_1_68' title='bbox 873 1003 956 1067; x_wconf 82' lang='lat' dir='ltr'>Licet</span> <span class='ocrx_word' id='word_1_69' title='bbox 969 1011 1092 1066; x_wconf 83' lang='lat' dir='ltr'>oaetero·</span> 
     </span>
     <span class='ocr_line' id='line_1_10' title="bbox 123 1092 1091 1174; baseline 0.006 -24"><span class='ocrx_word' id='word_1_70' title='bbox 123 1093 253 1174; x_wconf 81' lang='lat' dir='ltr'>oquin,</span> <span class='ocrx_word' id='word_1_71' title='bbox 277 1093 308 1153; x_wconf 98' lang='lat' dir='ltr'>in</span> <span class='ocrx_word' id='word_1_72' title='bbox 333 1093 539 1155; x_wconf 84' lang='lat' dir='ltr'>Caeremoniali</span> <span class='ocrx_word' id='word_1_73' title='bbox 566 1094 703 1154; x_wconf 82' lang='lat' dir='ltr'>Romano</span> <span class='ocrx_word' id='word_1_74' title='bbox 731 1093 797 1156; x_wconf 84' lang='lat' dir='ltr'>haeo</span> <span class='ocrx_word' id='word_1_75' title='bbox 822 1093 919 1155; x_wconf 89' lang='lat' dir='ltr'>forma</span> <span class='ocrx_word' id='word_1_76' title='bbox 940 1092 1091 1156; x_wconf 87' lang='lat' dir='ltr'>tradatur:</span> 
     </span>
     <span class='ocr_line' id='line_1_11' title="bbox 122 1181 1094 1264; baseline 0.004 -25"><span class='ocrx_word' id='word_1_77' title='bbox 122 1205 139 1240; x_wconf 80' lang='lat' dir='ltr'>u</span> <span class='ocrx_word' id='word_1_78' title='bbox 162 1181 349 1244; x_wconf 83' lang='lat' dir='ltr'>Auclom&#39;tote</span> <span class='ocrx_word' id='word_1_79' title='bbox 371 1181 429 1242; x_wconf 82' lang='lat' dir='ltr'>Dei</span> <span class='ocrx_word' id='word_1_80' title='bbox 444 1181 549 1244; x_wconf 83' lang='lat' dir='ltr'>Putris</span> <span class='ocrx_word' id='word_1_81' title='bbox 571 1182 790 1263; x_wconf 79' lang='lat' dir='ltr'>manipotentr&#39;s,</span> <span class='ocrx_word' id='word_1_82' title='bbox 815 1182 875 1244; x_wconf 87' lang='lat' dir='ltr'>SS.</span> <span class='ocrx_word' id='word_1_83' title='bbox 891 1183 1094 1264; x_wconf 71' lang='lat' dir='ltr'>Apostolorum</span> 
     </span>
     <span class='ocr_line' id='line_1_12' title="bbox 123 1269 1093 1352; baseline 0.004 -24"><span class='ocrx_word' id='word_1_84' title='bbox 123 1293 139 1328; x_wconf 82' lang='lat' dir='ltr'>r&gt;</span> <span class='ocrx_word' id='word_1_85' title='bbox 166 1269 248 1331; x_wconf 83' lang='lat' dir='ltr'>Petri</span> <span class='ocrx_word' id='word_1_86' title='bbox 261 1277 291 1332; x_wconf 87' lang='lat' dir='ltr'>et</span> <span class='ocrx_word' id='word_1_87' title='bbox 308 1269 398 1332; x_wconf 84' lang='lat' dir='ltr'>Pauli</span> <span class='ocrx_word' id='word_1_88' title='bbox 420 1278 449 1332; x_wconf 83' lang='lat' dir='ltr'>et</span> <span class='ocrx_word' id='word_1_89' title='bbox 470 1269 594 1346; x_wconf 84' lang='lat' dir='ltr'>Nostrd,</span> <span class='ocrx_word' id='word_1_90' title='bbox 612 1269 682 1334; x_wconf 90' lang='grc' dir='ltr'><strong><em>Ν...</em></strong></span> <span class='ocrx_word' id='word_1_91' title='bbox 703 1271 874 1332; x_wconf 71' lang='lat' dir='ltr'>assumimus</span> <span class='ocrx_word' id='word_1_92' title='bbox 894 1271 925 1330; x_wconf 82' lang='lat' dir='ltr'>iu</span> <span class='ocrx_word' id='word_1_93' title='bbox 939 1269 1093 1352; x_wconf 72' lang='lat' dir='ltr'>Presbyte-</span> 
     </span>
     <span class='ocr_line' id='line_1_13' title="bbox 123 1357 1093 1423; baseline 0.005 -5"><span class='ocrx_word' id='word_1_94' title='bbox 123 1381 139 1418; x_wconf 70' lang='grc' dir='ltr'><strong>υ</strong></span> <span class='ocrx_word' id='word_1_95' title='bbox 162 1379 228 1420; x_wconf 81' lang='lat' dir='ltr'>rum</span> <span class='ocrx_word' id='word_1_96' title='bbox 238 1359 284 1421; x_wconf 87' lang='lat' dir='ltr'>vel</span> <span class='ocrx_word' id='word_1_97' title='bbox 298 1359 459 1421; x_wconf 81' lang='lat' dir='ltr'>Diaconum</span> <span class='ocrx_word' id='word_1_98' title='bbox 471 1377 561 1421; x_wconf 80' lang='lat' dir='ltr'>socru</span> <span class='ocrx_word' id='word_1_99' title='bbox 569 1361 702 1421; x_wconf 81' lang='lat' dir='ltr'>Romanor</span> <span class='ocrx_word' id='word_1_100' title='bbox 709 1359 851 1422; x_wconf 71' lang='lat' dir='ltr'>Ecclesiae</span> <span class='ocrx_word' id='word_1_101' title='bbox 865 1357 1093 1423; x_wconf 85' lang='lat' dir='ltr'>Curdr&#39;uolem...</span> 
     </span>
     <span class='ocr_line' id='line_1_14' title="bbox 123 1446 1095 1530; baseline 0 -22"><span class='ocrx_word' id='word_1_102' title='bbox 123 1469 139 1508; x_wconf 80' lang='lat' dir='ltr'>n</span> <span class='ocrx_word' id='word_1_103' title='bbox 163 1447 298 1524; x_wconf 80' lang='lat' dir='ltr'>Exinde,</span> <span class='ocrx_word' id='word_1_104' title='bbox 313 1450 337 1510; x_wconf 83' lang='lat' dir='ltr'>si</span> <span class='ocrx_word' id='word_1_105' title='bbox 353 1449 468 1510; x_wconf 83' lang='lat' dir='ltr'>noviter</span> <span class='ocrx_word' id='word_1_106' title='bbox 484 1448 613 1530; x_wconf 90' lang='lat' dir='ltr'>promoti</span> <span class='ocrx_word' id='word_1_107' title='bbox 630 1449 817 1530; x_wconf 85' lang='lat' dir='ltr'>reperiantur</span> <span class='ocrx_word' id='word_1_108' title='bbox 830 1449 862 1509; x_wconf 95' lang='lat' dir='ltr'>in</span> <span class='ocrx_word' id='word_1_109' title='bbox 876 1447 973 1526; x_wconf 84' lang='lat' dir='ltr'>Urbe,</span> <span class='ocrx_word' id='word_1_110' title='bbox 988 1446 1095 1509; x_wconf 86' lang='lat' dir='ltr'>eodem</span> 
     </span>
     <span class='ocr_line' id='line_1_15' title="bbox 124 1536 1097 1619; baseline 0.003 -22"><span class='ocrx_word' id='word_1_111' title='bbox 124 1559 139 1597; x_wconf 79' lang='lat' dir='ltr'>r</span> <span class='ocrx_word' id='word_1_112' title='bbox 164 1556 225 1619; x_wconf 95' lang='lat' dir='ltr'>quo</span> <span class='ocrx_word' id='word_1_113' title='bbox 240 1539 321 1619; x_wconf 84' lang='lat' dir='ltr'>priirs</span> <span class='ocrx_word' id='word_1_114' title='bbox 335 1538 494 1601; x_wconf 89' lang='lat' dir='ltr'>utebantur</span> <span class='ocrx_word' id='word_1_115' title='bbox 503 1537 606 1599; x_wconf 86' lang='lat' dir='ltr'>babitu</span> <span class='ocrx_word' id='word_1_116' title='bbox 618 1585 626 1613; x_wconf 95' lang='lat'>,</span> <span class='ocrx_word' id='word_1_117' title='bbox 637 1537 675 1600; x_wconf 91' lang='lat' dir='ltr'>ad</span> <span class='ocrx_word' id='word_1_118' title='bbox 684 1537 783 1600; x_wconf 86' lang='lat' dir='ltr'>aulam</span> <span class='ocrx_word' id='word_1_119' title='bbox 792 1536 1097 1619; x_wconf 85' lang='lat' dir='ltr'>apostolicam,nullo</span> 
     </span>
     <span class='ocr_line' id='line_1_16' title="bbox 124 1625 1096 1708; baseline 0.002 -21"><span class='ocrx_word' id='word_1_120' title='bbox 124 1647 140 1686; x_wconf 81' lang='lat' dir='ltr'>r</span> <span class='ocrx_word' id='word_1_121' title='bbox 164 1635 318 1708; x_wconf 88' lang='lat' dir='ltr'>assumpto</span> <span class='ocrx_word' id='word_1_122' title='bbox 338 1627 500 1704; x_wconf 85' lang='lat' dir='ltr'>comitatu,</span> <span class='ocrx_word' id='word_1_123' title='bbox 517 1645 549 1689; x_wconf 91' lang='lat' dir='ltr'>se</span> <span class='ocrx_word' id='word_1_124' title='bbox 562 1626 741 1705; x_wconf 86' lang='lat' dir='ltr'>conferunt,</span> <span class='ocrx_word' id='word_1_125' title='bbox 757 1625 859 1708; x_wconf 89' lang='lat' dir='ltr'>ibique</span> <span class='ocrx_word' id='word_1_126' title='bbox 878 1625 916 1688; x_wconf 85' lang='lat' dir='ltr'>ob</span> <span class='ocrx_word' id='word_1_127' title='bbox 936 1625 1039 1708; x_wconf 90' lang='lat' dir='ltr'>aliquo</span> <span class='ocrx_word' id='word_1_128' title='bbox 1059 1644 1096 1689; x_wconf 85' lang='lat' dir='ltr'>ex</span> 
     </span>
     <span class='ocr_line' id='line_1_17' title="bbox 124 1714 1092 1798; baseline 0.004 -24"><span class='ocrx_word' id='word_1_129' title='bbox 124 1737 141 1774; x_wconf 79' lang='lat' dir='ltr'>n</span> <span class='ocrx_word' id='word_1_130' title='bbox 165 1717 296 1798; x_wconf 87' lang='lat' dir='ltr'>antiquis</span> <span class='ocrx_word' id='word_1_131' title='bbox 318 1716 524 1779; x_wconf 82' lang='lat' dir='ltr'>Cardinalibus</span> <span class='ocrx_word' id='word_1_132' title='bbox 546 1717 679 1798; x_wconf 87' lang='lat' dir='ltr'>excepti,</span> <span class='ocrx_word' id='word_1_133' title='bbox 699 1718 731 1779; x_wconf 91' lang='lat' dir='ltr'>S.</span> <span class='ocrx_word' id='word_1_134' title='bbox 756 1715 892 1778; x_wconf 78' lang='lat' dir='ltr'>Pontifici</span> <span class='ocrx_word' id='word_1_135' title='bbox 916 1714 1092 1787; x_wconf 87' lang='lat' dir='ltr'>offeruntur,</span> 
     </span>
     <span class='ocr_line' id='line_1_18' title="bbox 125 1803 1098 1888; baseline 0.004 -24"><span class='ocrx_word' id='word_1_136' title='bbox 125 1827 141 1864; x_wconf 78' lang='lat' dir='ltr'>n</span> <span class='ocrx_word' id='word_1_137' title='bbox 165 1808 217 1886; x_wconf 90' lang='lat' dir='ltr'>qui</span> <span class='ocrx_word' id='word_1_138' title='bbox 232 1803 342 1867; x_wconf 88' lang='lat' dir='ltr'>birreto</span> <span class='ocrx_word' id='word_1_139' title='bbox 356 1805 448 1868; x_wconf 92' lang='lat' dir='ltr'>rubro</span> <span class='ocrx_word' id='word_1_140' title='bbox 460 1823 513 1868; x_wconf 91' lang='lat' dir='ltr'>eos</span> <span class='ocrx_word' id='word_1_141' title='bbox 527 1806 665 1887; x_wconf 82' lang='lat' dir='ltr'>insignit,</span> <span class='ocrx_word' id='word_1_142' title='bbox 680 1811 809 1888; x_wconf 87' lang='lat' dir='ltr'>etpost,</span> <span class='ocrx_word' id='word_1_143' title='bbox 825 1805 980 1888; x_wconf 84' lang='lat' dir='ltr'>publicum</span> <span class='ocrx_word' id='word_1_144' title='bbox 994 1805 1098 1870; x_wconf 88' lang='lat' dir='ltr'>indici·</span> 
     </span>
     <span class='ocr_line' id='line_1_19' title="bbox 125 1893 988 1977; baseline 0 -23"><span class='ocrx_word' id='word_1_145' title='bbox 125 1916 142 1954; x_wconf 78' lang='lat' dir='ltr'>u</span> <span class='ocrx_word' id='word_1_146' title='bbox 165 1900 222 1970; x_wconf 82' lang='lat' dir='ltr'>tur</span> <span class='ocrx_word' id='word_1_147' title='bbox 230 1895 445 1957; x_wconf 80' lang='lat' dir='ltr'>consistorium</span> <span class='ocrx_word' id='word_1_148' title='bbox 457 1914 512 1977; x_wconf 91' lang='lat' dir='ltr'>pro</span> <span class='ocrx_word' id='word_1_149' title='bbox 525 1896 569 1958; x_wconf 85' lang='lat' dir='ltr'>eis</span> <span class='ocrx_word' id='word_1_150' title='bbox 581 1893 727 1957; x_wconf 87' lang='lat' dir='ltr'>tradendo</span> <span class='ocrx_word' id='word_1_151' title='bbox 739 1894 840 1976; x_wconf 86' lang='lat' dir='ltr'>galero</span> <span class='ocrx_word' id='word_1_152' title='bbox 854 1894 956 1958; x_wconf 89' lang='lat' dir='ltr'>rubro.</span> <span class='ocrx_word' id='word_1_153' title='bbox 972 1917 988 1954; x_wconf 80' lang='lat' dir='ltr'>u</span> 
     </span>
    </p>

    <p class='ocr_par' dir='ltr' id='par_1_5' title="bbox 126 1983 1101 2865">
     <span class='ocr_line' id='line_1_20' title="bbox 165 1983 1099 2066; baseline 0.005 -22"><span class='ocrx_word' id='word_1_154' title='bbox 165 1983 301 2066; x_wconf 87' lang='lat' dir='ltr'>Explicat</span> <span class='ocrx_word' id='word_1_155' title='bbox 312 1983 362 2047; x_wconf 88' lang='lat' dir='ltr'>blo</span> <span class='ocrx_word' id='word_1_156' title='bbox 375 1985 507 2048; x_wconf 87' lang='lat' dir='ltr'>Ferraris</span> <span class='ocrx_word' id='word_1_157' title='bbox 520 1983 658 2046; x_wconf 90' lang='lat' dir='ltr'>ordinem</span> <span class='ocrx_word' id='word_1_158' title='bbox 675 1984 936 2047; x_wconf 86' lang='lat' dir='ltr'>oeerexnoniarium</span> <span class='ocrx_word' id='word_1_159' title='bbox 950 1984 982 2045; x_wconf 93' lang='lat' dir='ltr'>in</span> <span class='ocrx_word' id='word_1_160' title='bbox 996 1983 1099 2065; x_wconf 86' lang='lat' dir='ltr'>hujus·</span> 
     </span>
     <span class='ocr_line' id='line_1_21' title="bbox 126 2071 1098 2136; baseline 0 0"><span class='ocrx_word' id='word_1_161' title='bbox 126 2073 209 2136; x_wconf 92' lang='lat' dir='ltr'>modi</span> <span class='ocrx_word' id='word_1_162' title='bbox 225 2073 404 2136; x_wconf 78' lang='lat' dir='ltr'>tonsistorio</span> <span class='ocrx_word' id='word_1_163' title='bbox 420 2073 696 2136; x_wconf 85' lang='lat' dir='ltr'>observandarum:</span> <span class='ocrx_word' id='word_1_164' title='bbox 717 2071 864 2134; x_wconf 86' lang='lat' dir='ltr'>tradendo</span> <span class='ocrx_word' id='word_1_165' title='bbox 881 2074 953 2134; x_wconf 79' lang='lat' dir='ltr'>rard</span> <span class='ocrx_word' id='word_1_166' title='bbox 973 2073 1098 2136; x_wconf 88' lang='lat' dir='ltr'>rubmm</span> 
     </span>
     <span class='ocr_line' id='line_1_22' title="bbox 128 2160 1098 2244; baseline 0.001 -22"><span class='ocrx_word' id='word_1_167' title='bbox 128 2162 262 2244; x_wconf 77' lang='lat' dir='ltr'>galerum</span> <span class='ocrx_word' id='word_1_168' title='bbox 277 2165 320 2224; x_wconf 90' lang='lat' dir='ltr'>sio</span> <span class='ocrx_word' id='word_1_169' title='bbox 333 2164 374 2225; x_wconf 86' lang='lat' dir='ltr'>ait</span> <span class='ocrx_word' id='word_1_170' title='bbox 387 2162 542 2225; x_wconf 78' lang='lat' dir='ltr'>Pontifex:</span> <span class='ocrx_word' id='word_1_171' title='bbox 562 2185 577 2220; x_wconf 82' lang='lat' dir='ltr'>a</span> <span class='ocrx_word' id='word_1_172' title='bbox 590 2162 642 2224; x_wconf 86' lang='lat' dir='ltr'>Ad</span> <span class='ocrx_word' id='word_1_173' title='bbox 657 2160 769 2222; x_wconf 82' lang='lat' dir='ltr'>laudem</span> <span class='ocrx_word' id='word_1_174' title='bbox 783 2161 988 2243; x_wconf 81' lang='lat' dir='ltr'>omnipotentio</span> <span class='ocrx_word' id='word_1_175' title='bbox 1001 2162 1058 2225; x_wconf 81' lang='lat' dir='ltr'>Dei</span> <span class='ocrx_word' id='word_1_176' title='bbox 1070 2172 1098 2224; x_wconf 87' lang='lat' dir='ltr'>et</span> 
     </span>
     <span class='ocr_line' id='line_1_23' title="bbox 127 2249 1098 2334; baseline 0.002 -24"><span class='ocrx_word' id='word_1_177' title='bbox 127 2274 143 2310; x_wconf 81' lang='lat' dir='ltr'>n</span> <span class='ocrx_word' id='word_1_178' title='bbox 168 2251 286 2314; x_wconf 82' lang='lat' dir='ltr'>Sourtm</span> <span class='ocrx_word' id='word_1_179' title='bbox 309 2250 395 2315; x_wconf 81' lang='lat' dir='ltr'>Sedis</span> <span class='ocrx_word' id='word_1_180' title='bbox 419 2251 596 2334; x_wconf 83' lang='lat' dir='ltr'>Apostoliom</span> <span class='ocrx_word' id='word_1_181' title='bbox 617 2258 833 2324; x_wconf 82' lang='lat' dir='ltr'>oruamentum,</span> <span class='ocrx_word' id='word_1_182' title='bbox 849 2249 945 2331; x_wconf 81' lang='lat' dir='ltr'>uou&#39;pe</span> <span class='ocrx_word' id='word_1_183' title='bbox 966 2251 1098 2332; x_wconf 76' lang='lat' dir='ltr'>polorum</span> 
     </span>
     <span class='ocr_line' id='line_1_24' title="bbox 128 2336 1100 2422; baseline 0 -24"><span class='ocrx_word' id='word_1_184' title='bbox 128 2363 143 2398; x_wconf 84' lang='lat' dir='ltr'>n</span> <span class='ocrx_word' id='word_1_185' title='bbox 168 2340 288 2402; x_wconf 83' lang='lat' dir='ltr'>rubrum</span> <span class='ocrx_word' id='word_1_186' title='bbox 313 2341 427 2422; x_wconf 73' lang='lat' dir='ltr'>lusique</span> <span class='ocrx_word' id='word_1_187' title='bbox 449 2339 610 2420; x_wconf 67' lang='lat' dir='ltr'>simularie</span> <span class='ocrx_word' id='word_1_188' title='bbox 632 2338 790 2420; x_wconf 80' lang='lat' dir='ltr'>dr&#39;puitutr&#39;s</span> <span class='ocrx_word' id='word_1_189' title='bbox 813 2336 1026 2400; x_wconf 72' lang='lat' dir='ltr'>Gemmatum</span> <span class='ocrx_word' id='word_1_190' title='bbox 1043 2359 1100 2420; x_wconf 78' lang='lat' dir='ltr'>pm·</span> 
     </span>
     <span class='ocr_line' id='line_1_25' title="bbox 128 2427 1099 2512; baseline -0.002 -22"><span class='ocrx_word' id='word_1_191' title='bbox 128 2429 244 2512; x_wconf 78' lang='lat' dir='ltr'>equod</span> <span class='ocrx_word' id='word_1_192' title='bbox 271 2429 444 2511; x_wconf 78' lang='lat' dir='ltr'>desiquutur</span> <span class='ocrx_word' id='word_1_193' title='bbox 469 2428 546 2511; x_wconf 84' lang='lat' dir='ltr'>qudd</span> <span class='ocrx_word' id='word_1_194' title='bbox 571 2448 659 2510; x_wconf 87' lang='lat' dir='ltr'>usque</span> <span class='ocrx_word' id='word_1_195' title='bbox 685 2427 725 2488; x_wconf 86' lang='lat' dir='ltr'>od</span> <span class='ocrx_word' id='word_1_196' title='bbox 750 2435 872 2488; x_wconf 83' lang='lat' dir='ltr'>mortem</span> <span class='ocrx_word' id='word_1_197' title='bbox 898 2435 927 2489; x_wconf 83' lang='lat' dir='ltr'>et</span> <span class='ocrx_word' id='word_1_198' title='bbox 948 2427 1099 2509; x_wconf 76' lang='lat' dir='ltr'>surpuinis</span> 
     </span>
     <span class='ocr_line' id='line_1_26' title="bbox 128 2513 1099 2600; baseline -0.001 -22"><span class='ocrx_word' id='word_1_199' title='bbox 128 2541 144 2578; x_wconf 82' lang='lat' dir='ltr'>n</span> <span class='ocrx_word' id='word_1_200' title='bbox 168 2519 332 2599; x_wconf 79' lang='lat' dir='ltr'>effusionem</span> <span class='ocrx_word' id='word_1_201' title='bbox 347 2519 497 2594; x_wconf 71' lang='lat' dir='ltr'>inclusive,</span> <span class='ocrx_word' id='word_1_202' title='bbox 510 2537 566 2600; x_wconf 83' lang='lat' dir='ltr'>pro</span> <span class='ocrx_word' id='word_1_203' title='bbox 579 2517 758 2579; x_wconf 67' lang='lat' dir='ltr'>exultatione</span> <span class='ocrx_word' id='word_1_204' title='bbox 771 2523 876 2578; x_wconf 83' lang='lat' dir='ltr'>sanctor</span> <span class='ocrx_word' id='word_1_205' title='bbox 886 2513 959 2598; x_wconf 78' lang='lat' dir='ltr'>fidei</span> <span class='ocrx_word' id='word_1_206' title='bbox 966 2561 974 2592; x_wconf 93' lang='lat'>,</span> <span class='ocrx_word' id='word_1_207' title='bbox 984 2535 1058 2597; x_wconf 81' lang='lat' dir='ltr'>poce</span> <span class='ocrx_word' id='word_1_208' title='bbox 1071 2526 1099 2578; x_wconf 83' lang='lat' dir='ltr'>et</span> 
     </span>
     <span class='ocr_line' id='line_1_27' title="bbox 129 2607 1100 2692; baseline -0.003 -22"><span class='ocrx_word' id='word_1_209' title='bbox 129 2631 144 2670; x_wconf 86' lang='lat' dir='ltr'>n</span> <span class='ocrx_word' id='word_1_210' title='bbox 167 2610 264 2690; x_wconf 79' lang='lat' dir='ltr'>quiete</span> <span class='ocrx_word' id='word_1_211' title='bbox 285 2608 391 2692; x_wconf 83' lang='lat' dir='ltr'>populi</span> <span class='ocrx_word' id='word_1_212' title='bbox 412 2607 568 2669; x_wconf 81' lang='lat' dir='ltr'>udm&#39;stium&#39;</span> <span class='ocrx_word' id='word_1_213' title='bbox 590 2613 742 2686; x_wconf 76' lang='lat' dir='ltr'>ouqmeuto</span> <span class='ocrx_word' id='word_1_214' title='bbox 764 2612 793 2666; x_wconf 87' lang='lat' dir='ltr'>et</span> <span class='ocrx_word' id='word_1_215' title='bbox 812 2611 892 2666; x_wconf 83' lang='lat' dir='ltr'>statu</span> <span class='ocrx_word' id='word_1_216' title='bbox 913 2613 1100 2668; x_wconf 76' lang='lat' dir='ltr'>sacrosancto</span> 
     </span>
     <span class='ocr_line' id='line_1_28' title="bbox 129 2691 1101 2778; baseline -0.002 -20"><span class='ocrx_word' id='word_1_217' title='bbox 129 2720 145 2758; x_wconf 72' lang='grc' dir='ltr'>ι</span> <span class='ocrx_word' id='word_1_218' title='bbox 168 2697 307 2760; x_wconf 83' lang='lat' dir='ltr'>Romanu</span> <span class='ocrx_word' id='word_1_219' title='bbox 325 2697 479 2767; x_wconf 75' lang='lat' dir='ltr'>Eurum.</span> <span class='ocrx_word' id='word_1_220' title='bbox 499 2705 527 2758; x_wconf 87' lang='lat' dir='ltr'>te</span> <span class='ocrx_word' id='word_1_221' title='bbox 540 2694 721 2778; x_wconf 83' lang='lat' dir='ltr'>intrepidum</span> <span class='ocrx_word' id='word_1_222' title='bbox 734 2693 871 2757; x_wconf 72' lang='lat' dir='ltr'>exhibere</span> <span class='ocrx_word' id='word_1_223' title='bbox 884 2691 996 2769; x_wconf 75' lang='lat' dir='ltr'>utem,</span> <span class='ocrx_word' id='word_1_224' title='bbox 1012 2694 1101 2756; x_wconf 82' lang='lat' dir='ltr'>iuno·</span> 
     </span>
     <span class='ocr_line' id='line_1_29' title="bbox 129 2788 479 2865; baseline -0.009 -18"><span class='ocrx_word' id='word_1_225' title='bbox 129 2809 145 2847; x_wconf 82' lang='lat' dir='ltr'>n</span> <span class='ocrx_word' id='word_1_226' title='bbox 169 2788 249 2850; x_wconf 86' lang='lat' dir='ltr'>mine</span> <span class='ocrx_word' id='word_1_227' title='bbox 262 2788 479 2865; x_wconf 81' lang='lat' dir='ltr'>Putrir,elo.n</span> 
     </span>
    </p>

    <p class='ocr_par' dir='ltr' id='par_1_6' title="bbox 130 2871 1101 3138">
     <span class='ocr_line' id='line_1_30' title="bbox 169 2871 1101 2958; baseline -0.002 -19"><span class='ocrx_word' id='word_1_228' title='bbox 169 2879 202 2939; x_wconf 95' lang='lat' dir='ltr'>ln</span> <span class='ocrx_word' id='word_1_229' title='bbox 217 2877 411 2958; x_wconf 89' lang='lat' dir='ltr'>subsequenti</span> <span class='ocrx_word' id='word_1_230' title='bbox 424 2875 625 2948; x_wconf 81' lang='lat' dir='ltr'>consistorio,</span> <span class='ocrx_word' id='word_1_231' title='bbox 641 2875 673 2938; x_wconf 88' lang='lat' dir='ltr'>S.</span> <span class='ocrx_word' id='word_1_232' title='bbox 690 2871 827 2936; x_wconf 87' lang='lat' dir='ltr'>Pontifex</span> <span class='ocrx_word' id='word_1_233' title='bbox 839 2871 951 2936; x_wconf 86' lang='lat' dir='ltr'>claudit</span> <span class='ocrx_word' id='word_1_234' title='bbox 963 2891 999 2936; x_wconf 93' lang='lat' dir='ltr'>os</span> <span class='ocrx_word' id='word_1_235' title='bbox 1017 2875 1101 2937; x_wconf 89' lang='lat' dir='ltr'>novis</span> 
     </span>
     <span class='ocr_line' id='line_1_31' title="bbox 130 2961 1101 3046; baseline -0.002 -18"><span class='ocrx_word' id='word_1_236' title='bbox 130 2965 355 3042; x_wconf 79' lang='lat' dir='ltr'>cardinalibus,</span> <span class='ocrx_word' id='word_1_237' title='bbox 370 2966 413 3028; x_wconf 91' lang='lat' dir='ltr'>eis</span> <span class='ocrx_word' id='word_1_238' title='bbox 428 2964 591 3026; x_wconf 89' lang='lat' dir='ltr'>inhibendo</span> <span class='ocrx_word' id='word_1_239' title='bbox 606 2961 732 3045; x_wconf 85' lang='lat' dir='ltr'>nequid</span> <span class='ocrx_word' id='word_1_240' title='bbox 752 2963 834 3046; x_wconf 91' lang='lat' dir='ltr'>loqui</span> <span class='ocrx_word' id='word_1_241' title='bbox 853 2970 1037 3046; x_wconf 76' lang='lat' dir='ltr'>presumant</span> <span class='ocrx_word' id='word_1_242' title='bbox 1050 2982 1101 3026; x_wconf 89' lang='lat' dir='ltr'>us·</span> 
     </span>
     <span class='ocr_line' id='line_1_32' title="bbox 130 3051 1100 3138; baseline -0.004 -20"><span class='ocrx_word' id='word_1_243' title='bbox 130 3055 266 3138; x_wconf 83' lang='lat' dir='ltr'>quodum</span> <span class='ocrx_word' id='word_1_244' title='bbox 286 3055 324 3118; x_wconf 86' lang='lat' dir='ltr'>do</span> <span class='ocrx_word' id='word_1_245' title='bbox 337 3055 463 3118; x_wconf 89' lang='lat' dir='ltr'>oonsilio</span> <span class='ocrx_word' id='word_1_246' title='bbox 477 3053 601 3116; x_wconf 88' lang='lat' dir='ltr'>fratrum</span> <span class='ocrx_word' id='word_1_247' title='bbox 622 3052 740 3116; x_wconf 89' lang='lat' dir='ltr'>duxerit</span> <span class='ocrx_word' id='word_1_248' title='bbox 759 3052 803 3114; x_wconf 86' lang='lat' dir='ltr'>eis</span> <span class='ocrx_word' id='word_1_249' title='bbox 816 3069 852 3114; x_wconf 90' lang='lat' dir='ltr'>os</span> <span class='ocrx_word' id='word_1_250' title='bbox 870 3051 1003 3133; x_wconf 83' lang='lat' dir='ltr'>operire,</span> <span class='ocrx_word' id='word_1_251' title='bbox 1020 3052 1100 3134; x_wconf 93' lang='lat' dir='ltr'>quod</span> 
     </span>
    </p>
   </div>
   <div class='ocr_carea' id='block_1_5' title="bbox 13 3135 1102 3222">
    <p class='ocr_par' dir='ltr' id='par_1_7' title="bbox 13 3135 1102 3222">
     <span class='ocr_line' id='line_1_33' title="bbox 13 3135 1102 3222; baseline -0.003 -15"><span class='ocrx_word' id='word_1_252' title='bbox 13 3135 18 3146; x_wconf 80' lang='grc'><strong>’</strong></span> <span class='ocrx_word' id='word_1_253' title='bbox 131 3146 163 3206; x_wconf 93' lang='lat' dir='ltr'>in</span> <span class='ocrx_word' id='word_1_254' title='bbox 177 3144 311 3207; x_wconf 83' lang='lat' dir='ltr'>seeundo</span> <span class='ocrx_word' id='word_1_255' title='bbox 323 3144 463 3207; x_wconf 84' lang='lat' dir='ltr'>veltertio</span> <span class='ocrx_word' id='word_1_256' title='bbox 477 3140 892 3218; x_wconf 76' lang='lat' dir='ltr'>consistorio,(lardinalibus</span> <span class='ocrx_word' id='word_1_257' title='bbox 906 3141 1102 3222; x_wconf 73' lang='lat' dir='ltr'>presentibus</span> 
     </span>
    </p>
   </div>
   <div class='ocr_carea' id='block_1_6' title="bbox 130 3230 1103 3754">
    <p class='ocr_par' dir='ltr' id='par_1_8' title="bbox 130 3230 1103 3754">
     <span class='ocr_line' id='line_1_34' title="bbox 130 3230 1101 3316; baseline -0.004 -20"><span class='ocrx_word' id='word_1_258' title='bbox 130 3234 275 3296; x_wconf 85' lang='lat' dir='ltr'>consultis</span> <span class='ocrx_word' id='word_1_259' title='bbox 286 3281 294 3310; x_wconf 98' lang='lat'>,</span> <span class='ocrx_word' id='word_1_260' title='bbox 305 3235 420 3316; x_wconf 81' lang='lat' dir='ltr'>peragit</span> <span class='ocrx_word' id='word_1_261' title='bbox 432 3232 606 3295; x_wconf 90' lang='lat' dir='ltr'>hisverbis:</span> <span class='ocrx_word' id='word_1_262' title='bbox 626 3252 642 3290; x_wconf 80' lang='lat' dir='ltr'>o</span> <span class='ocrx_word' id='word_1_263' title='bbox 657 3232 816 3313; x_wconf 84' lang='lat' dir='ltr'>Aperimus</span> <span class='ocrx_word' id='word_1_264' title='bbox 830 3230 915 3292; x_wconf 90' lang='lat' dir='ltr'>vobis</span> <span class='ocrx_word' id='word_1_265' title='bbox 927 3247 979 3307; x_wconf 94' lang='lat' dir='ltr'>os,</span> <span class='ocrx_word' id='word_1_266' title='bbox 995 3237 1056 3292; x_wconf 90' lang='lat' dir='ltr'>tam</span> <span class='ocrx_word' id='word_1_267' title='bbox 1071 3231 1101 3292; x_wconf 95' lang='lat' dir='ltr'>in</span> 
     </span>
     <span class='ocr_line' id='line_1_35' title="bbox 131 3319 1103 3403; baseline -0.001 -21"><span class='ocrx_word' id='word_1_268' title='bbox 131 3322 386 3386; x_wconf 68' lang='lat' dir='ltr'>»Cottattontbus</span> <span class='ocrx_word' id='word_1_269' title='bbox 417 3325 509 3403; x_wconf 79' lang='lat' dir='ltr'>qutm</span> <span class='ocrx_word' id='word_1_270' title='bbox 533 3321 565 3382; x_wconf 94' lang='lat' dir='ltr'>in</span> <span class='ocrx_word' id='word_1_271' title='bbox 593 3321 757 3398; x_wconf 81' lang='lat' dir='ltr'>Consiliis,</span> <span class='ocrx_word' id='word_1_272' title='bbox 785 3327 876 3402; x_wconf 86' lang='lat' dir='ltr'>atque</span> <span class='ocrx_word' id='word_1_273' title='bbox 902 3319 935 3380; x_wconf 95' lang='lat' dir='ltr'>in</span> <span class='ocrx_word' id='word_1_274' title='bbox 958 3319 1103 3382; x_wconf 82' lang='lat' dir='ltr'>eloctione</span> 
     </span>
     <span class='ocr_line' id='line_1_36' title="bbox 132 3409 1103 3490; baseline -0.001 -20"><span class='ocrx_word' id='word_1_275' title='bbox 132 3435 147 3470; x_wconf 78' lang='lat' dir='ltr'>u</span> <span class='ocrx_word' id='word_1_276' title='bbox 172 3411 203 3474; x_wconf 90' lang='lat' dir='ltr'>S.</span> <span class='ocrx_word' id='word_1_277' title='bbox 221 3411 393 3490; x_wconf 87' lang='lat' dir='ltr'>Pontiliois,</span> <span class='ocrx_word' id='word_1_278' title='bbox 408 3419 438 3473; x_wconf 88' lang='lat' dir='ltr'>et</span> <span class='ocrx_word' id='word_1_279' title='bbox 452 3412 483 3474; x_wconf 93' lang='lat' dir='ltr'>in</span> <span class='ocrx_word' id='word_1_280' title='bbox 497 3409 640 3473; x_wconf 92' lang='lat' dir='ltr'>omnibus</span> <span class='ocrx_word' id='word_1_281' title='bbox 653 3409 782 3480; x_wconf 83' lang='lat' dir='ltr'>actibus,</span> <span class='ocrx_word' id='word_1_282' title='bbox 798 3414 860 3470; x_wconf 85' lang='lat' dir='ltr'>tam</span> <span class='ocrx_word' id='word_1_283' title='bbox 874 3409 906 3469; x_wconf 94' lang='lat' dir='ltr'>in</span> <span class='ocrx_word' id='word_1_284' title='bbox 921 3409 1103 3469; x_wconf 76' lang='lat' dir='ltr'>consistorio</span> 
     </span>
     <span class='ocr_line' id='line_1_37' title="bbox 132 3495 1103 3582; baseline -0.004 -22"><span class='ocrx_word' id='word_1_285' title='bbox 132 3521 156 3560; x_wconf 80' lang='lat' dir='ltr'>n·</span> <span class='ocrx_word' id='word_1_286' title='bbox 172 3502 263 3582; x_wconf 81' lang='lat' dir='ltr'>quam</span> <span class='ocrx_word' id='word_1_287' title='bbox 277 3508 371 3577; x_wconf 87' lang='lat' dir='ltr'>extra,</span> <span class='ocrx_word' id='word_1_288' title='bbox 393 3501 446 3582; x_wconf 90' lang='lat' dir='ltr'>qui</span> <span class='ocrx_word' id='word_1_289' title='bbox 468 3498 507 3562; x_wconf 88' lang='lat' dir='ltr'>ad</span> <span class='ocrx_word' id='word_1_290' title='bbox 527 3498 700 3561; x_wconf 84' lang='lat' dir='ltr'>Cordinalos</span> <span class='ocrx_word' id='word_1_291' title='bbox 712 3503 864 3580; x_wconf 77' lang='lat' dir='ltr'>spectant,</span> <span class='ocrx_word' id='word_1_292' title='bbox 886 3502 915 3558; x_wconf 87' lang='lat' dir='ltr'>et</span> <span class='ocrx_word' id='word_1_293' title='bbox 935 3514 1012 3576; x_wconf 90' lang='lat' dir='ltr'>quos</span> <span class='ocrx_word' id='word_1_294' title='bbox 1025 3495 1103 3557; x_wconf 90' lang='lat' dir='ltr'>soliti</span> 
     </span>
     <span class='ocr_line' id='line_1_38' title="bbox 132 3581 1100 3666; baseline -0.007 -16"><span class='ocrx_word' id='word_1_295' title='bbox 132 3613 147 3650; x_wconf 76' lang='lat' dir='ltr'>r</span> <span class='ocrx_word' id='word_1_296' title='bbox 171 3597 405 3666; x_wconf 84' lang='lat' dir='ltr'>suntexeroere,</span> <span class='ocrx_word' id='word_1_297' title='bbox 415 3589 447 3650; x_wconf 93' lang='lat' dir='ltr'>in</span> <span class='ocrx_word' id='word_1_298' title='bbox 462 3589 586 3651; x_wconf 93' lang='lat' dir='ltr'>nomine</span> <span class='ocrx_word' id='word_1_299' title='bbox 601 3588 695 3650; x_wconf 84' lang='lat' dir='ltr'>Putris</span> <span class='ocrx_word' id='word_1_300' title='bbox 706 3634 714 3664; x_wconf 91' lang='lat'>,</span> <span class='ocrx_word' id='word_1_301' title='bbox 725 3593 807 3648; x_wconf 74' lang='lat' dir='ltr'>eto.»</span> <span class='ocrx_word' id='word_1_302' title='bbox 819 3585 970 3646; x_wconf 91' lang='lat' dir='ltr'>Promotio</span> <span class='ocrx_word' id='word_1_303' title='bbox 984 3581 1100 3664; x_wconf 59' lang='lat' dir='ltr'>perficis</span> 
     </span>
     <span class='ocr_line' id='line_1_39' title="bbox 134 3671 982 3754; baseline -0.014 -14"><span class='ocrx_word' id='word_1_304' title='bbox 134 3687 180 3740; x_wconf 76' lang='lat' dir='ltr'>tur</span> <span class='ocrx_word' id='word_1_305' title='bbox 195 3677 378 3741; x_wconf 77' lang='lat' dir='ltr'>annulorum</span> <span class='ocrx_word' id='word_1_306' title='bbox 386 3677 545 3738; x_wconf 83' lang='lat' dir='ltr'>traditione</span> <span class='ocrx_word' id='word_1_307' title='bbox 559 3683 589 3737; x_wconf 87' lang='lat' dir='ltr'>et</span> <span class='ocrx_word' id='word_1_308' title='bbox 602 3675 803 3754; x_wconf 75' lang='lat' dir='ltr'>assignatione</span> <span class='ocrx_word' id='word_1_309' title='bbox 816 3671 982 3732; x_wconf 88' lang='lat' dir='ltr'>titulorum.</span> 
     </span>
    </p>
   </div>
   <div class='ocr_carea' id='block_1_7' title="bbox 0 0 1310 4008">
    <p class='ocr_par' dir='ltr' id='par_1_9' title="bbox 0 0 1310 4008">
     <span class='ocr_line' id='line_1_40' title="bbox 0 0 1310 4008; baseline 0 0"><span class='ocrx_word' id='word_1_310' title='bbox 0 0 1310 4008; x_wconf 95' lang='lat' dir='ltr'> </span> 
     </span>
    </p>
   </div>
  </div>
 </body>
</html>
