<?xml version="1.0" encoding="UTF-8"?>
<!DOCTYPE html PUBLIC "-//W3C//DTD XHTML 1.0 Transitional//EN"
    "http://www.w3.org/TR/xhtml1/DTD/xhtml1-transitional.dtd">
<html xmlns="http://www.w3.org/1999/xhtml" xml:lang="en" lang="en">
 <head>
  <title>
</title>
<meta http-equiv="Content-Type" content="text/html;charset=utf-8" />
  <meta name='ocr-system' content='tesseract 3.04.00' />
  <meta name='ocr-capabilities' content='ocr_page ocr_carea ocr_par ocr_line ocrx_word'/>
</head>
<body>
  <div class='ocr_page' id='page_1' title='image "./manualetotiusju03craigoog_0497.png"; bbox 0 0 2546 3992; ppageno 0'>
   <div class='ocr_carea' id='block_1_1' title="bbox 112 291 1164 3610">
    <p class='ocr_par' dir='ltr' id='par_1_1' title="bbox 179 291 1152 582">
     <span class='ocr_line' id='line_1_1' title="bbox 180 291 932 362; baseline 0.013 -10"><span class='ocrx_word' id='word_1_1' title='bbox 180 291 237 353; x_wconf 84' lang='lat' dir='ltr'><strong>ttt</strong></span> <span class='ocrx_word' id='word_1_2' title='bbox 401 310 539 358; x_wconf 76' lang='lat' dir='ltr'><strong>omniur</strong></span> <span class='ocrx_word' id='word_1_3' title='bbox 558 311 661 360; x_wconf 80' lang='lat' dir='ltr'><strong>nortus</strong></span> <span class='ocrx_word' id='word_1_4' title='bbox 680 313 762 362; x_wconf 84' lang='lat' dir='ltr'><strong>suuis</strong></span> <span class='ocrx_word' id='word_1_5' title='bbox 782 312 932 362; x_wconf 80' lang='lat' dir='ltr'><strong>canorum.</strong></span> 
     </span>
     <span class='ocr_line' id='line_1_2' title="bbox 179 406 1152 495; baseline 0.006 -28"><span class='ocrx_word' id='word_1_6' title='bbox 179 429 193 465; x_wconf 79' lang='lat' dir='ltr'><strong>r</strong></span> <span class='ocrx_word' id='word_1_7' title='bbox 219 407 287 489; x_wconf 93' lang='lat' dir='ltr'><strong>quis</strong></span> <span class='ocrx_word' id='word_1_8' title='bbox 296 406 405 471; x_wconf 88' lang='lat' dir='ltr'><strong>dixerit</strong></span> <span class='ocrx_word' id='word_1_9' title='bbox 418 409 583 492; x_wconf 82' lang='lat' dir='ltr'><strong>Episcopus</strong></span> <span class='ocrx_word' id='word_1_10' title='bbox 597 429 659 473; x_wconf 92' lang='lat' dir='ltr'><strong>non</strong></span> <span class='ocrx_word' id='word_1_11' title='bbox 671 429 736 474; x_wconf 90' lang='lat' dir='ltr'><strong>esse</strong></span> <span class='ocrx_word' id='word_1_12' title='bbox 753 407 935 495; x_wconf 83' lang='lat' dir='ltr'><strong>presbyteris</strong></span> <span class='ocrx_word' id='word_1_13' title='bbox 944 409 1152 493; x_wconf 84' lang='lat' dir='ltr'><strong>superiores...</strong></span> 
     </span>
     <span class='ocr_line' id='line_1_3' title="bbox 179 497 989 582; baseline 0.01 -28"><span class='ocrx_word' id='word_1_14' title='bbox 179 516 193 554; x_wconf 79' lang='grc' dir='ltr'><strong>ι</strong></span> <span class='ocrx_word' id='word_1_15' title='bbox 219 497 380 560; x_wconf 86' lang='lat' dir='ltr'><strong>anathema</strong></span> <span class='ocrx_word' id='word_1_16' title='bbox 394 499 442 560; x_wconf 89' lang='lat' dir='ltr'><strong>sit.</strong></span> <span class='ocrx_word' id='word_1_17' title='bbox 459 521 474 558; x_wconf 84' lang='lat' dir='ltr'><strong>u</strong></span> <span class='ocrx_word' id='word_1_18' title='bbox 492 499 568 561; x_wconf 83' lang='lat' dir='ltr'>Vide</span> <span class='ocrx_word' id='word_1_19' title='bbox 582 501 673 562; x_wconf 87' lang='lat' dir='ltr'><strong>etiam</strong></span> <span class='ocrx_word' id='word_1_20' title='bbox 685 519 751 582; x_wconf 88' lang='lat' dir='ltr'><strong>cap.</strong></span> <span class='ocrx_word' id='word_1_21' title='bbox 768 506 787 562; x_wconf 80' lang='lat' dir='ltr'><strong>t</strong></span> <span class='ocrx_word' id='word_1_22' title='bbox 802 499 898 581; x_wconf 82' lang='lat' dir='ltr'><strong>ejusd.</strong></span> <span class='ocrx_word' id='word_1_23' title='bbox 915 518 989 562; x_wconf 83' lang='lat' dir='ltr'><strong>sess.</strong></span> 
     </span>
    </p>

    <p class='ocr_par' dir='ltr' id='par_1_2' title="bbox 112 587 1158 1734">
     <span class='ocr_line' id='line_1_4' title="bbox 219 587 1158 670; baseline 0.003 -22"><span class='ocrx_word' id='word_1_24' title='bbox 219 587 340 649; x_wconf 76' lang='lat' dir='ltr'><strong>Constat</strong></span> <span class='ocrx_word' id='word_1_25' title='bbox 363 593 394 649; x_wconf 82' lang='lat' dir='ltr'><strong>l⁰</strong></span> <span class='ocrx_word' id='word_1_26' title='bbox 408 607 444 650; x_wconf 83' lang='lat' dir='ltr'><strong>ex</strong></span> <span class='ocrx_word' id='word_1_27' title='bbox 467 588 601 669; x_wconf 85' lang='lat' dir='ltr'><strong>epistplis</strong></span> <span class='ocrx_word' id='word_1_28' title='bbox 626 590 658 651; x_wconf 90' lang='lat' dir='ltr'><strong>S.</strong></span> <span class='ocrx_word' id='word_1_29' title='bbox 683 591 790 670; x_wconf 90' lang='lat' dir='ltr'><strong>lgnatii</strong></span> <span class='ocrx_word' id='word_1_30' title='bbox 814 589 968 670; x_wconf 80' lang='lat' dir='ltr'><strong>martyris,</strong></span> <span class='ocrx_word' id='word_1_31' title='bbox 989 589 1020 650; x_wconf 93' lang='lat' dir='ltr'><strong>in</strong></span> <span class='ocrx_word' id='word_1_32' title='bbox 1043 588 1158 670; x_wconf 86' lang='lat' dir='ltr'><strong>quibus.</strong></span> 
     </span>
     <span class='ocr_line' id='line_1_5' title="bbox 179 674 1156 760; baseline 0.006 -26"><span class='ocrx_word' id='word_1_33' title='bbox 179 674 318 756; x_wconf 73' lang='lat' dir='ltr'>Episcopi</span> <span class='ocrx_word' id='word_1_34' title='bbox 335 675 561 757; x_wconf 87' lang='lat' dir='ltr'><strong>distinguuntur</strong></span> <span class='ocrx_word' id='word_1_35' title='bbox 582 679 598 738; x_wconf 78' lang='lat' dir='ltr'><strong>a</strong></span> <span class='ocrx_word' id='word_1_36' title='bbox 622 678 805 760; x_wconf 83' lang='lat' dir='ltr'><strong>presbyteris</strong></span> <span class='ocrx_word' id='word_1_37' title='bbox 829 679 963 760; x_wconf 83' lang='lat' dir='ltr'>ipsisque</span> <span class='ocrx_word' id='word_1_38' title='bbox 985 678 1156 760; x_wconf 84' lang='lat' dir='ltr'><strong>superiores</strong></span> 
     </span>
     <span class='ocr_line' id='line_1_6' title="bbox 180 763 1157 848; baseline 0.006 -24"><span class='ocrx_word' id='word_1_39' title='bbox 180 763 381 826; x_wconf 84' lang='lat' dir='ltr'><strong>exhibentur:</strong></span> <span class='ocrx_word' id='word_1_40' title='bbox 398 767 521 846; x_wconf 86' lang='lat' dir='ltr'><strong>sicoap.</strong></span> <span class='ocrx_word' id='word_1_41' title='bbox 544 769 563 828; x_wconf 90' lang='lat'>8</span> <span class='ocrx_word' id='word_1_42' title='bbox 578 767 718 848; x_wconf 76' lang='lat' dir='ltr'><strong>Epistulae</strong></span> <span class='ocrx_word' id='word_1_43' title='bbox 736 767 775 828; x_wconf 91' lang='lat' dir='ltr'><strong>ad</strong></span> <span class='ocrx_word' id='word_1_44' title='bbox 795 768 989 848; x_wconf 84' lang='lat' dir='ltr'><strong>Smyrnaeos:</strong></span> <span class='ocrx_word' id='word_1_45' title='bbox 1008 791 1023 827; x_wconf 85' lang='lat' dir='ltr'><strong>n</strong></span> <span class='ocrx_word' id='word_1_46' title='bbox 1044 769 1157 830; x_wconf 89' lang='lat' dir='ltr'><strong>Omnes</strong></span> 
     </span>
     <span class='ocr_line' id='line_1_7' title="bbox 184 853 1156 940; baseline 0.007 -28"><span class='ocrx_word' id='word_1_47' title='bbox 184 874 200 912; x_wconf 77' lang='lat' dir='ltr'><strong>c</strong></span> <span class='ocrx_word' id='word_1_48' title='bbox 219 853 402 936; x_wconf 84' lang='lat' dir='ltr'><strong>Episcopum</strong></span> <span class='ocrx_word' id='word_1_49' title='bbox 417 855 590 935; x_wconf 80' lang='lat' dir='ltr'><strong>sequimini,</strong></span> <span class='ocrx_word' id='word_1_50' title='bbox 606 862 639 916; x_wconf 91' lang='lat' dir='ltr'><strong>ut</strong></span> <span class='ocrx_word' id='word_1_51' title='bbox 652 855 1019 928; x_wconf 80' lang='lat' dir='ltr'><strong>JesusChristusPatrem,</strong></span> <span class='ocrx_word' id='word_1_52' title='bbox 1031 864 1061 920; x_wconf 88' lang='lat' dir='ltr'><strong>et</strong></span> <span class='ocrx_word' id='word_1_53' title='bbox 1075 875 1156 940; x_wconf 79' lang='lat' dir='ltr'><strong>pres</strong></span> 
     </span>
     <span class='ocr_line' id='line_1_8' title="bbox 181 942 1157 1024; baseline 0.006 -22"><span class='ocrx_word' id='word_1_54' title='bbox 181 963 197 1002; x_wconf 79' lang='lat' dir='ltr'><strong>r</strong></span> <span class='ocrx_word' id='word_1_55' title='bbox 220 942 369 1024; x_wconf 86' lang='lat' dir='ltr'><strong>byterium</strong></span> <span class='ocrx_word' id='word_1_56' title='bbox 383 950 416 1005; x_wconf 92' lang='lat' dir='ltr'><strong>ut</strong></span> <span class='ocrx_word' id='word_1_57' title='bbox 428 944 602 1024; x_wconf 59' lang='lat' dir='ltr'><strong>apostolom</strong></span> <span class='ocrx_word' id='word_1_58' title='bbox 617 943 761 1006; x_wconf 89' lang='lat' dir='ltr'><strong>diaconos</strong></span> <span class='ocrx_word' id='word_1_59' title='bbox 775 953 876 1008; x_wconf 89' lang='lat' dir='ltr'><strong>autem</strong></span> <span class='ocrx_word' id='word_1_60' title='bbox 893 946 1107 1022; x_wconf 82' lang='lat' dir='ltr'><strong>revereamini,</strong></span> <span class='ocrx_word' id='word_1_61' title='bbox 1123 955 1157 1008; x_wconf 91' lang='lat' dir='ltr'><strong>ut</strong></span> 
     </span>
     <span class='ocr_line' id='line_1_9' title="bbox 182 1031 1157 1116; baseline 0.005 -25"><span class='ocrx_word' id='word_1_62' title='bbox 182 1053 196 1091; x_wconf 81' lang='lat' dir='ltr'><strong>u</strong></span> <span class='ocrx_word' id='word_1_63' title='bbox 219 1033 271 1092; x_wconf 89' lang='lat' dir='ltr'><strong>Dei</strong></span> <span class='ocrx_word' id='word_1_64' title='bbox 288 1031 475 1094; x_wconf 83' lang='lat' dir='ltr'><strong>mandatum.</strong></span> <span class='ocrx_word' id='word_1_65' title='bbox 487 1055 502 1090; x_wconf 78' lang='lat' dir='ltr'><strong>u</strong></span> <span class='ocrx_word' id='word_1_66' title='bbox 519 1035 554 1094; x_wconf 94' lang='lat' dir='ltr'><strong>ln</strong></span> <span class='ocrx_word' id='word_1_67' title='bbox 565 1033 698 1114; x_wconf 78' lang='lat' dir='ltr'><strong>Epistola</strong></span> <span class='ocrx_word' id='word_1_68' title='bbox 708 1032 747 1096; x_wconf 89' lang='lat' dir='ltr'><strong>ad</strong></span> <span class='ocrx_word' id='word_1_69' title='bbox 757 1034 968 1116; x_wconf 82' lang='lat' dir='ltr'><strong>blegnesianos</strong></span> <span class='ocrx_word' id='word_1_70' title='bbox 978 1034 1105 1116; x_wconf 92' lang='lat' dir='ltr'><strong>loquens</strong></span> <span class='ocrx_word' id='word_1_71' title='bbox 1117 1035 1157 1096; x_wconf 84' lang='lat' dir='ltr'><strong>dc</strong></span> 
     </span>
     <span class='ocr_line' id='line_1_10' title="bbox 183 1120 1158 1204; baseline 0.003 -22"><span class='ocrx_word' id='word_1_72' title='bbox 183 1120 274 1182; x_wconf 81' lang='lat' dir='ltr'><strong>Dama</strong></span> <span class='ocrx_word' id='word_1_73' title='bbox 288 1121 409 1185; x_wconf 89' lang='lat' dir='ltr'><strong>illomm</strong></span> <span class='ocrx_word' id='word_1_74' title='bbox 423 1121 584 1204; x_wconf 84' lang='lat' dir='ltr'><strong>Episcopo,</strong></span> <span class='ocrx_word' id='word_1_75' title='bbox 601 1123 644 1185; x_wconf 89' lang='lat' dir='ltr'><strong>sic</strong></span> <span class='ocrx_word' id='word_1_76' title='bbox 658 1121 748 1185; x_wconf 88' lang='lat' dir='ltr'><strong>habet</strong></span> <span class='ocrx_word' id='word_1_77' title='bbox 764 1142 772 1183; x_wconf 76' lang='grc' dir='ltr'><strong><em>ε</em></strong></span> <span class='ocrx_word' id='word_1_78' title='bbox 792 1145 807 1182; x_wconf 80' lang='lat' dir='ltr'><strong>a</strong></span> <span class='ocrx_word' id='word_1_79' title='bbox 821 1125 882 1185; x_wconf 89' lang='lat' dir='ltr'><strong>Vos</strong></span> <span class='ocrx_word' id='word_1_80' title='bbox 896 1123 982 1186; x_wconf 91' lang='lat' dir='ltr'><strong>decet</strong></span> <span class='ocrx_word' id='word_1_81' title='bbox 996 1141 1058 1185; x_wconf 91' lang='lat' dir='ltr'><strong>non</strong></span> <span class='ocrx_word' id='word_1_82' title='bbox 1073 1122 1158 1186; x_wconf 85' lang='lat' dir='ltr'><strong>iami-</strong></span> 
     </span>
     <span class='ocr_line' id='line_1_11' title="bbox 112 1208 1156 1294; baseline 0.002 -22"><span class='ocrx_word' id='word_1_83' title='bbox 112 1269 114 1272; x_wconf 84' lang='grc'><strong>,</strong></span> <span class='ocrx_word' id='word_1_84' title='bbox 182 1231 198 1270; x_wconf 76' lang='grc' dir='ltr'><strong>ι</strong></span> <span class='ocrx_word' id='word_1_85' title='bbox 220 1208 323 1273; x_wconf 86' lang='lat' dir='ltr'><strong>liariiis</strong></span> <span class='ocrx_word' id='word_1_86' title='bbox 330 1229 365 1274; x_wconf 89' lang='lat' dir='ltr'><strong>ac</strong></span> <span class='ocrx_word' id='word_1_87' title='bbox 379 1211 509 1294; x_wconf 76' lang='lat' dir='ltr'><strong>superbe</strong></span> <span class='ocrx_word' id='word_1_88' title='bbox 517 1213 560 1273; x_wconf 92' lang='lat' dir='ltr'><strong>uti</strong></span> <span class='ocrx_word' id='word_1_89' title='bbox 571 1217 655 1273; x_wconf 75' lang='lat' dir='ltr'><strong>atate</strong></span> <span class='ocrx_word' id='word_1_90' title='bbox 665 1211 799 1292; x_wconf 68' lang='lat' dir='ltr'><strong>(juniori)</strong></span> <span class='ocrx_word' id='word_1_91' title='bbox 810 1211 1033 1294; x_wconf 80' lang='lat' dir='ltr'><strong>Episcopi3sed</strong></span> <span class='ocrx_word' id='word_1_92' title='bbox 1047 1231 1156 1274; x_wconf 89' lang='lat' dir='ltr'><strong>secun-</strong></span> 
     </span>
     <span class='ocr_line' id='line_1_12' title="bbox 181 1299 1155 1382; baseline 0.005 -24"><span class='ocrx_word' id='word_1_93' title='bbox 181 1321 195 1358; x_wconf 83' lang='lat' dir='ltr'><strong>n</strong></span> <span class='ocrx_word' id='word_1_94' title='bbox 220 1299 1155 1382; x_wconf 86' lang='lat' dir='ltr'><strong>dbmvirtutemDeiPatrisomnemimpertiriillirevcrentiam:</strong></span> 
     </span>
     <span class='ocr_line' id='line_1_13' title="bbox 180 1389 1157 1472; baseline 0.004 -23"><span class='ocrx_word' id='word_1_95' title='bbox 180 1411 196 1449; x_wconf 78' lang='lat' dir='ltr'><strong>r</strong></span> <span class='ocrx_word' id='word_1_96' title='bbox 220 1389 553 1471; x_wconf 87' lang='lat' dir='ltr'><strong>quemadmodumnovi</strong></span> <span class='ocrx_word' id='word_1_97' title='bbox 568 1397 681 1450; x_wconf 86' lang='lat' dir='ltr'><strong>sanctos</strong></span> <span class='ocrx_word' id='word_1_98' title='bbox 689 1389 998 1472; x_wconf 78' lang='lat' dir='ltr'><strong>facerepresbptcrcc,</strong></span> <span class='ocrx_word' id='word_1_99' title='bbox 1018 1409 1079 1453; x_wconf 92' lang='lat' dir='ltr'><strong>non</strong></span> <span class='ocrx_word' id='word_1_100' title='bbox 1092 1410 1157 1453; x_wconf 91' lang='lat' dir='ltr'><strong>res·</strong></span> 
     </span>
     <span class='ocr_line' id='line_1_14' title="bbox 181 1479 1157 1560; baseline 0.004 -22"><span class='ocrx_word' id='word_1_101' title='bbox 181 1501 196 1538; x_wconf 78' lang='lat' dir='ltr'><strong>a</strong></span> <span class='ocrx_word' id='word_1_102' title='bbox 220 1479 1157 1560; x_wconf 74' lang='lat' dir='ltr'><strong>picientesadapparentemiuvenilemordinationem...»Vide</strong></span> 
     </span>
     <span class='ocr_line' id='line_1_15' title="bbox 181 1567 1156 1652; baseline 0 -22"><span class='ocrx_word' id='word_1_103' title='bbox 181 1569 254 1630; x_wconf 89' lang='lat' dir='ltr'><strong>alios</strong></span> <span class='ocrx_word' id='word_1_104' title='bbox 267 1577 365 1631; x_wconf 86' lang='lat' dir='ltr'><strong>textus</strong></span> <span class='ocrx_word' id='word_1_105' title='bbox 385 1567 523 1648; x_wconf 82' lang='lat' dir='ltr'><strong>ejusdem</strong></span> <span class='ocrx_word' id='word_1_106' title='bbox 546 1568 663 1647; x_wconf 80' lang='lat' dir='ltr'><strong>Sancti,</strong></span> <span class='ocrx_word' id='word_1_107' title='bbox 678 1587 728 1651; x_wconf 89' lang='lat' dir='ltr'><strong>ap.</strong></span> <span class='ocrx_word' id='word_1_108' title='bbox 752 1570 788 1630; x_wconf 80' lang='lat' dir='ltr'><strong>l).</strong></span> <span class='ocrx_word' id='word_1_109' title='bbox 811 1568 922 1648; x_wconf 90' lang='lat' dir='ltr'><strong>Bouix,</strong></span> <span class='ocrx_word' id='word_1_110' title='bbox 939 1569 982 1632; x_wconf 85' lang='lat' dir='ltr'><strong>De</strong></span> <span class='ocrx_word' id='word_1_111' title='bbox 993 1569 1156 1652; x_wconf 78' lang='lat' dir='ltr'><strong>Episcopo,</strong></span> 
     </span>
     <span class='ocr_line' id='line_1_16' title="bbox 181 1661 398 1734; baseline 0 -16"><span class='ocrx_word' id='word_1_112' title='bbox 181 1665 202 1718; x_wconf 81' lang='lat' dir='ltr'><strong>i.</strong></span> <span class='ocrx_word' id='word_1_113' title='bbox 221 1663 252 1734; x_wconf 88' lang='lat' dir='ltr'><strong>t,</strong></span> <span class='ocrx_word' id='word_1_114' title='bbox 294 1661 398 1720; x_wconf 68' lang='lat' dir='ltr'><strong>aaa.</strong></span> 
     </span>
    </p>

    <p class='ocr_par' dir='ltr' id='par_1_3' title="bbox 181 1677 1160 2454">
     <span class='ocr_line' id='line_1_17' title="bbox 220 1677 1157 1831; baseline 0.005 -24"><span class='ocrx_word' id='word_1_115' title='bbox 220 1677 294 1807; x_wconf 71' lang='lat' dir='ltr'><strong>iterii</strong></span> <span class='ocrx_word' id='word_1_116' title='bbox 309 1753 424 1808; x_wconf 90' lang='lat' dir='ltr'><strong>constat</strong></span> <span class='ocrx_word' id='word_1_117' title='bbox 438 1765 474 1808; x_wconf 89' lang='lat' dir='ltr'><strong>ex</strong></span> <span class='ocrx_word' id='word_1_118' title='bbox 488 1748 519 1809; x_wconf 86' lang='lat' dir='ltr'><strong>S.</strong></span> <span class='ocrx_word' id='word_1_119' title='bbox 536 1747 685 1829; x_wconf 81' lang='lat' dir='ltr'><strong>Cypriano</strong></span> <span class='ocrx_word' id='word_1_120' title='bbox 699 1747 742 1826; x_wconf 86' lang='lat' dir='ltr'><strong>(in</strong></span> <span class='ocrx_word' id='word_1_121' title='bbox 756 1747 890 1830; x_wconf 76' lang='lat' dir='ltr'><strong>Epistola</strong></span> <span class='ocrx_word' id='word_1_122' title='bbox 904 1751 954 1825; x_wconf 90' lang='lat' dir='ltr'><strong>ll,</strong></span> <span class='ocrx_word' id='word_1_123' title='bbox 970 1767 1001 1831; x_wconf 89' lang='lat' dir='ltr'><strong>p.</strong></span> <span class='ocrx_word' id='word_1_124' title='bbox 1017 1751 1068 1826; x_wconf 77' lang='lat' dir='ltr'><strong>at,</strong></span> <span class='ocrx_word' id='word_1_125' title='bbox 1083 1747 1157 1812; x_wconf 90' lang='lat' dir='ltr'><strong>edit.</strong></span> 
     </span>
     <span class='ocr_line' id='line_1_18' title="bbox 183 1836 1158 1920; baseline 0.004 -24"><span class='ocrx_word' id='word_1_126' title='bbox 183 1836 295 1914; x_wconf 82' lang='lat' dir='ltr'><strong>Baiuz.)</strong></span> <span class='ocrx_word' id='word_1_127' title='bbox 312 1855 320 1896; x_wconf 80' lang='lat' dir='ltr'><strong>t</strong></span> <span class='ocrx_word' id='word_1_128' title='bbox 342 1857 357 1894; x_wconf 84' lang='lat' dir='ltr'><strong>o</strong></span> <span class='ocrx_word' id='word_1_129' title='bbox 381 1836 479 1898; x_wconf 86' lang='lat' dir='ltr'><strong>Audio</strong></span> <span class='ocrx_word' id='word_1_130' title='bbox 493 1837 640 1917; x_wconf 88' lang='lat' dir='ltr'><strong>quosdam</strong></span> <span class='ocrx_word' id='word_1_131' title='bbox 663 1837 701 1900; x_wconf 90' lang='lat' dir='ltr'><strong>de</strong></span> <span class='ocrx_word' id='word_1_132' title='bbox 715 1837 917 1920; x_wconf 88' lang='lat' dir='ltr'><strong>presbyteris,</strong></span> <span class='ocrx_word' id='word_1_133' title='bbox 934 1855 991 1900; x_wconf 85' lang='lat' dir='ltr'><strong>nec</strong></span> <span class='ocrx_word' id='word_1_134' title='bbox 1003 1837 1158 1919; x_wconf 79' lang='lat' dir='ltr'><strong>Evangelii</strong></span> 
     </span>
     <span class='ocr_line' id='line_1_19' title="bbox 181 1925 1158 2009; baseline 0.002 -23"><span class='ocrx_word' id='word_1_135' title='bbox 181 1948 196 1986; x_wconf 78' lang='lat' dir='ltr'><strong>r</strong></span> <span class='ocrx_word' id='word_1_136' title='bbox 221 1943 392 2002; x_wconf 86' lang='lat' dir='ltr'><strong>memores,</strong></span> <span class='ocrx_word' id='word_1_137' title='bbox 414 1943 470 1988; x_wconf 89' lang='lat' dir='ltr'><strong>nec</strong></span> <span class='ocrx_word' id='word_1_138' title='bbox 484 1925 557 2006; x_wconf 92' lang='lat' dir='ltr'><strong>quid</strong></span> <span class='ocrx_word' id='word_1_139' title='bbox 578 1925 615 1986; x_wconf 88' lang='lat' dir='ltr'><strong>ad</strong></span> <span class='ocrx_word' id='word_1_140' title='bbox 640 1945 694 1988; x_wconf 91' lang='lat' dir='ltr'><strong>nos</strong></span> <span class='ocrx_word' id='word_1_141' title='bbox 717 1933 863 2008; x_wconf 80' lang='lat' dir='ltr'><strong>martyres</strong></span> <span class='ocrx_word' id='word_1_142' title='bbox 883 1927 1057 2009; x_wconf 81' lang='lat' dir='ltr'><strong>scripserint</strong></span> <span class='ocrx_word' id='word_1_143' title='bbox 1074 1928 1158 2008; x_wconf 87' lang='lat' dir='ltr'><strong>cogi-</strong></span> 
     </span>
     <span class='ocr_line' id='line_1_20' title="bbox 182 2014 1160 2096; baseline 0.004 -22"><span class='ocrx_word' id='word_1_144' title='bbox 182 2035 197 2074; x_wconf 81' lang='lat' dir='ltr'><strong>u</strong></span> <span class='ocrx_word' id='word_1_145' title='bbox 220 2020 331 2086; x_wconf 79' lang='lat' dir='ltr'><strong>onies,</strong></span> <span class='ocrx_word' id='word_1_146' title='bbox 348 2032 405 2076; x_wconf 90' lang='lat' dir='ltr'><strong>nec</strong></span> <span class='ocrx_word' id='word_1_147' title='bbox 418 2015 564 2096; x_wconf 80' lang='lat' dir='ltr'><strong>Episcopo</strong></span> <span class='ocrx_word' id='word_1_148' title='bbox 578 2014 711 2076; x_wconf 80' lang='lat' dir='ltr'><strong>bonorem</strong></span> <span class='ocrx_word' id='word_1_149' title='bbox 725 2015 884 2077; x_wconf 82' lang='lat' dir='ltr'><strong>sacerdotii</strong></span> <span class='ocrx_word' id='word_1_150' title='bbox 895 2016 943 2078; x_wconf 82' lang='lat' dir='ltr'><strong>sui</strong></span> <span class='ocrx_word' id='word_1_151' title='bbox 960 2023 990 2077; x_wconf 85' lang='lat' dir='ltr'><strong>et</strong></span> <span class='ocrx_word' id='word_1_152' title='bbox 1005 2015 1160 2079; x_wconf 78' lang='lat' dir='ltr'><strong>Catledrae</strong></span> 
     </span>
     <span class='ocr_line' id='line_1_21' title="bbox 183 2103 1157 2187; baseline 0.008 -25"><span class='ocrx_word' id='word_1_153' title='bbox 183 2125 198 2161; x_wconf 82' lang='lat' dir='ltr'><strong>u</strong></span> <span class='ocrx_word' id='word_1_154' title='bbox 221 2111 411 2180; x_wconf 69' lang='lat' dir='ltr'><strong>reservantes,</strong></span> <span class='ocrx_word' id='word_1_155' title='bbox 418 2105 480 2182; x_wconf 89' lang='lat' dir='ltr'><strong>jam</strong></span> <span class='ocrx_word' id='word_1_156' title='bbox 491 2121 561 2166; x_wconf 89' lang='lat' dir='ltr'><strong>cum</strong></span> <span class='ocrx_word' id='word_1_157' title='bbox 571 2103 659 2184; x_wconf 90' lang='lat' dir='ltr'><strong>lapsis</strong></span> <span class='ocrx_word' id='word_1_158' title='bbox 669 2106 895 2168; x_wconf 86' lang='lat' dir='ltr'><strong>communicare</strong></span> <span class='ocrx_word' id='word_1_159' title='bbox 905 2105 1157 2187; x_wconf 71' lang='lat' dir='ltr'><strong>coepisses-Ex</strong></span> 
     </span>
     <span class='ocr_line' id='line_1_22' title="bbox 181 2192 1159 2275; baseline -0.002 -17"><span class='ocrx_word' id='word_1_160' title='bbox 181 2193 304 2258; x_wconf 83' lang='lat' dir='ltr'><strong>Tertull.</strong></span> <span class='ocrx_word' id='word_1_161' title='bbox 317 2241 324 2270; x_wconf 93' lang='lat'><strong>,</strong></span> <span class='ocrx_word' id='word_1_162' title='bbox 337 2193 405 2254; x_wconf 89' lang='lat' dir='ltr'><strong>libr.</strong></span> <span class='ocrx_word' id='word_1_163' title='bbox 421 2192 455 2254; x_wconf 87' lang='lat' dir='ltr'><strong>dc</strong></span> <span class='ocrx_word' id='word_1_164' title='bbox 470 2193 632 2274; x_wconf 75' lang='lat' dir='ltr'><strong>Baptistae,</strong></span> <span class='ocrx_word' id='word_1_165' title='bbox 648 2211 676 2254; x_wconf 90' lang='lat' dir='ltr'><strong>c.</strong></span> <span class='ocrx_word' id='word_1_166' title='bbox 700 2197 736 2254; x_wconf 87' lang='lat' dir='ltr'><strong>t&#39;t</strong></span> <span class='ocrx_word' id='word_1_167' title='bbox 754 2213 761 2254; x_wconf 94' lang='lat'><strong>:</strong></span> <span class='ocrx_word' id='word_1_168' title='bbox 781 2215 797 2251; x_wconf 82' lang='lat' dir='ltr'><strong>a</strong></span> <span class='ocrx_word' id='word_1_169' title='bbox 818 2193 916 2255; x_wconf 88' lang='lat' dir='ltr'><strong>Dandi</strong></span> <span class='ocrx_word' id='word_1_170' title='bbox 930 2193 1056 2275; x_wconf 87' lang='lat' dir='ltr'><strong>quidem</strong></span> <span class='ocrx_word' id='word_1_171' title='bbox 1069 2192 1159 2257; x_wconf 89' lang='lat' dir='ltr'><strong>habet</strong></span> 
     </span>
     <span class='ocr_line' id='line_1_23' title="bbox 182 2281 1157 2364; baseline 0.004 -22"><span class='ocrx_word' id='word_1_172' title='bbox 182 2305 197 2342; x_wconf 81' lang='lat' dir='ltr'><strong>n</strong></span> <span class='ocrx_word' id='word_1_173' title='bbox 219 2285 270 2362; x_wconf 87' lang='lat' dir='ltr'><strong>jus</strong></span> <span class='ocrx_word' id='word_1_174' title='bbox 283 2300 422 2345; x_wconf 92' lang='lat' dir='ltr'><strong>summus</strong></span> <span class='ocrx_word' id='word_1_175' title='bbox 437 2281 593 2356; x_wconf 88' lang='lat' dir='ltr'><strong>sacerdos,</strong></span> <span class='ocrx_word' id='word_1_176' title='bbox 619 2281 671 2362; x_wconf 88' lang='lat' dir='ltr'><strong>qui</strong></span> <span class='ocrx_word' id='word_1_177' title='bbox 693 2287 739 2344; x_wconf 88' lang='lat' dir='ltr'><strong>est</strong></span> <span class='ocrx_word' id='word_1_178' title='bbox 752 2281 934 2363; x_wconf 84' lang='lat' dir='ltr'><strong>Episcopus,</strong></span> <span class='ocrx_word' id='word_1_179' title='bbox 949 2281 1060 2346; x_wconf 83' lang='lat' dir='ltr'><strong>dehinc</strong></span> <span class='ocrx_word' id='word_1_180' title='bbox 1074 2301 1157 2364; x_wconf 88' lang='lat' dir='ltr'><strong>pres·</strong></span> 
     </span>
     <span class='ocr_line' id='line_1_24' title="bbox 182 2367 1154 2454; baseline 0 -22"><span class='ocrx_word' id='word_1_181' title='bbox 182 2396 197 2432; x_wconf 86' lang='lat' dir='ltr'><strong>u</strong></span> <span class='ocrx_word' id='word_1_182' title='bbox 221 2373 317 2454; x_wconf 78' lang='lat' dir='ltr'><strong>byteri</strong></span> <span class='ocrx_word' id='word_1_183' title='bbox 328 2379 359 2434; x_wconf 87' lang='lat' dir='ltr'><strong>et</strong></span> <span class='ocrx_word' id='word_1_184' title='bbox 372 2371 510 2446; x_wconf 90' lang='lat' dir='ltr'><strong>diaconi,</strong></span> <span class='ocrx_word' id='word_1_185' title='bbox 527 2388 588 2432; x_wconf 90' lang='lat' dir='ltr'><strong>non</strong></span> <span class='ocrx_word' id='word_1_186' title='bbox 602 2377 704 2432; x_wconf 86' lang='lat' dir='ltr'><strong>tamen</strong></span> <span class='ocrx_word' id='word_1_187' title='bbox 718 2370 781 2432; x_wconf 74' lang='lat' dir='ltr'><strong>sine</strong></span> <span class='ocrx_word' id='word_1_188' title='bbox 790 2370 933 2454; x_wconf 82' lang='lat' dir='ltr'><strong>Episcopi</strong></span> <span class='ocrx_word' id='word_1_189' title='bbox 941 2367 1154 2433; x_wconf 58' lang='lat' dir='ltr'><strong>anatomicam</strong></span> 
     </span>
    </p>

    <p class='ocr_par' dir='ltr' id='par_1_4' title="bbox 183 2459 1160 2900">
     <span class='ocr_line' id='line_1_25' title="bbox 223 2459 1160 2541; baseline -0.001 -17"><span class='ocrx_word' id='word_1_190' title='bbox 223 2463 342 2525; x_wconf 86' lang='lat' dir='ltr'><strong>Probat.</strong></span> <span class='ocrx_word' id='word_1_191' title='bbox 354 2466 386 2523; x_wconf 76' lang='grc' dir='ltr'><strong>2ο</strong></span> <span class='ocrx_word' id='word_1_192' title='bbox 398 2461 487 2523; x_wconf 90' lang='lat' dir='ltr'><strong>etiam</strong></span> <span class='ocrx_word' id='word_1_193' title='bbox 500 2478 537 2522; x_wconf 84' lang='lat' dir='ltr'><strong>ex</strong></span> <span class='ocrx_word' id='word_1_194' title='bbox 548 2477 584 2521; x_wconf 89' lang='lat' dir='ltr'><strong>eo</strong></span> <span class='ocrx_word' id='word_1_195' title='bbox 594 2460 675 2541; x_wconf 89' lang='lat' dir='ltr'><strong>qudd</strong></span> <span class='ocrx_word' id='word_1_196' title='bbox 685 2460 914 2536; x_wconf 75' lang='lat' dir='ltr'><strong>assertionem,</strong></span> <span class='ocrx_word' id='word_1_197' title='bbox 928 2459 1064 2521; x_wconf 79' lang='lat' dir='ltr'><strong>analium</strong></span> <span class='ocrx_word' id='word_1_198' title='bbox 1080 2460 1160 2524; x_wconf 76' lang='lat' dir='ltr'><strong>intes·</strong></span> 
     </span>
     <span class='ocr_line' id='line_1_26' title="bbox 183 2547 1159 2634; baseline -0.001 -23"><span class='ocrx_word' id='word_1_199' title='bbox 183 2575 197 2611; x_wconf 85' lang='lat' dir='ltr'><strong>n</strong></span> <span class='ocrx_word' id='word_1_200' title='bbox 222 2561 377 2634; x_wconf 85' lang='lat' dir='ltr'><strong>utrumque</strong></span> <span class='ocrx_word' id='word_1_201' title='bbox 393 2550 612 2632; x_wconf 86' lang='lat' dir='ltr'><strong>(presbyterum</strong></span> <span class='ocrx_word' id='word_1_202' title='bbox 625 2555 654 2610; x_wconf 93' lang='lat' dir='ltr'><strong>et</strong></span> <span class='ocrx_word' id='word_1_203' title='bbox 668 2549 862 2630; x_wconf 86' lang='lat' dir='ltr'><strong>Episcopum)</strong></span> <span class='ocrx_word' id='word_1_204' title='bbox 872 2547 1028 2611; x_wconf 85' lang='lat' dir='ltr'><strong>discrimen</strong></span> <span class='ocrx_word' id='word_1_205' title='bbox 1040 2558 1101 2625; x_wconf 85' lang='lat' dir='ltr'><strong>cst;</strong></span> <span class='ocrx_word' id='word_1_206' title='bbox 1116 2561 1159 2612; x_wconf 88' lang='lat' dir='ltr'><strong>est</strong></span> 
     </span>
     <span class='ocr_line' id='line_1_27' title="bbox 183 2637 1158 2720; baseline 0.004 -20"><span class='ocrx_word' id='word_1_207' title='bbox 183 2664 198 2700; x_wconf 86' lang='lat' dir='ltr'><strong>n</strong></span> <span class='ocrx_word' id='word_1_208' title='bbox 222 2643 299 2702; x_wconf 83' lang='lat' dir='ltr'><strong>anim</strong></span> <span class='ocrx_word' id='word_1_209' title='bbox 313 2640 543 2702; x_wconf 80' lang='lat' dir='ltr'><strong>omloramooos</strong></span> <span class='ocrx_word' id='word_1_210' title='bbox 552 2637 632 2708; x_wconf 83' lang='lat' dir='ltr'><strong>ordo,</strong></span> <span class='ocrx_word' id='word_1_211' title='bbox 645 2645 740 2720; x_wconf 85' lang='lat' dir='ltr'><strong>paret</strong></span> <span class='ocrx_word' id='word_1_212' title='bbox 754 2637 829 2700; x_wconf 83' lang='lat' dir='ltr'><strong>idem</strong></span> <span class='ocrx_word' id='word_1_213' title='bbox 843 2639 934 2698; x_wconf 84' lang='lat' dir='ltr'><strong>bonor</strong></span> <span class='ocrx_word' id='word_1_214' title='bbox 943 2658 978 2699; x_wconf 88' lang='lat' dir='ltr'><strong>nc</strong></span> <span class='ocrx_word' id='word_1_215' title='bbox 986 2637 1158 2720; x_wconf 69' lang='lat' dir='ltr'><strong>dignitas»,</strong></span> 
     </span>
     <span class='ocr_line' id='line_1_28' title="bbox 188 2725 1159 2810; baseline 0.001 -20"><span class='ocrx_word' id='word_1_216' title='bbox 188 2731 304 2807; x_wconf 86' lang='lat' dir='ltr'><strong>statim,</strong></span> <span class='ocrx_word' id='word_1_217' title='bbox 315 2739 458 2810; x_wconf 86' lang='lat' dir='ltr'><strong>tanquam</strong></span> <span class='ocrx_word' id='word_1_218' title='bbox 469 2727 590 2789; x_wconf 80' lang='lat' dir='ltr'><strong>haeresis</strong></span> <span class='ocrx_word' id='word_1_219' title='bbox 600 2725 758 2788; x_wconf 85' lang='lat' dir='ltr'><strong>nianiiesta</strong></span> <span class='ocrx_word' id='word_1_220' title='bbox 767 2727 876 2806; x_wconf 85' lang='lat' dir='ltr'><strong>rejecta</strong></span> <span class='ocrx_word' id='word_1_221' title='bbox 887 2727 988 2802; x_wconf 86' lang='lat' dir='ltr'><strong>tuerit,</strong></span> <span class='ocrx_word' id='word_1_222' title='bbox 1001 2734 1159 2791; x_wconf 85' lang='lat' dir='ltr'><strong>utconstot</strong></span> 
     </span>
     <span class='ocr_line' id='line_1_29' title="bbox 184 2817 1156 2900; baseline -0.004 -18"><span class='ocrx_word' id='word_1_223' title='bbox 184 2839 219 2882; x_wconf 84' lang='lat' dir='ltr'><strong>ex</strong></span> <span class='ocrx_word' id='word_1_224' title='bbox 242 2821 274 2882; x_wconf 89' lang='lat' dir='ltr'><strong>S.</strong></span> <span class='ocrx_word' id='word_1_225' title='bbox 295 2817 464 2900; x_wconf 87' lang='lat' dir='ltr'><strong>Epiphanio</strong></span> <span class='ocrx_word' id='word_1_226' title='bbox 478 2817 529 2898; x_wconf 93' lang='lat' dir='ltr'><strong>qui</strong></span> <span class='ocrx_word' id='word_1_227' title='bbox 546 2817 627 2878; x_wconf 91' lang='lat' dir='ltr'><strong>illam</strong></span> <span class='ocrx_word' id='word_1_228' title='bbox 643 2817 894 2898; x_wconf 88' lang='lat' dir='ltr'><strong>septuagesimam</strong></span> <span class='ocrx_word' id='word_1_229' title='bbox 909 2817 1047 2897; x_wconf 90' lang='lat' dir='ltr'><strong>quintam</strong></span> <span class='ocrx_word' id='word_1_230' title='bbox 1060 2825 1156 2880; x_wconf 87' lang='lat' dir='ltr'><strong>vocat.</strong></span> 
     </span>
    </p>

    <p class='ocr_par' dir='ltr' id='par_1_5' title="bbox 183 2905 1164 3610">
     <span class='ocr_line' id='line_1_30' title="bbox 223 2905 1158 2989; baseline -0.001 -19"><span class='ocrx_word' id='word_1_231' title='bbox 223 2909 346 2970; x_wconf 87' lang='lat' dir='ltr'><strong>Probari</strong></span> <span class='ocrx_word' id='word_1_232' title='bbox 361 2913 461 2989; x_wconf 89' lang='lat' dir='ltr'><strong>posset</strong></span> <span class='ocrx_word' id='word_1_233' title='bbox 475 2906 577 2968; x_wconf 92' lang='lat' dir='ltr'><strong>multis</strong></span> <span class='ocrx_word' id='word_1_234' title='bbox 591 2905 655 2967; x_wconf 89' lang='lat' dir='ltr'><strong>aliis</strong></span> <span class='ocrx_word' id='word_1_235' title='bbox 670 2905 855 2987; x_wconf 86' lang='lat' dir='ltr'><strong>argumentis</strong></span> <span class='ocrx_word' id='word_1_236' title='bbox 873 2907 890 2967; x_wconf 75' lang='lat' dir='ltr'><strong>a</strong></span> <span class='ocrx_word' id='word_1_237' title='bbox 912 2907 947 2966; x_wconf 88' lang='lat' dir='ltr'><strong>D.</strong></span> <span class='ocrx_word' id='word_1_238' title='bbox 974 2907 1071 2968; x_wconf 86' lang='lat' dir='ltr'><strong>Bouix</strong></span> <span class='ocrx_word' id='word_1_239' title='bbox 1090 2925 1158 2970; x_wconf 88' lang='lat' dir='ltr'><strong>coa-</strong></span> 
     </span>
     <span class='ocr_line' id='line_1_31' title="bbox 183 2993 1160 3076; baseline -0.002 -16"><span class='ocrx_word' id='word_1_240' title='bbox 183 2998 326 3075; x_wconf 87' lang='lat' dir='ltr'><strong>cervatis,</strong></span> <span class='ocrx_word' id='word_1_241' title='bbox 357 3014 393 3058; x_wconf 93' lang='lat' dir='ltr'><strong>eo</strong></span> <span class='ocrx_word' id='word_1_242' title='bbox 415 2995 581 3076; x_wconf 70' lang='lat' dir='ltr'><strong>presertim</strong></span> <span class='ocrx_word' id='word_1_243' title='bbox 602 2994 685 3075; x_wconf 89' lang='lat' dir='ltr'><strong>qubd</strong></span> <span class='ocrx_word' id='word_1_244' title='bbox 707 2997 724 3056; x_wconf 76' lang='lat' dir='ltr'><strong>a</strong></span> <span class='ocrx_word' id='word_1_245' title='bbox 752 2993 858 3076; x_wconf 90' lang='lat' dir='ltr'><strong>primis</strong></span> <span class='ocrx_word' id='word_1_246' title='bbox 877 2995 1018 3056; x_wconf 85' lang='lat' dir='ltr'><strong>Ecclesiae</strong></span> <span class='ocrx_word' id='word_1_247' title='bbox 1042 2997 1160 3058; x_wconf 79' lang='lat' dir='ltr'><strong>saeculis</strong></span> 
     </span>
     <span class='ocr_line' id='line_1_32' title="bbox 183 3083 1159 3165; baseline -0.004 -17"><span class='ocrx_word' id='word_1_248' title='bbox 183 3093 390 3149; x_wconf 86' lang='lat' dir='ltr'><strong>contexeretur</strong></span> <span class='ocrx_word' id='word_1_249' title='bbox 408 3085 548 3147; x_wconf 77' lang='lat' dir='ltr'><strong>accurate</strong></span> <span class='ocrx_word' id='word_1_250' title='bbox 561 3083 714 3165; x_wconf 84' lang='lat' dir='ltr'><strong>catalogus</strong></span> <span class='ocrx_word' id='word_1_251' title='bbox 730 3084 949 3164; x_wconf 88' lang='lat' dir='ltr'><strong>Episcoporum</strong></span> <span class='ocrx_word' id='word_1_252' title='bbox 970 3083 1159 3165; x_wconf 87' lang='lat' dir='ltr'><strong>singularum</strong></span> 
     </span>
     <span class='ocr_line' id='line_1_33' title="bbox 184 3172 1161 3253; baseline -0.004 -15"><span class='ocrx_word' id='word_1_253' title='bbox 184 3175 403 3250; x_wconf 87' lang='lat' dir='ltr'><strong>Ecclesiamm,</strong></span> <span class='ocrx_word' id='word_1_254' title='bbox 418 3173 457 3236; x_wconf 86' lang='lat' dir='ltr'><strong>ad</strong></span> <span class='ocrx_word' id='word_1_255' title='bbox 471 3190 564 3253; x_wconf 91' lang='lat' dir='ltr'><strong>quem</strong></span> <span class='ocrx_word' id='word_1_256' title='bbox 584 3172 787 3253; x_wconf 84' lang='lat' dir='ltr'><strong>provocabant</strong></span> <span class='ocrx_word' id='word_1_257' title='bbox 809 3173 862 3234; x_wconf 89' lang='lat' dir='ltr'><strong>SS.</strong></span> <span class='ocrx_word' id='word_1_258' title='bbox 885 3173 988 3233; x_wconf 89' lang='lat' dir='ltr'><strong>Patres</strong></span> <span class='ocrx_word' id='word_1_259' title='bbox 1003 3173 1041 3233; x_wconf 91' lang='lat' dir='ltr'><strong>ad</strong></span> <span class='ocrx_word' id='word_1_260' title='bbox 1054 3173 1129 3234; x_wconf 84' lang='lat' dir='ltr'><strong>conl</strong></span> <span class='ocrx_word' id='word_1_261' title='bbox 1149 3208 1161 3219; x_wconf 93' lang='lat'><strong>·</strong></span> 
     </span>
     <span class='ocr_line' id='line_1_34' title="bbox 185 3260 1161 3343; baseline -0.003 -16"><span class='ocrx_word' id='word_1_262' title='bbox 185 3263 455 3327; x_wconf 85' lang='lat' dir='ltr'><strong>tandosbaeretiuos</strong></span> <span class='ocrx_word' id='word_1_263' title='bbox 470 3280 478 3322; x_wconf 72' lang='grc' dir='ltr'><strong>ε</strong></span> <span class='ocrx_word' id='word_1_264' title='bbox 498 3260 711 3343; x_wconf 73' lang='lat' dir='ltr'><strong>«Edantergo,</strong></span> <span class='ocrx_word' id='word_1_265' title='bbox 723 3261 879 3342; x_wconf 83' lang='lat' dir='ltr'><strong>inquiebat</strong></span> <span class='ocrx_word' id='word_1_266' title='bbox 891 3260 1091 3324; x_wconf 87' lang='lat' dir='ltr'><strong>Tertullianus</strong></span> <span class='ocrx_word' id='word_1_267' title='bbox 1104 3263 1161 3342; x_wconf 84' lang='lat' dir='ltr'><strong>(De</strong></span> 
     </span>
     <span class='ocr_line' id='line_1_35' title="bbox 184 3349 1163 3434; baseline -0.003 -19"><span class='ocrx_word' id='word_1_268' title='bbox 184 3377 199 3416; x_wconf 77' lang='lat' dir='ltr'><strong>r</strong></span> <span class='ocrx_word' id='word_1_269' title='bbox 224 3353 407 3434; x_wconf 71' lang='lat' dir='ltr'><strong>Proscript,</strong></span> <span class='ocrx_word' id='word_1_270' title='bbox 422 3369 489 3431; x_wconf 88' lang='lat' dir='ltr'><strong>cap.</strong></span> <span class='ocrx_word' id='word_1_271' title='bbox 506 3351 555 3426; x_wconf 71' lang='grc'><strong>22)</strong></span> <span class='ocrx_word' id='word_1_272' title='bbox 568 3349 699 3431; x_wconf 83' lang='lat' dir='ltr'><strong>origines</strong></span> <span class='ocrx_word' id='word_1_273' title='bbox 712 3350 915 3412; x_wconf 85' lang='lat' dir='ltr'><strong>Ecclesiarum</strong></span> <span class='ocrx_word' id='word_1_274' title='bbox 930 3368 1065 3426; x_wconf 88' lang='lat' dir='ltr'><strong>suarum,</strong></span> <span class='ocrx_word' id='word_1_275' title='bbox 1081 3351 1163 3413; x_wconf 89' lang='lat' dir='ltr'><strong>evol·</strong></span> 
     </span>
     <span class='ocr_line' id='line_1_36' title="bbox 184 3439 1162 3522; baseline -0.003 -18"><span class='ocrx_word' id='word_1_276' title='bbox 184 3467 200 3504; x_wconf 83' lang='lat' dir='ltr'><strong>u</strong></span> <span class='ocrx_word' id='word_1_277' title='bbox 222 3447 295 3507; x_wconf 89' lang='lat' dir='ltr'><strong>vant</strong></span> <span class='ocrx_word' id='word_1_278' title='bbox 307 3441 444 3504; x_wconf 89' lang='lat' dir='ltr'><strong>ordinem</strong></span> <span class='ocrx_word' id='word_1_279' title='bbox 457 3439 671 3520; x_wconf 83' lang='lat' dir='ltr'><strong>Episcoporum</strong></span> <span class='ocrx_word' id='word_1_280' title='bbox 683 3457 818 3512; x_wconf 91' lang='lat' dir='ltr'><strong>suorum,</strong></span> <span class='ocrx_word' id='word_1_281' title='bbox 836 3439 874 3501; x_wconf 87' lang='lat' dir='ltr'><strong>ita</strong></span> <span class='ocrx_word' id='word_1_282' title='bbox 886 3458 939 3522; x_wconf 89' lang='lat' dir='ltr'><strong>per</strong></span> <span class='ocrx_word' id='word_1_283' title='bbox 953 3441 1162 3502; x_wconf 82' lang='lat' dir='ltr'><strong>successiones</strong></span> 
     </span>
     <span class='ocr_line' id='line_1_37' title="bbox 187 3526 1164 3610; baseline -0.002 -16"><span class='ocrx_word' id='word_1_284' title='bbox 187 3555 199 3594; x_wconf 80' lang='lat' dir='ltr'><strong>a</strong></span> <span class='ocrx_word' id='word_1_285' title='bbox 223 3531 262 3594; x_wconf 91' lang='lat' dir='ltr'><strong>ab</strong></span> <span class='ocrx_word' id='word_1_286' title='bbox 275 3531 360 3592; x_wconf 91' lang='lat' dir='ltr'><strong>initio</strong></span> <span class='ocrx_word' id='word_1_287' title='bbox 373 3529 594 3601; x_wconf 86' lang='lat' dir='ltr'><strong>decurrentem,</strong></span> <span class='ocrx_word' id='word_1_288' title='bbox 610 3533 644 3587; x_wconf 87' lang='lat' dir='ltr'><strong>ut</strong></span> <span class='ocrx_word' id='word_1_289' title='bbox 657 3526 773 3606; x_wconf 86' lang='lat' dir='ltr'><strong>primus</strong></span> <span class='ocrx_word' id='word_1_290' title='bbox 783 3528 832 3588; x_wconf 92' lang='lat' dir='ltr'><strong>ille</strong></span> <span class='ocrx_word' id='word_1_291' title='bbox 847 3530 1014 3610; x_wconf 86' lang='lat' dir='ltr'><strong>Episcopus</strong></span> <span class='ocrx_word' id='word_1_292' title='bbox 1027 3527 1164 3610; x_wconf 88' lang='lat' dir='ltr'><strong>aliquem</strong></span> 
     </span>
    </p>
   </div>
   <div class='ocr_carea' id='block_1_2' title="bbox 183 3613 1164 3786">
    <p class='ocr_par' dir='ltr' id='par_1_6' title="bbox 183 3613 1164 3786">
     <span class='ocr_line' id='line_1_38' title="bbox 183 3613 1164 3700; baseline -0.003 -20"><span class='ocrx_word' id='word_1_293' title='bbox 183 3643 199 3680; x_wconf 79' lang='grc' dir='ltr'>ι</span> <span class='ocrx_word' id='word_1_294' title='bbox 224 3638 261 3682; x_wconf 84' lang='lat' dir='ltr'><strong>ex</strong></span> <span class='ocrx_word' id='word_1_295' title='bbox 276 3617 425 3700; x_wconf 72' lang='lat' dir='ltr'><strong>apostolis</strong></span> <span class='ocrx_word' id='word_1_296' title='bbox 437 3615 483 3678; x_wconf 90' lang='lat' dir='ltr'><strong>vel</strong></span> <span class='ocrx_word' id='word_1_297' title='bbox 499 3613 676 3695; x_wconf 73' lang='lat' dir='ltr'><strong>apostolicis</strong></span> <span class='ocrx_word' id='word_1_298' title='bbox 689 3615 768 3676; x_wconf 84' lang='lat' dir='ltr'><strong>Viris</strong></span> <span class='ocrx_word' id='word_1_299' title='bbox 782 3617 843 3696; x_wconf 93' lang='lat' dir='ltr'><strong>(qui</strong></span> <span class='ocrx_word' id='word_1_300' title='bbox 859 3623 1044 3679; x_wconf 87' lang='lat' dir='ltr'><strong>tamencum</strong></span> <span class='ocrx_word' id='word_1_301' title='bbox 1060 3619 1164 3699; x_wconf 77' lang='lat' dir='ltr'><strong>Apos-</strong></span> 
     </span>
     <span class='ocr_line' id='line_1_39' title="bbox 185 3700 1164 3786; baseline -0.015 -22"><span class='ocrx_word' id='word_1_302' title='bbox 185 3708 292 3768; x_wconf 83' lang='lat' dir='ltr'><strong>rtolis</strong></span> <span class='ocrx_word' id='word_1_303' title='bbox 318 3703 559 3786; x_wconf 84' lang='lat' dir='ltr'><strong>perseveraverit)</strong></span> <span class='ocrx_word' id='word_1_304' title='bbox 582 3700 720 3763; x_wconf 87' lang='lat' dir='ltr'><strong>habuerit</strong></span> <span class='ocrx_word' id='word_1_305' title='bbox 748 3709 941 3774; x_wconf 59' lang='lat' dir='ltr'><strong>nugatorem„</strong></span> <span class='ocrx_word' id='word_1_306' title='bbox 966 3729 982 3766; x_wconf 51' lang='grc' dir='ltr'><strong>,ὓ</strong></span> <span class='ocrx_word' id='word_1_307' title='bbox 1012 3705 1107 3769; x_wconf 63' lang='lat' dir='ltr'><strong>pomp</strong></span> <span class='ocrx_word' id='word_1_308' title='bbox 1135 3707 1164 3768; x_wconf 65' lang='lat' dir='ltr'><strong>,q</strong></span> 
     </span>
    </p>
   </div>
   <div class='ocr_carea' id='block_1_3' title="bbox 0 0 1284 3992">
    <p class='ocr_par' dir='ltr' id='par_1_7' title="bbox 0 0 1284 3992">
     <span class='ocr_line' id='line_1_40' title="bbox 0 0 1284 3992; baseline 0 0"><span class='ocrx_word' id='word_1_309' title='bbox 0 0 1284 3992; x_wconf 95' lang='lat' dir='ltr'><strong> </strong></span> 
     </span>
    </p>
   </div>
  </div>
 </body>
</html>
