2586 3988
487 267 710 316 restaurarat.
1045 251 1083 314 69

105 370 395 439 immemorabilium
404 369 548 451 specialis
556 370 669 432 mentio
678 370 977 452 requiriturtb'lr'om
988 369 1086 432 imme·

104 459 285 535 moratura·
297 460 372 520 ratio
386 466 434 520 est
447 459 522 540 quis
535 457 706 537 hujusmodi
727 458 914 522 consuetudo
928 465 973 520 est
994 459 1087 522 instar

106 549 204 623 tituli,
218 545 353 630 imberti
375 566 434 608 non
455 553 551 626 potest
570 546 698 628 alleparr'
719 545 824 608 melior
848 546 955 608 titulus
976 545 1012 608 de
1026 553 1084 608 toto

107 637 227 715 mundo,
246 644 280 700 ut
297 635 431 717 loquitur
444 635 626 714 Fagnanus3
641 642 672 698 et
683 633 774 697 habet
786 651 906 716 semper
918 634 979 696 vim
995 635 1086 716 priris

108 724 180 806 legii
199 727 216 787 a
231 725 370 806 principe
387 722 537 785 concessi.
554 723 598 785 Ila
616 724 819 786 communiter
837 731 942 786 eontra
955 723 1081 803 aliquos.

148 819 326 902 Exeipienrli
342 826 413 882 sunt
424 817 770 900 tameneasusquidam:
784 823 814 881 l·
824 819 849 894 si
859 817 906 882 lex
920 817 1086 882 declararet

111 908 331 972 irrationabiles
350 906 516 970 contrarias
542 907 792 984 consuetudinem
812 911 845 970 2⁰
867 907 892 970 si
916 907 993 970 ratio
1013 906 1087 989 legis

113 998 218 1060 militet
231 997 319 1076 aequb
334 1003 439 1058 contra
452 994 686 1058 eonsuetudines
696 995 950 1059 immemorabiles
963 1013 999 1059 ao
1011 1013 1086 1058 oon·

113 1091 157 1148 tra
170 1086 258 1162 alias3
270 1089 303 1146 3·
312 1085 338 1146 si
349 1083 501 1166 legislator
507 1084 610 1147 omnio
618 1085 768 1147 contraria
781 1084 921 1168 abroget,
937 1103 1001 1149 uno
1014 1103 1085 1149 casu

112 1183 263 1257 arrepto„
370 1223 374 1226 -

152 1281 364 1352 ll3.-2⁹Per
379 1277 470 1359 leprm
479 1275 653 1338 anteriorem
661 1275 720 1359 quel
733 1273 903 1340 consuetudo
915 1276 1086 1359 prohibetur

112 1369 269 1449 arreptam
285 1366 327 1428 sil
350 1373 417 1428 orta
431 1385 444 1428 .·
466 1365 640 1448 Disputatur
659 1371 762 1428 utrum
783 1365 971 1427 consuetudo
993 1367 1086 1446 possit

113 1455 273 1537 praeralere
296 1463 402 1517 eontra
422 1454 512 1518 talem
538 1453 637 1536 legem
661 1453 871 1535 prohibentem
889 1471 898 1515 r
918 1457 949 1514 l·
970 1459 1087 1515 senten·

112 1545 276 1626 bourget,
294 1543 365 1625 quia
385 1543 520 1624 alioquin
539 1541 684 1605 inutiliter
706 1541 841 1625 apposita
860 1541 965 1605 luisset
984 1541 1087 1620 hujus·
1193 1542 1197 1548 “

112 1633 194 1696 modi
213 1633 347 1696 clausula
364 1631 546 1716 prohibens3
569 1636 600 1694 6·
617 1631 765 1694 sententia
786 1629 938 1694 affirmat:
958 1631 1029 1714 quia
1048 1649 1085 1694 ex

111 1739 179 1802 cap.
205 1720 282 1784 Clam
309 1728 412 1798 torto,
440 1720 479 1782 ad
505 1719 670 1801 legitimam
696 1719 947 1784 consuetudinem
975 1720 1084 1802 requi-

112 1810 186 1872 ritur
205 1809 305 1872 solum
330 1807 413 1889 quod
434 1807 473 1870 sit
491 1807 678 1870 rationabilis
694 1815 724 1871 et
742 1807 872 1890 lepr‘tr'mt
886 1809 1085 1892 prescripta;

113 1901 203 1979 porro
216 1917 253 1961 ex
269 1898 329 1960 boo
347 1896 429 1978 quod
449 1897 635 1960 consuetudo
651 1897 741 1960 luerit
753 1896 917 1978 prohibita,
936 1915 998 1959 non
1017 1897 1085 1960 ideo

113 2005 233 2069 semper
246 1984 467 2049 irrationabilis
480 1992 525 2047 est
537 1984 715 2067 reputanda
729 1991 764 2048 ul
773 1985 836 2064 jam
849 1985 981 2050 diximus
994 2003 1085 2067 supra

154 2177 199 2238 All
215 2177 363 2238 rationem
377 2175 546 2257 oppositam
557 2176 755 2256 respondetur
768 2173 849 2257 quod
864 2194 926 2238 non
940 2174 1085 2239 inutiliter

113 2265 192 2328 dieta
204 2265 339 2330 clausula
357 2271 525 2346 apponatur
541 2283 548 2325 :
564 2264 636 2345 quia
657 2283 693 2326 ex
711 2264 763 2326 illa
778 2263 916 2326 concludi
938 2271 1035 2346 potest
1051 2265 1083 2327 in

113 2354 224 2432 dubio,
256 2351 508 2416 cousuetudinem
535 2371 600 2416 esse
627 2351 861 2414 irrationabilem
879 2371 887 2427 ;
906 2361 970 2434 ‘per
1002 2352 1084 2414 illam
1202 2355 1207 2364 '

115 2444 254 2525 princeps
275 2441 425 2524 significat
453 2459 485 2504 se
510 2459 573 2503 non
605 2441 775 2504 consentire
801 2440 889 2502 tacite
911 2439 1081 2518 hujusmodi

114 2530 323 2594 eonsuetudini
343 2531 480 2610 quamvis
497 2530 536 2592 ab
554 2530 621 2612 ipso
639 2531 676 2592 sit
691 2529 828 2611 cognita3
849 2547 884 2592 ao
906 2527 1033 2610 proinde
1051 2529 1083 2592 in

113 2619 171 2682 bor
195 2637 284 2695 casu,
304 2619 467 2700 requiritur
489 2619 578 2700 longa
600 2618 803 2701 praescriptio,
824 2625 879 2680 ele.
902 2615 1033 2696 (Bouix,
1048 2616 1084 2682 sie

114 2708 335 2790 Principiis‚p.
350 2709 434 2786 367.)

151 2811 239 2882 Hane
253 2807 454 2890 posteriorem
461 2807 639 2871 sententiam
652 2813 686 2869 ul
698 2805 930 2890 probabiliorem
949 2807 1081 2890 amplec-

113 2905 219 2961 tantur
236 2899 345 2960 Suarez
362 2895 412 2978 (de
425 2899 489 2979 Lep.
507 2896 560 2959 lib.
580 2901 610 2959 μ4.
630 2915 658 2958 o.
679 2901 727 2969 49,
748 2899 797 2974 ab,
816 2899 891 2981 at),
906 2897 935 2958 S.
958 2897 1078 2978 Lignor.

113 2985 165 3050 lib.
184 2989 215 3063 t,
232 2990 307 3062 468,
317 2993 375 3049 etc.

153 3088 265 3150 Certe
258 3105 289 3148 rn
305 3087 385 3151 dioto
397 3105 468 3151 casu
482 3045 654 3170 praevalebit
670 3086 873 3165 consuetudo,
892 3106 917 3150 sr
909 3087 1081 3172 legislator

112 3175 239 3260 positive
277 3179 453 3239 consentiat.
487 3175 574 3238 Carti.
605 3177 750 3253 Gousset,
777 3176 970 3260 Expositos,
1007 3185 1078 3260 eto,

113 3271 147 3329 ιιο
156 3267 229 3341 406
244 3267 316 3341 446,
329 3267 399 3326 tas.

151 3372 223 3431 444.
252 3363 387 3439 Ouaerffi
393 3369 439 3428 An
453 3365 545 3429 modo
563 3365 644 3430 dieta
664 3365 792 3430 decretis
803 3367 923 3488 aoncilii
944 3367 1078 3434 'trident

112 3455 408 3540 possintapplieari?

151 3561 241 3640 Resp.
255 3557 876 3640 AllirmarelesuitamSoll(deProesrrrpt.
884 3564 960 3639 part.
971 3565 990 3618 9
993 3577 1077 3639 ‚rap

111 3649 169 3740 l‚§
183 3651 243 3730 ta),
254 3649 397 3718 citantem
410 3649 620 3722 Govarruviam
633 3647 696 3734 (lib.
709 3649 738 3718 3.
754 3646 842 3736 ehap.
860 3649 907 3712 ts,
923 3655 955 3704 n⁰
970 3648 1009 3720 4).
1021 3646 1078 3712 Sed
