2546 3992
187 181 249 244 tat
406 197 543 240 uiscus
563 189 664 240 tonos
683 195 766 240 runis
786 194 935 241 mrumst.

188 299 265 360 duos
279 314 413 372 mensas3
429 315 481 358 eos
495 297 617 357 tandem
631 297 683 376 qui
694 301 777 357 extra
790 296 916 373 ltaliam,
932 295 1009 359 infra
1020 304 1162 379 quatuor.

189 389 232 450 lla
252 389 288 447 D.
311 386 424 452 Bouir.
440 387 491 468 qui
515 385 589 446 illud
607 384 730 445 deducit
749 404 786 446 ex
801 383 914 464 pluries
933 386 1023 448 citata
1037 385 1162 449 Conslit.

189 474 299 535 Sancto
314 473 448 554 Synodus
470 473 583 536 l'rbani
597 475 661 534 VlIl
679 473 735 540 (De
750 471 911 554 Episcopo,
929 481 1004 536 tom.
1019 479 1057 550 2,
1073 496 1104 556 p.
1127 479 1163 537 Π

190 569 220 626 et
235 566 293 639 ltl).
311 563 385 625 l'ide
398 563 487 624 etiarn
502 563 646 634 Ferraria,
661 571 692 622 s·
707 562 739 623 E
734 563 878 643 piscopos.
896 569 952 624 art.
967 566 1008 639 3,
1024 569 1059 624 ιιο
1075 569 1122 627 ta.

231 655 299 714 ant.
322 653 444 724 Quaerit.
457 657 489 714 5·
502 652 689 724 Quibusnam
705 651 802 730 cents
815 651 940 714 obnoxii
952 653 1012 716 sint
1024 654 1166 736 Episcopi

192 740 359 804 residentiae
379 749 562 822 proseptum
576 739 853 819 transgredientes?

232 831 322 912 Resp.
339 832 399 891 llas
413 849 517 910 poenas
531 830 680 891 recenseri
694 827 836 890 aBened.
851 831 919 890 XIV
929 831 960 891 in
975 832 1029 892 sua
1039 832 1155 894 Constit

191 917 1168 1000 jnmaintencourt-ersa:«tdoecsus.‚transgrossores..omnes

194 1029 210 1066 ι
233 1013 263 1067 et
278 1007 412 1087 singulas
421 1007 565 1088 poenasin
575 1006 690 1068 eisdem
699 1005 827 1068 decretis
840 1006 914 1068 latas
930 1014 960 1068 et
971 1009 1169 1071 comminatas

194 1118 210 1154 ιι
233 1093 451 1156 confirmamus
471 1101 502 1157 et
514 1095 694 1158 innovamus
715 1095 908 1157 :amissionis
921 1094 1032 1158 scilicet
1054 1105 1169 1177 quartas

195 1207 210 1242 ιι
236 1185 327 1265 partis
340 1183 494 1248 fructuum
504 1185 595 1246 unius
604 1185 694 1260 anni,
709 1184 774 1266 ipso
787 1184 864 1246 iacto
874 1183 913 1246 ab
927 1185 971 1246 eis
981 1185 1171 1248 incurrendae

197 1295 211 1332 ιι
236 1273 287 1354 qui
303 1273 436 1354 legitimo
450 1273 685 1355 impedimento,
700 1291 754 1335 seu
769 1273 856 1352 justis
870 1273 968 1335 causis
984 1275 1172 1338 cessantibus

197 1393 212 1430 ιι
236 1377 266 1433 el
279 1369 392 1452 absque
406 1371 583 1451 expressa...
597 1369 776 1452 spostolicae
788 1367 874 1430 Sedis
883 1368 1014 1445 licentia,
1025 1388 1076 1432 sex
1086 1389 1172 1432 men-

198 1485 212 1520 ιι
237 1460 320 1522 sibus
341 1461 512 1536 continuis,
538 1467 622 1522 extra
648 1477 734 1521 suam
757 1457 916 1519 Dioecesim
941 1459 1087 1523 morando
1115 1459 1172 1521 ab-

199 1575 212 1608 ιι
238 1549 366 1626 luerint;
385 1557 415 1611 et
436 1549 608 1610 amissionis
627 1547 750 1610 alterius
769 1554 883 1626 quarta
902 1547 993 1628 partis
1016 1548 1171 1612 fructuum
1251 1595 1252 1600 ι

199 1663 214 1696 ιι
238 1639 346 1700 eodem
366 1638 456 1700 modo
480 1637 686 1711 incurrendae,
709 1635 761 1698 ubi
783 1634 956 1714 hujusmodi
975 1635 1111 1700 absentia
1132 1637 1171 1700 ad
1251 1679 1252 1712 ι

200 1751 214 1784 ιι
239 1727 313 1788 alios
327 1745 509 1788 sermenses
519 1725 719 1806 protrabatur,
735 1731 768 1786 ut
778 1723 807 1784 in
824 1725 938 1786 Concil.
948 1725 1030 1787 nid.
1042 1729 1126 1805 (sess.
1139 1731 1169 1802 6,

201 1839 215 1872 ιι
240 1834 306 1894 cap.
332 1819 369 1886 l,
388 1815 423 1875 de
435 1815 569 1894 reform.)
588 1821 731 1876 statutum
745 1811 801 1874 tun
820 1831 828 1872 ε
845 1813 984 1877 incursbs
998 1834 1121 1896 quoquc
1140 1817 1171 1876 in

202 1927 217 1962 ιι
241 1902 352 1983 peccati
385 1901 519 1964 mortalis
546 1910 681 1978 reatum,
710 1909 740 1964 et
771 1901 962 1982 obligationis
997 1903 1174 1966 restituendi

202 2017 216 2050 ιι
240 1991 355 2054 fructus
369 1991 400 2053 in
412 1991 545 2053 absenna
560 2002 735 2073 perceptos,
751 1989 833 2052 nulla
846 1991 938 2052 etiarn
952 1993 1063 2074 praevid
1076 1992 1173 2056 decla-

202 2107 216 2139 ι
242 2081 373 2155 ratione,
389 2099 502 2162 eosque
522 2080 665 2161 erogandi
680 2080 711 2142 io
725 2077 920 2142 ecclesiarum
934 2080 1061 2144 fabricas
1074 2099 1128 2145 seu
1141 2084 1172 2144 in

203 2195 217 2228 ιι
211 2170 488 2232 ›sustentationem
515 2186 682 2252 pauperum
701 2168 795 2249 ipsius
818 2167 912 2231 loci..
918 2170 1017 2243 ,ut
1009 2189 1041 2232 m
1064 2171 1171 2234 codem

203 2287 217 2319 ιι
243 2259 355 2322 Concil.
371 2261 454 2338 (sess.
471 2263 559 2334 23,o
578 2257 844 2358 tlpresoribitur
848 2257 1008 2320 Similiter
1001 2260 1172 2339 impostam

203 2377 217 2408 ιι
211 2353 297 2411 ιέι...
318 2348 371 2410 Pio
392 2349 469 2410 lV...
487 2365 606 2429 poenam
622 2363 792 2408 amissionis
815 2323 988 2411 facultatum
1002 2349 1130 2409 testandi
1144 2357 1173 2411 et

204 2465 218 2498 ιι
242 2437 459 2520 disponendi...
466 2455 540 2508 neo
551 2455 611 2498 non
623 2435 795 2498 mhabrlrta
775 2443 812 2498 rs
823 2437 860 2500 ad
872 2455 1000 2516 majores
1009 2437 1173 2518 Dignitales

205 2554 219 2586 ιι
243 2533 273 2588 nt
261 2527 438 2588 tEoclesios
450 2523 645 2600 obtinendas,
662 2541 791 2605 quam...
816 2525 955 2588 Clemens
968 2526 1033 2586 VII]
1047 2524 1171 2600 indixit,

205 2641 219 2674 ιι
245 2635 297 2698 per
312 2617 414 2677 omnia
428 2614 643 2677 confirmamus
656 2619 686 2674 el
699 2613 887 2676 innovamus.
904 2612 1020 2685 Quibus
1031 2614 1173 2678 omnibus

206 2725 221 2764 n
245 2703 302 2765 hoc
312 2705 402 2766 etiam
413 2703 658 2785 superaddimus,
674 2709 708 2764 ut
721 2701 810 2763 iidem
825 2711 1059 2784 transgressores
1072 2705 1172 2766 omni·

198 2809 212 2846 ιι
246 2793 302 2852 bus
320 2800 350 2852 et
367 2793 493 2872 singulis
514 2791 636 2854 indultis
655 2797 686 2853 et
698 2791 873 2873 privilegiis,
895 2810 962 2873 quae
980 2791 1080 2854 forsan
1101 2793 1171 2874 ipsis

199 2900 214 2934 ιι
246 2885 388 2960 larrsmam
401 2881 559 2943 Pontificio
575 2879 655 2943 Solio
669 2879 874 2942 assistentibus
888 2897 1030 2942 concessa
1042 2879 1169 2957 luerint,

200 2987 215 3022 ι
248 2969 312 3049 ipso
334 2968 412 3030 lacto
440 2971 543 3050 privati
574 2987 638 3032 esse
667 2977 856 3031 censeantur.
889 2971 1090 3032 Decernanles
1115 2971 1171 3033 sub

203 3075 217 3110 ιι
247 3063 499 3136 transgressorum
522 3059 645 3119 nomine
665 3057 918 3139 comprehendi...
938 3075 990 3120 eos
1010 3058 1099 3120 ctiam
1119 3060 1171 3140 qui

202 3163 218 3202 ι)
249 3145 421 3222 hujusmodi
454 3145 631 3224 (abessendi)
666 3146 814 3208 licentiam
848 3145 930 3208 lalsis
966 3147 1171 3230 simulatisque

204 3255 219 3291 ιι
248 3233 346 3296 causis
358 3233 460 3295 dolose
474 3241 649 3315 extorquere
665 3254 725 3298 non
740 3235 939 3298 dubitaverint
955 3254 962 3296 :
978 3235 1068 3298 velet
1079 3237 1169 3300 semel
1245 3307 1246 3318 χ

205 3344 220 3380 ιι
250 3323 341 3385 rita...
357 3321 488 3398 obtenta,
504 3325 692 3404 praescriptos
707 3325 736 3385 in
750 3324 855 3386 eadam
870 3325 977 3388 limites
990 3343 1025 3388 ao
1040 3325 1169 3407 praelini-
1245 3321 1246 3326 ’

205 3433 221 3472 r
249 3418 313 3475 lum
327 3417 446 3492 tempus
458 3413 656 3492 praetergressi
671 3412 790 3474 luerint.
806 3435 821 3472 o

250 3503 319 3565 895.
342 3501 448 3563 Postea
462 3497 596 3561 Pontifex
609 3499 738 3562 declarat
753 3501 870 3582 eosqui
884 3497 1055 3582 hujusmodi
1068 3519 1169 3582 poenaa

206 3587 451 3671 contempserint
473 3605 558 3668 posse
576 3586 637 3648 suis
659 3585 780 3653 sedibus
792 3588 922 3672 spoliari.
937 3620 975 3634 -
990 3586 1074 3650 Circa
1090 3587 1169 3669 quod
