2574 3994
493 275 578 321 erana
601 273 718 324 carnus.
1032 269 1093 335 513

144 372 216 432 set.
240 368 347 432 Statim
359 374 427 451 post
447 375 578 432 mortem
593 371 684 453 Papae
693 371 879 436 convocandi
893 375 966 436 sunt
984 371 1085 435 Gardt·

102 459 205 535 mles,
220 457 273 539 qui
288 458 325 520 ad
336 458 528 522 diaconatum
542 459 649 522 saltem
659 460 720 522 sint
735 461 883 543 promoti,
899 459 956 524 nisi
970 461 1085 544 prilrsd

104 551 186 632 l‘apd
200 547 458 629 dispensationem
471 547 672 626 obtinuerint3
688 567 812 621 omnes,
828 551 919 612 etiam
933 549 1083 629 absentes,

103 639 168 702 lmd
191 643 222 699 et
240 637 509 714 excommunicati,
532 638 687 720 suspensi,
708 644 761 702 aut
787 637 937 700 interdicti
960 639 1084 700 vocandi

39 796 41 800 Α
104 733 177 791 sunl
195 773 204 803 ,
221 744 259 788 ne
269 725 349 788 ullus
366 725 461 806 possit
473 744 539 788 esse
556 725 724 790 schismatis
738 733 915 808 praetextus3
932 727 1004 788 item
1019 729 1086 790 Car·

104 816 224 878 dinales
244 833 341 896 nuper
360 813 470 890 creati,
495 814 550 877 etsi
572 815 779 878 Cardinalatds
804 816 933 896 insignia
948 816 1087 880 nondum

105 905 220 970 luerint
233 902 343 986 adepti.
360 902 436 968 Vide
449 901 527 966 inira
541 903 668 966 dicenda
683 909 768 983 (706,
783 907 888 967 versirs
903 903 1019 985 finem).

147 991 308 1056 Convocati
320 991 493 1054 cardinales
506 991 674 1075 perdecem
685 993 749 1055 dies
765 993 897 1074 integros
909 994 1087 1076 regulariter

106 1090 179 1146 sunt
192 1081 379 1164 expectandi.
403 1081 528 1144 interim
547 1081 698 1146 demortui
719 1082 874 1146 Pontificis
889 1081 995 1146 lunera
1009 1084 1087 1147 cele·

105 1171 250 1248 brantur3
265 1171 315 1234 die
327 1171 398 1233 rerd
411 1169 549 1249 decimo,
565 1171 737 1234 cardinales
751 1172 895 1234 Conclave
909 1172 1086 1253 ingrediun-

106 1263 158 1326 tur
171 1279 243 1324 cum
265 1259 385 1323 duobus
397 1259 443 1322 vel
469 1258 567 1322 tribus
580 1260 714 1337 clericis,
734 1259 787 1342 qui
811 1259 878 1323 idco
894 1259 1088 1326 Conclam'slc

109 1357 265 1413 vocantur.

148 1439 247 1503 Semel
263 1438 405 1522 ingressis
412 1439 493 1502 exire
501 1457 564 1501 non
571 1438 642 1501 licet
650 1443 720 1501 anto
729 1437 909 1502 electionem
918 1444 1085 1521 peractam3

107 1535 139 1593 ct
152 1528 204 1610 qui
222 1530 239 1590 a
260 1528 367 1590 morbo
381 1536 502 1590 coactus
525 1527 637 1605 exiret,
651 1530 702 1607 Jus
717 1526 909 1610 regrediendi
926 1527 1087 1592 amitteret.

110 1616 296 1680 Admittendi
307 1623 379 1679 sunt
392 1622 494 1679 tamen
511 1615 681 1680 cardinales
695 1616 810 1680 tardius
822 1615 1025 1680 advenientes.

147 1711 219 1768 425.
242 1708 287 1769 Er.
297 1705 515 1768 Constitutione
524 1705 653 1768 AEterni
666 1703 769 1769 Patris
783 1707 917 1788 Gregorii
927 1709 992 1785 llll,
1006 1707 1089 1770 elec·

109 1795 152 1858 tio
166 1795 232 1858 lieri
246 1801 345 1877 potest
357 1813 412 1876 per
426 1794 610 1857 Serutim'em
624 1803 678 1856 out
691 1816 749 1878 per
768 1795 1023 1879 Compromissum,
1036 1801 1089 1860 aut

110 1903 164 1956 per
180 1883 271 1960 Quasi
285 1883 518 1966 inspirationem.
533 1883 615 1947 Solet
628 1890 730 1947 autem
744 1883 809 1947 fieri
823 1904 877 1968 per
890 1885 1080 1953 scrutinium.

109 1973 147 2036 ad
167 1973 227 2035 hcc
254 1979 315 2034 tres
335 1978 414 2035 sorte
437 1973 591 2054 eliguntur
612 1979 811 2036 scrutatores:
832 1976 1026 2056 prestitoque
1049 1979 1087 2037 ab

110 2077 297 2144 unoquoque
313 2061 515 2124 Cardinalium
528 2064 701 2142 juramento
715 2061 845 2142 eligendi
860 2081 953 2144 quem
966 2063 1087 2144 dignio-

109 2171 175 2217 rem
190 2149 419 2226 existimaverit,
431 2151 541 2232 singuli
556 2169 647 2213 suum
661 2151 818 2232 deponunt
833 2157 936 2213 votum
951 2153 982 2212 in
995 2153 1087 2216 calice

109 2260 200 2322 super
214 2240 299 2302 altari
319 2239 436 2321 posito;
458 2241 597 2302 scrutatis
619 2239 729 2302 deinde
750 2239 913 2320 suffragiis,
930 2239 954 2301 si
968 2239 1036 2302 duae
1050 2261 1087 2304 ex
1205 2311 1209 2323 ⁸

109 2329 206 2392 tribus
221 2329 355 2412 partibus
371 2329 401 2390 in
413 2347 510 2392 unum
519 2330 700 2392 conveniant
711 2375 719 2404 ‚
730 2347 778 2390 res
788 2329 985 2409 perfectaest,
997 2330 1087 2394 rncdd

109 2439 172 2495 pon
186 2425 357 2501 opponatur
381 2417 502 2480 sibimet
519 2418 653 2482 electum
704 2416 881 2498 suffragium
905 2417 1083 2481 contulisse:

109 2509 181 2591 quia
195 2507 226 2568 in
241 2507 298 2569 hoc
311 2525 385 2569 casu
407 2505 514 2568 electio
528 2505 605 2568 foret
617 2505 718 2584 nulla,
737 2505 794 2568 nisi
811 2510 932 2587 peracta
951 2505 1087 2570 fuissetis

110 2597 180 2681 plus
195 2598 287 2680 quem
308 2596 428 2658 duabus
441 2614 478 2656 ex
492 2595 589 2658 tribus
602 2595 749 2678 partibus.

128 2721 132 2730 ·
150 2689 222 2748 426.
244 2685 343 2748 Semel
357 2691 459 2748 autem
475 2685 627 2766 publicato
647 2685 807 2762 scrutinio,
820 2686 844 2746 si
858 2685 927 2747 duae
941 2690 1041 2765 panes
1054 2686 1085 2760 ip

109 2793 207 2838 unum
221 2774 417 2849 conveniant,
432 2774 577 2836 electores
590 2793 652 2836 non
667 2782 794 2856 possunt
808 2774 938 2856 amptius
951 2773 1081 2836 variare:

110 2863 238 2944 ideoque
266 2863 286 2924 ii
310 2861 480 2925 Cardinales
494 2864 606 2943 quibus
621 2863 769 2924 incumbit
793 2863 870 2924 tueri
897 2861 1087 2927 secularium

110 2952 280 3034 principum
292 2950 378 3030 jura,
394 2970 456 3013 non
470 2951 583 3014 debent
601 2958 757 3034 expectare
781 2951 873 3014 finem
890 2951 1045 3030 scrutinii,
1061 2953 1086 3015 si

110 3040 229 3122 videant
242 3041 420 3102 electionem
434 3040 495 3103 huc
508 3059 630 3121 vergere
647 3046 681 3103 ut
695 3040 719 3102 is
736 3039 912 3122 designetur
925 3060 1017 3122 quem
1032 3059 1086 3104 sua

111 3129 201 3191 Curia
215 3129 330 3210 repellit
347 3129 516 3207 (sciendum
530 3137 576 3192 est
588 3130 670 3192 eninr
694 3135 755 3192 tres
775 3130 947 3212 principes:
964 3131 1086 3193 Germa-

32 3245 34 3250 ·
111 3215 339 3280 num'ridelicet·
348 3221 575 3299 Imperatorem,
599 3221 714 3299 Regem
728 3219 774 3282 vel
788 3223 1003 3300 imperatorem
1017 3219 1085 3281 Gal·

12 3361 13 3366 ,
110 3306 172 3382 liae,
184 3306 397 3389 Hispaniasque
412 3311 525 3390 ltegern
539 3307 650 3370 habere
663 3307 798 3390 singulos
809 3309 859 3387 j'us
874 3325 970 3370 unum
981 3309 1086 3370 exclu-

12 3411 14 3430 ¹
110 3395 221 3474 dendi).
238 3396 269 3456 Si
283 3398 354 3458 verd
372 3396 441 3459 dure
454 3415 491 3458 ex
504 3397 601 3459 tribus
614 3398 749 3478 partibus
763 3397 928 3459 electorum
943 3397 973 3456 in
987 3395 1085 3459 unum

111 3502 172 3546 non
186 3485 402 3554 convenerint,
418 3485 508 3547 etiam
518 3485 669 3568 publicato
685 3485 839 3561 scrutinio,
856 3488 954 3566 potest
963 3485 1085 3565 procedi

110 3571 1084 3656 adhucquodvooaturdccessau,seupotestminorparsaccedere
1133 3619 1136 3626 -
1256 3553 1269 3614 .'

110 3668 147 3724 ad
158 3664 305 3744 majorem
317 3710 325 3738 ‚
336 3663 398 3725 irnd
412 3665 509 3745 major
518 3661 555 3726 ad
568 3664 758 3727 minoremct
769 3662 860 3724 stiam
870 3660 1043 3739 minimum,
1054 3669 1085 3722 et
