2574 3994
538 265 624 309 avenn
644 254 762 310 emaus.
1079 245 1130 306 art

207 363 238 420 l⁰
251 358 325 421 lare
338 359 499 436 marrae,
516 363 665 442 quatenus
678 361 832 423 concurrit
845 379 915 423 cunr
925 361 1040 424 caeteris
1054 361 1140 422 colla*

166 447 281 510 toribus
295 448 488 511 interioribus
504 469 511 510 :
528 463 647 531 semper
666 450 749 511 enirn
768 450 812 512 sic
830 468 1010 514 concurrere
1024 455 1138 532 potest,

165 537 236 598 cirin
251 541 286 598 aa
303 535 442 599 facultate
458 545 586 619 nequeat
599 539 719 620 privari.

205 628 238 687 2⁰
250 626 325 687 lure
337 625 532 688 devotationis
544 646 555 688 .·
568 625 643 690 duro
653 645 689 689 ex
700 626 800 710 aliqua
814 628 905 690 causa
918 628 936 690 d
949 627 1139 694 collatoribus

166 711 375 790 interioribus,
398 714 436 777 ad
459 715 572 796 Papam
600 713 632 777 fit
651 715 801 778 devolnlio
833 715 908 795 juris
932 714 1107 778 conserendi
1131 737 1139 778 τ

166 819 254 865 casus
265 802 659 886 specialitercontingeretsi
669 803 824 866 collatores
832 803 1142 885 inferioresneglexis-

167 899 248 968 sent,
263 891 343 954 intra
356 898 477 974 tempus
491 894 508 954 a
519 893 587 972 iure
601 893 775 974 prefixum,
791 892 974 956 beneficium
989 892 1140 970 conferre,

166 980 213 1041 vel
231 981 255 1041 ai
275 981 473 1043 contulissent
494 999 532 1044 eo
552 980 644 1042 modo
666 1001 758 1062 quern
781 983 829 1061 jus
852 981 947 1044 irritat
968 987 999 1046 et
1020 990 1143 1064 proptor

167 1086 259 1150 quern
273 1067 495 1134 devolutionem
509 1069 644 1132 decernit
657 1070 782 1148 (Bouix‚
798 1071 842 1132 De
852 1069 995 1141 Paroria,
1011 1090 1042 1153 p.
1060 1075 1140 1150 llll.

207 1161 278 1220 eta.
289 1162 371 1221 -3ο
383 1159 457 1221 Jere
470 1159 695 1242 praeventionis,
713 1158 787 1220 dum
806 1159 951 1221 nimirum
966 1167 1035 1222 ante
1056 1179 1142 1222 vaea-

166 1246 281 1310 tionem
311 1246 449 1310 beneficii
484 1247 622 1310 Pontifex
650 1247 773 1328 mandat
802 1253 836 1310 ut
863 1247 959 1324 illud,
989 1251 1143 1313 vacatione

168 1337 416 1417 superveniente,
445 1335 633 1414 conferatur,
661 1336 708 1398 vel
735 1335 825 1396 etiarn
851 1336 978 1416 ipsemet
1006 1337 1141 1418 confert,

167 1423 373 1488 determinata
387 1444 535 1508 personae.
551 1424 836 1488 «concitassent.
850 1427 933 1502 (sess.
950 1429 1075 1507 ilcap.
1093 1430 1140 1506 lii,

167 1533 183 1573 a
207 1513 242 1575 de
254 1515 363 1596 resi...
384 1513 526 1576 mandata
545 1513 584 1576 de
605 1512 809 1594 providendo,
832 1521 861 1576 et
875 1513 977 1596 gratiae
991 1522 1143 1595 exspecta·

168 1622 185 1664 v
209 1602 292 1681 tivae,
307 1611 337 1666 et
358 1603 424 1666 aliae
438 1621 639 1686 quaecumque
657 1603 759 1686 gratiae
772 1601 810 1664 ad
824 1609 963 1665 vacatura
976 1602 1141 1684 benetieia,

166 1711 183 1753 r
208 1691 324 1753 sublata
347 1691 434 1769 sunt‚'
459 1693 548 1754 simul
575 1700 603 1754 et
627 1691 842 1755 reservationes
865 1692 1013 1754 mentales
1033 1694 1143 1774 quibus

166 1797 183 1840 r
207 1780 346 1842 Pontifex
360 1779 543 1842 beneficium
556 1780 678 1862 aliquod
693 1781 723 1842 in
737 1781 863 1862 gratiam
876 1779 1001 1860 alicujus
1009 1801 1144 1864 personae

168 1889 184 1929 e
209 1869 395 1947 reservabat,
416 1869 532 1932 reticito
550 1878 580 1932 et
603 1870 687 1951 quasi
713 1870 745 1930 in
767 1875 869 1932 mente
891 1876 1006 1932 servato
1020 1873 1144 1934 nomine

167 1978 183 2018 a
207 1957 303 2039 ipsius
316 1976 489 2040 personae...
506 1977 573 2040 quae
593 1959 716 2040 quidem
736 1957 904 2020 Tridentini
917 1956 1074 2021 decreta...
1089 1977 1144 2042 per

167 2067 184 2107 n
208 2047 328 2128 regulas
341 2045 532 2110 Gancellariae
549 2046 733 2127 (Pontifices)
750 2053 931 2109 curaverunt
948 2046 1027 2108 utin
1044 2055 1146 2128 poste-

168 2153 277 2198 arunt
300 2136 440 2218 religiose
468 2135 701 2198 custodirentur.
730 2136 840 2198 Verum
865 2133 903 2199 ad
930 2139 1144 2200 reservationes

169 2245 184 2284 n
207 2225 288 2305 quod
303 2227 425 2301 attinet,
442 2224 608 2287 Tridentini
624 2227 725 2287 Patres
747 2223 900 2286 duxerunt
919 2223 994 2283 nihil
1008 2242 1072 2286 esse
1087 2227 1143 2288 irn-

169 2333 185 2373 r
210 2313 402 2376 mutandum.
426 2316 530 2395 ltaque
549 2314 766 2376 reservationes
788 2313 817 2374 in
837 2311 971 2376 Ecclesia
992 2312 1103 2395 vigent.
1124 2335 1139 2376 a

169 2400 265 2482 (card.
283 2403 403 2482 Soglia‚
419 2403 495 2466 Inst.
504 2403 571 2486 jar.
584 2403 678 2484 prio„
694 2403 712 2483 ἓ
726 2401 793 2484 89.)

209 2493 436 2554 lll.-l⁰Jure
445 2491 661 2566 reservationis,
670 2491 745 2553 dum
754 2493 833 2576 Papa
842 2487 1145 2560 eontertcenabane·

170 2577 238 2643 ficia
252 2599 321 2660 quae
336 2582 401 2662 lpse
415 2581 470 2643 sibi
486 2580 627 2662 privative
640 2583 810 2643 reservavit.

210 2670 287 2732 Cum
301 2669 340 2732 de
359 2669 437 2732 lacto
452 2669 544 2732 Sedes
566 2670 736 2751 apostolica
748 2670 792 2732 uti
807 2688 869 2732 non
884 2668 977 2731 soleat
996 2670 1065 2749 jure
1082 2685 1146 2733 eon-

170 2759 270 2820 cvreris
283 2763 313 2820 et
322 2759 531 2840 praeventionis
538 2764 568 2820 et
581 2757 730 2821 sufficiant
739 2758 830 2820 inodo
843 2757 923 2820 diota
936 2758 974 2820 de
985 2759 1052 2838 jure
1066 2757 1146 2821 deno

171 2845 313 2924 lotiones,
338 2845 502 2910 dicendum
528 2865 610 2909 nunc
635 2850 754 2910 tantiam
783 2845 823 2910 da
845 2845 921 2930 jure
941 2847 1162 2910 reservationis

171 2935 251 3013 (Vid.
267 2936 299 2998 S.
315 2934 394 3016 Lig.‚
409 2935 462 2998 lib.
478 2940 514 3014 l,
529 2947 564 2998 n⁰
579 2939 639 3014 86).

212 3023 338 3096 Quando
353 3025 384 3086 S.
400 3025 536 3087 Pontifex
551 3025 606 3088 sibi
623 3027 783 3087 reservavit
801 3022 985 3088 beneficium
1004 3043 1060 3107 pro
1082 3039 1146 3088 uno

171 3114 288 3174 tanturn
298 3131 370 3176 casu
379 3114 552 3190 vacationis,
568 3113 617 3176 ille
629 3113 837 3176 reservationis
845 3113 953 3176 rnodus
966 3132 1027 3176 non
1037 3113 1145 3176 dicitur

172 3203 293 3282 proprie
315 3203 475 3264 reservatio
501 3201 554 3264 sed
577 3201 701 3284 affectio.
726 3203 756 3264 Si
784 3203 855 3264 vend
878 3202 934 3263 sibi
954 3204 1146 3264 reservaverit

173 3289 272 3370 quoad
282 3307 389 3352 ornnes
404 3290 435 3352 in
450 3299 630 3372 perpetuum
643 3291 822 3368 vacationes,
838 3299 911 3354 tunc
924 3292 1044 3373 proprie
1058 3310 1143 3353 voca·

174 3383 221 3439 tur
235 3379 405 3441 reservatio.

210 3469 298 3529 Juxta
313 3468 625 3550 CanonistascoepitS.
639 3468 731 3531 Sedes
740 3468 914 3544 hujusmodi
928 3468 1145 3530 reservationes

155 3554 229 3638 ‚sibi
244 3555 376 3618 tribuere
390 3557 501 3619 saeculo
515 3559 579 3619 Xlll
595 3559 720 3637 (Bouin5
736 3557 771 3618 de
789 3556 933 3626 Perorlro,
951 3575 982 3636 p.
998 3558 1078 3632 312).

212 3645 283 3706 tta.
305 3645 340 3708 ln
360 3647 449 3708 sexto
474 3645 668 3708 decretalium
692 3645 838 3708 beneticia
856 3661 924 3724 quse
943 3651 1047 3704 vacem
1066 3643 1146 3725 apud
