2574 3994
474 268 560 314 uranu
580 267 697 316 rannus.
1018 253 1075 317 til
1131 277 1133 282 ·

98 379 154 446 per
165 361 348 444 particulare
357 362 553 442 mandatum
572 369 602 428 ct
619 363 651 426 in
666 362 874 446 probationem
887 363 974 428 affert
986 366 1078 430 verba

99 451 236 533 Gregorii
252 452 366 516 thlad
380 455 564 536 Episcopum
578 453 793 529 Leodiensem,
809 472 890 517 anno
907 458 982 518 1845
1000 474 1008 516 a
1024 456 1076 518 ubi

100 540 133 604 S.
148 539 286 604 Pontifex
299 541 439 625 prohibet
457 563 493 606 ne
506 542 573 604 ulla
594 543 762 604 immutatio
781 543 838 625 fiat
858 545 974 624 (quoad
988 564 1076 626 paro·

100 626 184 693 chias
197 631 401 712 succursatcs)
410 680 419 709 ,
429 631 516 694 donec
527 631 620 694 aliter
632 631 651 692 ἀ
665 631 739 694 Sede
752 631 921 716 Apostolicd
934 641 1075 696 statutum

101 716 205 800 [uerit.
230 721 266 784 v.
287 721 379 784 etiam
398 721 550 794 Ferraria,
567 731 596 784 v⁰
616 720 813 804 Beneficium,
836 728 892 784 art.
908 725 945 798 Ξ,
969 731 1002 786 n⁰
1027 725 1075 786 l'l.

101 807 320 888 Nihilominus,
350 811 449 892 inquit
468 811 504 872 o.
530 809 643 889 Bouix,
665 810 756 872 modo
784 811 892 874 citatus
910 809 1015 890 (idid,
1045 829 1076 894 p.

101 899 202 976 239):
222 901 285 962 nln
296 899 390 962 Gallia
402 897 533 962 obtinuit
545 917 633 977 usus,
647 905 680 962 ut
689 899 848 982 Episcopi,
864 899 978 981 absque
993 898 1079 962 Sedis

103 1008 120 1047 a
145 987 324 1070 Apostolicae
343 987 529 1064 interventu,
545 993 576 1051 et
590 1007 662 1052 cum
682 989 746 1052 solo
756 988 900 1052 Gubernii
914 1005 1077 1052 assensu...

103 1096 119 1136 a
144 1077 331 1140 succursates
345 1095 397 1141 seu
411 1077 562 1140 muhamas
575 1077 748 1160 parochias,
764 1079 795 1139 in
809 1084 968 1161 perpetuas
980 1085 1079 1142 trans·

103 1185 119 1225 a
144 1171 273 1228 mutant.
295 1168 367 1240 Ouae
390 1166 490 1250 praxis
512 1165 582 1228 inde
596 1164 713 1229 videtur
726 1166 866 1246 inducta,
882 1165 963 1250 quod
977 1165 1078 1231 existi·

102 1275 119 1314 a
144 1260 259 1317 matum
289 1255 328 1318 sit
361 1255 474 1319 includi
503 1254 583 1318 hano
605 1261 783 1338 potestatam
810 1257 842 1318 in
865 1255 1022 1330 facultate,
1051 1257 1079 1319 ri

101 1365 119 1404 a
144 1335 322 1407 Condordati
345 1346 417 1408 anni
442 1347 517 1408 1801
544 1345 616 1428 ipsis
636 1343 763 1422 tributa,
788 1363 880 1406 novas
902 1345 1078 1426 parochias,

103 1455 120 1492 a
145 1435 328 1498 assentiente
338 1432 1081 1517 Gubernio,erigendictcircuuascribendi.»Vide

105 1541 198 1607 supra
212 1525 312 1606 (aaa).

575 1680 608 1738 n.

179 1811 216 1856 aa
229 1811 382 1858 aaronem
396 1809 592 1858 aanocanauu
605 1813 658 1857 aaa
672 1814 740 1858 vuu
755 1813 1013 1864 arsuauamrroms.

146 1969 217 2030 3tt.
242 1967 382 2040 Quamvis
392 1983 428 2026 ex
438 1983 504 2045 cap.
518 1963 683 2046 Majoridus
693 1969 722 2043 8,
733 1965 771 2028 dc
783 1965 963 2042 Proebendh,
978 1967 1081 2049 prohi-

107 2055 204 2122 bitum
228 2056 267 2119 sit
285 2053 463 2116 divisionem
487 2053 718 2136 prebendarum
738 2054 856 2134 iacere,
876 2062 1027 2134 attamen,
1049 2057 1082 2120 in

106 2145 289 2229 quibusdam
310 2143 558 2220 circumstantiis,
572 2143 712 2226 Episcopi
724 2149 868 2226 possunt,
880 2145 980 2208 invitis
990 2145 1081 2208 etiam

108 2235 257 2318 parochis,
272 2231 489 2296 dismembrara
500 2232 644 2314 paroecias
654 2238 687 2294 ut
694 2250 778 2294 novae
789 2233 995 2298 efformentur.
1006 2234 1084 2297 illud

113 2329 233 2389 constat
246 2342 281 2384 ex
297 2342 363 2406 cup.
380 2320 431 2384 Ad
439 2321 630 2396 audientium,
646 2319 680 2381 de
692 2321 1014 2404 ecclesiisoedificundis,
1030 2323 1082 2384 ubi

109 2413 278 2477 Alexander
292 2413 330 2474 111
344 2411 386 2473 ait
401 2431 409 2472 :
429 2431 445 2472 a
460 2410 505 2471 Ad
519 2409 703 2472 audientiam
726 2415 860 2473 nostram
876 2411 994 2472 noveris
1013 2429 1082 2492 par·

110 2503 264 2567 arcuisse
287 2499 368 2583 qudd
396 2500 464 2562 ailla
488 2518 556 2581 quae
576 2499 687 2563 dicitur
701 2501 753 2574 H,
768 2501 886 2562 tantiam
910 2497 1084 2580 perhibetur

108 2618 123 2654 a
149 2592 187 2655 ab
200 2591 327 2654 ecclesia
341 2589 503 2672 parochiali
513 2588 640 2666 distare,
655 2595 690 2652 ut
702 2596 839 2672 tempore
853 2587 1000 2670 hyemali,
1011 2589 1083 2650 chm

109 2682 135 2743 o'·
148 2681 258 2765 pluviae
271 2679 436 2754 inundant,
454 2697 516 2740 non
535 2679 652 2760 possint
669 2679 864 2761 parochiani,
888 2677 953 2740 sine
973 2681 1084 2760 magna

109 2795 124 2833 a
148 2770 343 2846 difficultate,
366 2769 463 2851 ipsam
486 2767 568 2830 adire
597 2785 605 2830 ε
631 2767 712 2831 unde
735 2786 797 2830 non
820 2767 923 2830 valent
947 2785 1083 2849 congruo

109 2883 125 2923 ι
149 2867 286 2943 tempure
306 2857 516 2922 ecclesiasticis
533 2856 640 2920 officiis
662 2857 777 2920 adesse.
798 2858 875 2930 Ouia
894 2857 985 2939 igitur
1003 2857 1083 2920 dicta

110 2975 126 3014 a
150 2951 276 3014 ecclesia
294 2947 404 3010 dicitur
417 2946 585 3009 redditibus
599 2946 764 3023 abundare,
780 2945 872 3028 quod,
882 2951 990 3029 praetcr
1004 2945 1083 3009 illius

110 3065 127 3103 ι
151 3041 422 3122 tillemontius,
438 3035 575 3098 minister
589 3035 668 3098 illius
682 3037 896 3098 convenienter
908 3035 1004 3098 valeat
1016 3053 1082 3097 sus-

110 3155 127 3194 »
151 3131 346 3193 tentationem
367 3125 496 3203 habere,
512 3125 693 3188 mandamus
707 3131 869 3208 quatenus,
890 3125 915 3187 si
933 3143 981 3186 res
995 3125 1036 3186 ita
1051 3143 1083 3187 sa

111 3219 254 3295 abebat,
279 3215 438 3279 ecclesiam
463 3215 502 3276 ibi
530 3213 677 3292 edifices,
703 3215 787 3278 etin
815 3219 851 3276 et
876 3213 1080 3292 sacerdotem,

110 3335 126 3372 a
151 3307 267 3372 sublato
281 3305 489 3388 appellationis
503 3303 720 3380 obstaculo,ad
735 3304 996 3386 presentationem
1007 3305 1082 3365 Rec-

111 3423 127 3461 a
150 3397 224 3460 toris
236 3395 370 3457 ecclesiae
381 3394 514 3470 mitioris,
526 3411 596 3456 cum
607 3393 754 3456 canonico
768 3391 934 3456 fundatoris
945 3410 1080 3469 assensu,

111 3513 127 3550 a
151 3488 306 3560 instituas,
322 3483 359 3545 ad
370 3483 619 3546 sustentationem
634 3500 719 3544 suam
734 3481 870 3562 ejusdem
884 3479 961 3542 aillae
973 3479 1083 3541 obren-

112 3602 128 3638 a
151 3577 248 3638 tiones
261 3571 477 3636 ecclesiasticas
497 3578 711 3654 percepturum
733 3569 916 3652 :providens
933 3574 1035 3629 tamen
1050 3573 1084 3629 ut

113 3668 327 3754 „competens
350 3661 381 3731 iu
409 3665 445 3732 ea
467 3661 585 3740 honor,
615 3677 669 3752 pro
695 3659 836 3724 facultate
863 3655 941 3733 loci,
965 3654 1081 3719 matrici
