2574 3994
635 1 1281 70 *N

501 303 588 350 umsa
607 301 726 348 amaus.
1042 279 1097 340 301

126 423 143 462 n
166 401 221 484 qui
235 400 378 464 detentet
389 401 492 464 uolunt
504 407 535 462 et
545 407 665 482 possunt
675 395 836 461 commode
850 395 1095 469 interesso‚assu·

126 510 142 548 s
167 498 292 554 mantur
304 497 365 554 tres
377 489 417 553 de
429 488 557 571 collegio
571 487 630 550 lide
643 486 728 570 digni
740 535 749 564 ‚
760 487 812 568 qui
826 483 934 548 secretd
942 489 973 545 et
984 481 1043 562 sipi
1046 480 1100 542 ltn-

29 637 30 654 2
125 601 142 638 n
167 579 224 640 tim
237 585 306 642 vota
319 585 501 643 cunctorum
514 577 674 659 diligenter
687 575 867 658 exquirant,
882 578 913 636 ct
932 572 962 634 in
986 569 1103 650 seriptis

28 657 30 674 '
125 689 142 728 o
166 667 303 746 mdccc,
326 685 398 730 mox
425 665 583 750 publicent
609 665 640 728 iu
664 663 845 738 communi,
869 661 953 724 nullo
979 660 1102 741 prorsirs

26 769 36 832 f·
125 755 376 838 »appellationis
404 755 561 819 obstaculo
591 755 772 833 interjecto,
804 757 839 815 ut
866 751 915 828 is,
944 748 1102 812 collatione

25 837 27 896 ἒ
125 866 142 904 s
166 843 284 923 habita,
299 845 438 927 eligatur,
461 845 493 906 in
521 861 615 926 quem
634 861 757 920 omnes,
778 843 826 904 vel
841 841 940 921 major
959 845 989 902 et
1004 837 1103 899 sanior

124 956 142 994 n
161 953 236 1016 pars
246 933 373 1017 Capituli
380 934 583 1012 consentitlen
590 933 778 1012 scrutinium)
791 931 856 1008 ‚vel
866 927 997 1011 eligendi
1007 934 1103 1010 potos

125 1045 142 1081 o
165 1029 213 1086 aas
226 1022 377 1104 aliquibus
389 1023 459 1086 viris
474 1022 589 1085 idoneis
602 1023 807 1085 committetur
820 1019 873 1103 qui
887 1019 950 1082 vice
963 1017 1101 1080 omnium

124 1132 142 1171 n
166 1112 309 1175 Ecclesiae
326 1111 456 1176 viduatur
471 1109 649 1193 provideant
661 1112 699 1174 de
712 1113 835 1174 Pastore
849 1111 859 1188 (
867 1128 906 1172 en
919 1108 1102 1190 compromis-

124 1223 141 1259 a
166 1202 256 1282 sum);
280 1201 366 1264 aliter
392 1201 499 1264 electio
520 1220 582 1263 non
606 1200 702 1277 valet,
720 1201 776 1262 nisi
795 1200 872 1262 forte
899 1197 1102 1261 communiter

124 1307 141 1350 a
166 1297 246 1352 esset
261 1289 300 1353 ab
313 1290 456 1354 omnihus
468 1289 554 1374 quusi
571 1309 630 1372 per
651 1287 886 1372 inspirationem,
903 1286 1018 1369 absque
1032 1285 1101 1348 vitio

125 1378 358 1442 coelebrato.»

166 1467 237 1530 396.
253 1489 269 1528 r
282 1467 394 1532 illectio
400 1468 547 1550 pet-quast
553 1467 776 1550 inspirationem
784 1471 858 1530 tunc
866 1471 1007 1529 censetur
1017 1463 1099 1539 lieri,

50 1629 55 1638 ι
125 1577 142 1615 ι
166 1556 306 1638 quondo,
331 1555 415 1619 nullo
439 1555 629 1639 praecedente
651 1561 801 1634 tractatu,
824 1573 932 1619 omnes
958 1554 1102 1618 electores

125 1665 142 1704 o
165 1645 370 1708 communiter
382 1649 414 1708 et
429 1646 516 1727 quasi
530 1663 593 1708 uno
607 1645 698 1709 corde
711 1663 748 1709 so
765 1663 837 1722 ore,
853 1645 884 1706 in
899 1663 997 1707 unum
1010 1663 1102 1707 eum-

124 1754 142 1791 u
164 1732 298 1815 demque
311 1734 516 1798 consentiunt.
531 1755 547 1794 r
565 1733 743 1812 (Bellicum,
758 1734 814 1812 ib„
828 1733 873 1796 tit.
890 1737 927 1812 6,
947 1735 981 1795 n⁰
995 1736 1057 1813 65.)

164 1843 181 1882 n
205 1822 281 1897 Sed,
298 1821 398 1904 inquit
414 1823 451 1885 D.
466 1822 561 1885 Bouix
574 1822 629 1904 (oe
644 1822 754 1905 Capit,
773 1843 805 1905 p.
820 1825 902 1902 205),
918 1822 1023 1885 electio
1039 1843 1099 1888 non

123 1933 141 1972 u
165 1917 264 1993 potest
281 1910 339 1974 hoc
359 1909 450 1974 modo
464 1909 529 1973 lieri
545 1911 575 1973 in
598 1911 634 1974 lis
650 1912 793 1994 Capitulis
807 1912 837 1974 in
852 1912 963 1994 quibus
977 1931 1031 1994 per
1044 1921 1101 1975 stu-

123 2021 141 2060 o
165 2006 264 2062 tutum
285 1999 414 2082 speciale
434 1999 632 2081 requiruntur
651 2001 741 2064 tacita
755 2001 914 2084 suffragia,
929 2020 1001 2065 cum
1015 2003 1098 2066 clau·

124 2109 142 2149 n
165 2089 232 2151 sule
245 2089 380 2151 irritante
391 2088 571 2152 electionem
587 2089 672 2152 aliter
686 2089 806 2152 lactum.
822 2112 838 2150 o

165 2181 234 2240 391.
260 2197 277 2238 a
297 2177 410 2240 Electio
427 2196 481 2258 per
491 2178 724 2259 compromissum
740 2185 813 2241 tuno
827 2177 862 2240 lit
874 2179 997 2260 quando
1010 2181 1099 2263 Capi-

122 2287 141 2326 n
163 2266 276 2330 tulares
289 2261 471 2348 presentes,
489 2265 611 2328 nemine
629 2265 838 2350 discrepante,
856 2267 1027 2330 facultatem
1049 2270 1099 2331 eli-

123 2378 140 2414 n
165 2354 255 2437 gendi
279 2353 310 2416 in
324 2373 421 2418 unum
435 2355 480 2417 vel
495 2353 597 2436 plures
613 2354 738 2418 idoneos
751 2355 831 2418 viros
852 2356 1030 2432 conserunt,
1046 2359 1098 2439 qui

123 2467 140 2504 n
163 2445 229 2507 vice
242 2445 379 2507 omnium
395 2444 517 2526 eligant.
532 2466 548 2502 n
567 2443 734 2523 Reiffemt,
744 2444 797 2516 it„
811 2456 845 2506 n⁰
859 2449 908 2508 68.
920 2445 995 2506 Vide
1008 2447 1098 2508 etiam

124 2531 258 2594 Prnleot.
273 2532 309 2596 S.
325 2533 469 2614 sulpitii,
489 2541 521 2593 n⁰
537 2535 605 2595 393.

163 2625 233 2686 393.
261 2621 402 2684 «Elecllo
416 2640 471 2703 per
484 2621 611 2701 formam
624 2623 764 2684 scrutinii
785 2623 835 2685 illa
853 2627 899 2685 est
911 2641 1000 2704 quse,
1015 2642 1097 2705 prae-

122 2731 139 2772 ι
164 2709 299 2773 sentibus
311 2709 454 2774 omnibus
462 2710 516 2791 qui
525 2709 641 2786 debent,
653 2713 753 2774 volunt
762 2717 793 2774 et
801 2720 923 2793 possunt
936 2712 1094 2792 interesse,

122 2821 139 2860 n
164 2799 199 2860 lit
212 2818 265 2882 per
289 2798 497 2861 collectionem
525 2798 738 2882 suffragiorum
760 2799 839 2863 circa
861 2817 931 2862 eum
949 2800 981 2862 in
1004 2821 1095 2884 quem

91 2944 96 2954 .
122 2911 139 2948 o
163 2887 611 2970 majoretseniorpursCapituli
625 2888 787 2951 consentit.
801 2887 995 2966 »Reiffenst.‚
1007 2891 1094 2972 itit,

122 2986 156 3039 n·
169 2981 238 3041 108.

162 3069 231 3130 393.
255 3069 300 3129 Ex
312 3065 411 3130 verbis
423 3066 539 3150 prelati
556 3065 667 3148 anitis
681 3065 757 3142 (taio
769 3075 902 3151 propter,
918 3074 1000 3150 patet
1013 3072 1095 3152 qudd

121 3155 188 3219 haec
200 3155 308 3237 triplex
317 3155 472 3218 electionis
485 3154 579 3217 torma
588 3156 626 3216 sit
638 3155 965 3238 obligatoriaduutaxet
973 3161 1095 3240 quando

121 3244 221 3327 agitur
234 3243 272 3306 de
285 3243 432 3327 eligendis
445 3243 577 3306 Proelatis
583 3263 639 3326 pro
654 3243 796 3308 Ecclen'r‘s
806 3245 947 3316 viduatis,
960 3245 1096 3312 videlicet

121 3331 278 3415 Episcopis
290 3333 336 3396 rel
351 3332 533 3409 Abbatibus3
548 3331 682 3396 adhiberi
697 3339 796 3397 umen
811 3341 909 3418 potest
927 3334 957 3397 in
980 3338 1095 3400 oaetoris

121 3419 338 3547 electippibus‚
362 3427 453 3504 pmut
473 3421 517 3484 eis
537 3421 646 3504 poterit
668 3422 891 3488 accommodari
911 3423 1093 3506 (tamense,

121 3511 230 3664 mlta.
249 3512 426 3674 {seddim
440 3600 571 3674 Quinam
584 3602 623 3664 ad
637 3601 814 3666 electionem
829 3602 960 3667 debcant
971 3608 1095 3670 vocari?

160 3691 252 3771 ltesp.
264 3687 423 3751 vocandos
432 3707 497 3754 esse
504 3708 611 3754 omnes
615 3691 666 3770 jus
674 3689 803 3770 eligendi
816 3690 975 3768 habentes;
986 3713 1093 3776 nempe

7 3927 125 3949 ..ιι-1
