2586 3988
12 3685 113 3711 Ξι’.Ι-.ΔιΜ;-’

201 164 241 228 st
420 180 558 226 utrumn
577 179 679 227 rarius
698 179 779 226 auara
800 175 948 226 ctuomct.

201 280 279 362 qood
288 300 343 362 pra
366 281 427 363 leae
441 282 620 364 suscipitur,
637 283 703 343 con
724 280 824 363 deficit
838 278 898 342 lec.
914 301 929 340 u
948 279 1032 362 (Cap.
1055 279 1180 343 Consue-

204 369 271 431 tudo
284 373 315 448 3,
330 369 399 433 dist.
415 372 477 454 l.);
493 378 521 432 ct
532 371 651 433 definiri
666 371 755 433 etiam
770 375 868 452 potest
879 389 887 430 ε
898 369 953 430 lus
962 389 1019 451 per
1031 368 1180 432 similium

201 458 329 538 alicujus
352 461 569 522 communitatis
590 469 708 522 actuum
731 457 930 541 frequentiam
952 457 1176 541 acquisitum.»

202 547 252 628 (D.
270 549 375 620 bouis,
392 549 426 612 de
442 549 615 632 Principiis,
631 569 663 632 p.
680 551 761 630 323).

241 637 373 700 Dicitur:
387 639 416 698 l⁰
427 639 622 722 Frequentio,
635 639 858 722 quiaactuspar
867 636 969 720 plures
978 637 1058 702 sices
1067 637 1179 701 debent

202 726 1177 810 asscrepetitijuxtaprudentiumarbitrinm‚utdicuntSalmant.

202 833 273 878 cum
286 817 388 889 Palas,
402 819 527 892 Bonna,
544 819 631 880 Suar.
648 824 719 895 etc,
734 825 839 880 contra
852 817 935 878 Lass.
952 823 1023 894 etc,
1039 817 1090 899 qui
1101 835 1177 880 con-

201 903 329 968 tendunt
347 905 424 969 duos
448 907 493 968 val
517 913 577 969 tres
598 914 682 970 actus
702 906 850 972 sufficere.
874 905 915 986 (S.
935 905 1058 988 Lignor.
1074 905 1126 968 lib.
1144 909 1176 986 l,

203 1003 236 1054 n⁰
252 997 330 1074 tor).
1065 1026 1068 1032 ,

242 1083 357 1147 Dicitur
374 1087 425 1147 εἳ·
439 1082 579 1166 alicujus
597 1083 832 1156 communitatis.-
854 1103 917 1148 non
930 1084 1174 1166 cujuscumque,

201 1172 254 1234 scd
277 1191 346 1254 quac
373 1173 412 1236 sit
433 1193 528 1256 capax
548 1175 702 1256 potestatis
724 1173 897 1257 legislatisae
919 1193 975 1256 pro
995 1173 1108 1255 seipsa,
1128 1172 1177 1236 val

203 1261 307 1323 saltem
330 1261 483 1326 sufficiens
502 1269 536 1326 ut
554 1281 625 1326 scra
645 1263 693 1326 lcx
708 1263 750 1325 illi
772 1264 863 1346 possit
879 1262 1005 1346 imponi.
1024 1263 1119 1338 tSuar.
1140 1261 1178 1324 de

201 1350 273 1432 Leo.
291 1351 343 1414 lib.
359 1355 389 1414 ’1.
406 1371 473 1435 cap.
489 1355 526 1430 9,
550 1361 583 1414 n⁰
602 1353 642 1432 6).
669 1354 878 1416 communitas
893 1372 966 1434 ergo
980 1370 1049 1434 quae
1063 1351 1178 1415 tamilla

201 1439 321 1517 dicitur,
347 1460 408 1504 non
433 1449 512 1504 esset
534 1442 697 1518 sufficiens,
723 1443 796 1525 quia
819 1443 868 1507 lex
894 1459 965 1505 vcra
986 1441 1028 1503 illi
1057 1441 1175 1524 imponi

203 1531 325 1608 nequit,
341 1531 393 1593 scd
408 1539 592 1612 pracceptum
608 1535 738 1595 tantiam.

243 1622 402 1682 tas-11.
419 1618 610 1684 Consuetudo
625 1625 655 1684 1ο
670 1621 737 1684 Alia
750 1627 795 1684 est
806 1620 1031 1700 secundamus,
1047 1625 1177 1702 quaeaut

202 1707 300 1788 legem
323 1707 447 1771 dubiam
476 1710 711 1792 interpretatur‚.
736 1717 788 1774 aut
813 1709 975 1774 confirmat
1001 1717 1031 1772 ct
1057 1708 1178 1788 adjuvat

202 1796 382 1861 deducendo
397 1798 427 1860 in
446 1818 534 1882 opus.
552 1799 618 1861 Alia
628 1800 821 1882 proteo-jos,
838 1818 906 1882 quae
924 1797 1038 1881 aliquid
1053 1797 1174 1872 statuit,

202 1885 253 1948 ubi
277 1887 379 1950 deficit
401 1888 459 1952 lex.
486 1888 551 1951 Alia
574 1897 676 1950 contra
692 1889 747 1971 jus
768 1909 836 1970 quae
859 1887 957 1970 legem
978 1887 1112 1968 abrogat,
1128 1887 1178 1950 vcl

203 1994 263 2037 nun
279 1977 349 2038 sinit
364 1977 445 2039 illam
460 1977 612 2060 obligare,
627 1978 750 2060 quando
765 1977 902 2040 nondum
917 1984 962 2039 est
975 1984 1108 2058 accepta.

203 2131 205 2136 s
242 2069 310 2128 tas.
334 2067 525 2130 Divitiacum
549 2069 582 2129 lu
605 2069 856 2150 ymerolissinmm
875 2085 943 2148 quae
957 2067 1018 2127 vim
1039 2065 1129 2129 habet
1143 2067 1176 2128 in

201 2159 263 2215 toto
277 2155 439 2219 christiano
453 2157 527 2220 orba
543 2177 551 2234 ;
567 2157 749 2239 conmotam,
767 2177 836 2239 quae
851 2156 881 2218 in
901 2160 962 2218 tota
984 2155 1085 2236 aliqua
1103 2175 1176 2237 pro-

201 2244 314 2322 vincit3
331 2253 361 2308 et
372 2245 535 2328 specialem,
553 2247 660 2327 quaein
672 2246 772 2328 aliqua
784 2248 900 2309 tantitm
911 2245 997 2320 urba,
1015 2263 1103 2326 pago,
1114 2253 1174 2308 etc.

244 2337 313 2397 107.
338 2335 524 2398 Dividitur3⁰
536 2338 569 2397 ln
577 2335 771 2417 judicialem,
788 2354 857 2418 quae
872 2335 1024 2396 inducitur
1038 2334 1177 2415 pluribus

202 2426 358 2488 sententiis
379 2425 586 2488 conformibus
605 2444 696 2506 super
727 2425 835 2488 ecdem
858 2439 1017 2487 causarum
1042 2441 1174 2504 genera:

202 2514 263 2577 duo
279 2515 392 2592 judicia
412 2512 580 2576 conformia
598 2515 677 2576 intra
696 2513 879 2578 decennium
895 2513 1067 2588 sufficiunt,
1083 2513 1176 2577 modo

202 2605 407 2678 contrarium,
431 2621 485 2686 por
509 2601 584 2665 illud
611 2610 747 2686 tenipus,
777 2623 839 2666 non
870 2603 908 2665 sit
933 2601 1112 2681 Judicatum.
1138 2604 1176 2664 Et

202 2691 482 2772 cotrojcdiciolem,
497 2709 566 2775 quae
589 2691 682 2774 longo
708 2693 813 2775 populi
835 2711 893 2756 usu
918 2699 1001 2754 extra
1025 2689 1175 2770 judicium

202 2780 365 2844 inducitur.

246 2874 311 2932 tos.
335 2871 476 2943 Quamvis
498 2873 577 2938 mala
600 2872 788 2936 consuetudo
814 2890 876 2934 non
900 2872 937 2934 sit
958 2870 1079 2953 propria
1097 2887 1174 2932 con-

202 2958 330 3022 suetudo
353 2962 424 3022 cbm
445 2967 478 3023 ut
495 2961 581 3034 talis,
603 2963 653 3043 Jus
681 2979 743 3024 non
763 2960 868 3038 laniat,
891 2967 1021 3024 attamen
1044 2977 1174 3021 consua-

206 3048 279 3110 tudc
289 3049 362 3111 solet
371 3049 461 3111 dividi
471 3055 518 3114 4⁰:
530 3052 561 3112 in
575 3049 687 3128 bonnm
698 3049 853 3123 rimulam,
865 3069 918 3114 scu
927 3048 1136 3112 rationabilem
1145 3053 1175 3110 ct

205 3137 460 3202 irrationabilem:
474 3141 583 3202 malam
603 3159 668 3203 essa
688 3139 939 3204 consuetudinem
953 3138 1065 3220 duplici
1082 3136 1174 3200 modo

202 3228 378 3310 contingere
397 3237 512 3310 potest:
529 3229 691 3292 lutrinseci
708 3229 850 3312 quidem,
870 3228 994 3311 quando
1011 3236 1055 3290 est
1069 3232 1174 3290 contra

203 3317 300 3398 legem
316 3319 482 3380 naturalem
495 3326 547 3380 aut
559 3318 709 3395 divinam3
725 3317 904 3382 Extrinsece
919 3325 1036 3390 autem,
1050 3313 1173 3398 quattdo

203 3407 298 3488 ipsius
311 3415 395 3469 actus
409 3407 605 3488 prohibentur
621 3425 674 3490 per
690 3408 804 3488 legem,
821 3407 867 3470 vel
883 3407 952 3468 mali
968 3413 1039 3470 sunt
1052 3409 1174 3488 propter

205 3494 376 3575 adjunctam
390 3496 645 3560 circumstantiam
662 3515 781 3580 pravam
797 3515 866 3580 quae
880 3513 997 3559 cessare
1012 3499 1119 3579 potest.

243 3583 435 3648 Consuetudo
445 3585 523 3648 mala
530 3585 801 3649 intrinsceidicitur
810 3587 922 3650 abusus
929 3603 983 3649 sau
992 3582 1168 3668 corruptela,
