2546 3992
192 147 251 215 303
412 167 552 214 aaronis
572 163 674 216 rorans
694 163 778 214 mats
800 163 951 216 morum.

1183 223 1189 253 l

188 288 204 327 r
224 273 345 347 petuam
369 263 570 328 Semr'nnrt'rnn
592 267 813 330 sil...'l⁸onsur3
837 267 937 329 stetim
955 271 1047 348 alque
1070 265 1179 333 habita

188 375 204 413 r
228 355 355 416 clericali
371 373 491 438 semper
505 363 641 432 utentur;
658 357 880 438 grammatices,
896 360 1020 429 centris,
1036 357 1174 439 computi

188 469 204 502 ι
228 445 439 520 ecelesiastici,
463 447 650 526 aliarumque
674 447 823 508 bonarum
846 447 955 507 artium
979 445 1173 527 disciplinam

189 559 202 590 ι
226 533 343 596 discant
355 553 363 594 τ
377 536 499 596 Sacram
514 537 711 617 Scripturam,
727 535 819 596 libros
832 535 1060 607 ecclesiasticos,
1077 534 1173 596 honri·

187 643 202 674 ι
227 622 281 686 lias
295 626 492 700 Sanctorum,
509 633 600 707 alque
614 631 871 688 sacramentorum
886 623 1103 686 tradendorum
1107 671 1169 686 .....

186 737 200 770 ι
226 718 257 774 et
283 713 397 776 rituum
426 732 463 776 ac
488 715 738 776 caeremnniamm
767 713 879 775 lormas
906 712 1052 775 ediscent.
1080 715 1172 774 Curet

188 817 202 848 a
225 801 393 884 Episcopus
412 809 447 865 ut
465 803 592 884 singulis
605 802 713 866 diebus
731 803 830 865 missae
845 801 994 865 sacrificio
1012 801 1168 879 intersint,
1262 875 1264 888 Ι

187 911 201 948 ι
226 910 262 952 ac
275 891 399 968 saltem,
414 891 543 973 singulis
560 891 729 963 mensibus,
745 891 946 954 confiteantur
960 897 1099 973 peccata,
1118 897 1168 970 et,

185 999 201 1031 »
225 981 311 1059 juxta
332 981 514 1042 contessoris
535 982 737 1056 sententiam,
761 988 883 1044 sumant
907 983 1023 1063 Corpus
1044 981 1167 1042 Domini
1262 973 1264 1050 ζ

186 1089 202 1126 a
226 1069 302 1132 Ml.
320 1069 487 1131 Cathedrali
507 1077 538 1132 et
557 1069 624 1133 aliis
640 1070 699 1133 loci
718 1069 869 1148 ecclesiis,
892 1070 1000 1134 diebus
1018 1069 1100 1132 festis
1117 1070 1167 1131 in·
1262 1139 1264 1172 Ι

186 1158 397 1220 eserniam.»
1262 1209 1264 1222 .

225 1251 294 1309 926.
317 1248 402 1310 Circa
414 1248 473 1312 hoc
486 1249 594 1311 ultimo
606 1247 1097 1324 enuntiatum,ohservandumest
1111 1249 1166 1312 Be-
1262 1243 1264 1298 ἓ

186 1336 255 1398 ned.
272 1339 336 1399 Xlll
352 1339 506 1420 Episcopis
520 1339 708 1400 interdixisse
723 1353 772 1404 ne,
787 1355 844 1419 pro
857 1356 890 1400 se
903 1335 949 1400 vel
964 1336 1027 1399 suis
1037 1336 1167 1400 Vicariis
1262 1335 1264 1394 ἑ

184 1435 235 1488 aut
248 1427 445 1490 familiaribus
458 1427 710 1508 quibuscumque,
727 1425 784 1489 sub
797 1427 904 1508 quovis
918 1431 1079 1508 pretextu,
1096 1433 1165 1489 ute·

185 1525 288 1578 rentur
302 1517 431 1589 lamulis,
442 1523 493 1578 aut
506 1515 698 1590 officialibus,
709 1515 754 1577 vel
765 1515 926 1578 lectoribus
941 1513 1103 1595 magistris,
1118 1533 1166 1577 sa·
1262 1585 1264 1594 ,

183 1605 353 1668 comnotus
362 1606 514 1668 etclericis
528 1605 700 1667 Seminarii.
712 1607 798 1666 «Non
809 1611 911 1666 tamen
923 1621 976 1685 per
985 1601 1053 1675 hoe,
1064 1602 1166 1683 inquit

182 1714 199 1756 r
225 1693 377 1769 Pontifex,
399 1693 607 1756 interdicimus
632 1693 778 1774 Episcopo
792 1693 977 1756 Pontitlcali'a
991 1692 1162 1769 exercenti,

182 1803 198 1840 r
224 1781 521 1843 necaeremoniamm
535 1781 1166 1862 magistro,velsacerdotibusaSeminario
1263 1809 1264 1814 ¹

181 1891 199 1931 s
222 1871 345 1930 retentis
359 1869 400 1931 uti
420 1869 529 1949 possit,
546 1870 608 1931 imd
623 1877 774 1934 uteorum
794 1873 929 1953 opertet
949 1869 1117 1932 assistentia
1131 1871 1164 1932 in

182 1979 197 2018 a
221 1957 368 2037 ejusmodi
380 1959 473 2020 sacris
482 1957 686 2022 functionibus
697 1960 789 2023 libere
800 1961 843 2023 uti
853 1960 957 2028 valeat,
973 1959 1096 2040 plenam
1106 1960 1163 2040 ipsi

181 2069 197 2107 r
222 2049 370 2130 Episcopo
387 2047 548 2112 tribuimus
568 2047 750 2112 facultatem.
766 2071 782 2109 r
800 2049 875 2112 Vide
896 2047 1017 2112 Proelec.
1032 2047 1069 2110 S.
1086 2047 1164 2112 Sal·
1262 2081 1263 2128 r

179 2137 270 2220 pr'tr'r',
287 2147 319 2198 n⁰
331 2141 400 2200 333.

221 2232 288 2290 92¹1.
303 2229 346 2290 Ex
360 2235 422 2290 toto
435 2233 576 2291 contextu
590 2227 738 2290 citationis
748 2227 878 2310 praelatae
889 2227 1160 2306 ConcilTrident,

180 2326 262 2400 patet
280 2318 441 2380 seminaria
461 2317 571 2379 debere
587 2335 653 2380 esse
676 2317 868 2380 instituendis
881 2318 998 2380 clericis
1010 2318 1162 2382 exclusive
1261 2345 1262 2364 2

180 2403 311 2490 propria,
327 2415 356 2470 et
370 2406 627 2489 comprehendere
638 2423 742 2488 posse,
763 2425 824 2468 non
838 2407 954 2468 antam
966 2407 1093 2486 juvenes
1107 2409 1161 2488 qui

178 2495 336 2577 dreologiae
350 2514 473 2578 operam
487 2503 612 2568 navant,
626 2495 679 2558 sed
695 2502 724 2556 et
738 2496 875 2575 iuniores
888 2495 939 2578 qui
955 2497 1162 2574 grammaticae

178 2586 317 2662 student,
332 2586 423 2648 modo
433 2585 527 2649 sciant
541 2585 640 2667 legere
653 2591 683 2647 et
695 2585 837 2664 scribere,
848 2593 878 2647 el
890 2583 928 2647 ad
942 2583 1161 2648 duodecimum

179 2691 294 2736 annum
309 2675 510 2756 pertenerint.

218 2767 287 2824 928.
311 2765 410 2826 Potest
423 2773 524 2826 autent
536 2765 718 2845 Episcopus,
732 2781 770 2828 ex
783 2763 892 2828 eodem
906 2761 1052 2840 Concilio,
1068 2763 1158 2847 plura

179 2851 347 2912 seminaria
382 2852 512 2930 habere,
538 2852 591 2915 sed
621 2853 726 2916 saltem
752 2859 871 2916 tenetur
896 2851 1007 2916 habore
1039 2872 1158 2934 anniti,

181 2939 236 3002 nisi
251 2947 410 3020 paupertas
423 2947 560 3018 excuset;
576 2943 666 3004 etiam
682 2943 713 3004 in
727 2941 764 3004 iis
778 2943 851 3005 locis
864 2943 916 3005 ubi
931 2941 1071 3006 existeret
1087 2945 1161 3009 Uni-

180 3028 301 3089 tersitas
314 3029 460 3092 canonice
475 3030 618 3093 instituta.
636 3032 709 3093 Irast.
726 3035 762 3093 ll.
777 3031 815 3094 de
829 3033 884 3106 M.,
899 3037 974 3094 tom.
990 3035 1020 3108 2,
1038 3051 1068 3113 p.
1085 3036 1156 3098 269,

178 3115 209 3178 Si
223 3115 309 3198 plura
319 3117 379 3178 sint
388 3119 566 3196 Seminaria,
577 3119 615 3181 ab
626 3121 676 3183 illo
685 3139 748 3184 uno
757 3119 839 3203 quod
850 3121 881 3182 in
895 3121 1012 3183 civitate
1021 3129 1157 3185 erectum

178 3206 416 3356 etlconsplitutum
431 3207 530 3286 luerit,
545 3215 653 3272 caetera
667 3210 698 3271 in
712 3210 855 3273 omnibus
867 3209 1058 3291 dependeant
1066 3211 1158 3292 (Gon-
1258 3209 1259 3236 ¹

179 3293 207 3358 ci
223 3294 291 3355 .'lri
317 3341 336 3366 .,
354 3295 441 3376 idid).

216 3387 286 3446 923.
303 3386 424 3457 Quaerit.
439 3386 636 3458 t⁰0u0modo
649 3386 885 3450 administranda
899 3388 958 3450 sint
973 3387 1158 3450 Seminaria?
1257 3407 1258 3414 ¹

218 3475 308 3554 Itesp.
335 3473 553 3554 Distinguendo
574 3493 582 3536 t
601 3475 648 3538 val
667 3474 706 3539 de
728 3475 986 3539 administratione
1008 3477 1155 3558 spiritual

177 3561 287 3640 agitur,
302 3559 349 3624 vel
362 3561 400 3623 de
414 3559 595 3642 temporalis
