2574 3994
476 311 563 360 nnm
582 290 702 361 retum.
1023 299 1077 358 tlt

103 405 205 488 inquit
219 405 392 469 Boseuetius
404 453 412 481 ,
423 425 481 466 non
489 413 587 487 potest
601 409 681 490 Papa
696 408 760 468 edm
773 406 918 469 Ecclesiae
930 407 1080 469 necessitas

103 503 156 557 aut
169 493 286 556 evidens
298 493 420 556 utilitas
431 494 638 577 postulaverit.
654 497 689 557 ln
703 495 750 558 his
764 495 933 558 asserendis
955 513 1081 558 concor-

104 582 177 647 dare
190 581 331 647 videnlur
344 584 407 645 DD.
428 583 565 646 catholici
585 585 713 662 (Bouix,
728 582 785 645 io..
800 603 831 665 p.
847 587 928 662 361).
953 585 1083 666 Suspen-

105 691 175 736 sum
190 673 222 734 in
233 679 415 755 perpetuum
429 677 527 755 polest
540 673 571 734 S.
584 671 719 736 Pontifex
729 673 914 754 Episcopum
923 690 1031 753 cogere
1044 673 1083 735 ad

1 813 2 818 ,
105 761 239 824 dandam
253 779 341 824 suam
354 761 571 838 dimissionem,
582 767 612 823 et
624 763 649 824 si
664 762 808 840 renuerit,
824 779 894 825 eum
908 760 1081 844 deponerc;

107 851 169 914 imd
179 851 318 932 quamvis
326 851 495 934 Episcopus
507 849 545 914 de
559 850 687 913 crimine
696 869 758 912 non
769 849 1018 913 lueritoonvictus
1027 869 1084 916 nce

107 957 289 1022 suspensus,
302 938 333 1002 id
347 945 444 1022 polest
454 941 549 1022 Papa,
560 939 640 1019 justa
654 942 745 1003 cause
755 940 989 1018 interveniente,
1002 941 1084 1022 gravi

106 1048 136 1091 v.
160 1049 189 1110 g.
216 1027 358 1090 scandalo
380 1029 413 1090 in
432 1027 545 1110 populo
567 1035 701 1090 exstante
723 1028 805 1110 quod
829 1028 926 1092 sedari
941 1037 1081 1110 nequeat.

109 1119 251 1198 congrua
263 1125 365 1182 bmen
385 1117 457 1180 huic
479 1117 628 1199 Episcopo
646 1117 710 1180 dari
736 1117 838 1180 debet.
855 1119 891 1179 V.
910 1118 1024 1196 Bonis,
1041 1119 1085 1184 De

108 1207 300 1289 Episcopat.
317 1210 346 1280 l,
357 1225 388 1289 p.
401 1209 546 1270 aee-355.
558 1207 669 1270 Haecin
680 1205 820 1269 Galliaad
830 1207 1085 1290 praximdeduotn

109 1303 182 1360 sunt
195 1293 299 1374 (loia,
315 1316 346 1378 p.
362 1297 443 1377 359).

150 1389 304 1448 531-6·
321 1383 423 1462 Quoad
435 1385 604 1464 canonicos,
618 1384 761 1448 canonici
775 1391 806 1448 et
819 1385 955 1468 plerique
969 1385 1085 1453 bencd-

110 1474 179 1538 ciati
194 1481 266 1536 sunt
279 1477 367 1538 etiam
382 1475 605 1552 inemoribiles,
619 1473 670 1536 sed
683 1493 720 1536 ex
734 1475 921 1538 institutione
930 1477 1085 1540 ecclesias·

110 1565 171 1627 tica
184 1565 313 1626 tentiam.
328 1564 417 1628 Unde
432 1569 588 1646 nequeunt
602 1564 748 1648 removeri
764 1563 845 1625 inviti
860 1565 926 1626 sine
939 1565 1086 1629 sententia

110 1651 255 1736 luridus,
275 1660 363 1734 prout
380 1653 602 1716 mendicemus
622 1651 660 1714 de
678 1652 816 1734 parochis
831 1653 1083 1718 inemeribilibus.

152 1745 223 1804 552.
234 1777 275 1788 ·-
285 1745 316 1803 3⁰
332 1741 432 1817 Quoad
441 1741 599 1818 Parata,
615 1741 740 1804 Parcohi
754 1749 825 1803 sunt
841 1740 969 1824 duplicis
982 1743 1087 1806 condi·

112 1832 224 1894 tionis:
241 1829 290 1892 alii
304 1831 386 1893 enim
402 1839 472 1893 sunt
485 1831 621 1912 perpetui
641 1849 693 1892 seu
713 1829 938 1908 inemeribiles3
953 1832 1002 1894 alii
1016 1836 1087 1898 verb

112 1917 269 1982 adnutum
282 1919 475 1981 amoribiles:
491 1919 528 1981 de
543 1920 672 1980 essentie
683 1919 766 1981 enim
780 1925 952 1982 curatorum
967 1939 1028 1982 non
1043 1929 1087 1985 est

1 2005 2 2014 ’
113 2009 197 2090 qudd
228 2009 288 2071 sint
312 2007 449 2090 perpetui
483 2015 513 2069 et
533 2027 640 2070 omnes
663 2008 869 2070 inamovibiles
891 2008 929 2070 ab
955 2010 1088 2074 Ecclesia

115 2097 228 2160 suerint
243 2098 415 2174 constituti,
430 2103 464 2160 ut
477 2097 577 2159 videre
592 2103 634 2159 est
649 2097 729 2178 apud
748 2097 855 2173 Bouix,
872 2097 915 2159 De
935 2099 1085 2177 Paroolo,

115 2206 147 2270 p.
159 2191 300 2263 ebt-aru
312 2193 342 2249 et
355 2185 433 2248 inira
444 2187 655 2266 (1311·1316);
666 2193 695 2246 et
708 2185 987 2250 hocconlirmatum
1000 2189 1088 2250 variis

116 2278 200 2338 Rotae
217 2275 420 2338 decisionibus
437 2275 529 2338 videri
549 2281 647 2357 polest
664 2273 744 2355 apud
760 2274 906 2336 Analecta
919 2275 1005 2356 juris
1014 2297 1087 2358 pon·

118 2365 209 2448 tificit'
219 2412 227 2436 ,
247 2371 321 2444 sept.
341 2367 436 2440 1855,
452 2365 509 2426 eol.
527 2367 620 2440 1619,
636 2369 693 2424 etc.

157 2455 280 2515 Frustra
296 2453 326 2514 in
346 2454 531 2515 contrarium
553 2453 732 2533 allegaretur
750 2470 816 2534 cap.
840 2449 923 2516 unic.
946 2451 990 2514 De
1010 2452 1087 2536 Cap-

116 2541 206 2626 pellis
219 2540 366 2618 Monada,
377 2542 408 2602 in
417 2545 461 2617 6⁸,
472 2541 659 2603 ubidicitur:
674 2540 865 2621 «Presbyteri
875 2539 928 2622 qui
938 2539 1087 2605 adcurum

118 2651 134 2691 a
159 2629 263 2712 populi
283 2647 337 2712 per
359 2629 522 2706 monachos
545 2629 575 2690 in
598 2647 704 2691 eorum
718 2628 851 2691 ecclesiis
869 2633 1089 2710 presentantur

118 2740 135 2780 o
159 2719 315 2800 Episcopis
343 2723 373 2780 et
390 2718 586 2780 instituuntur
608 2718 647 2779 ab
665 2718 756 2798 ipsis,
781 2719 852 2779 clun
872 2717 1003 2780 debeant
1024 2739 1089 2784 esse

119 2829 136 2868 n
159 2806 308 2890 perpetui,
324 2807 361 2868 ab
375 2807 481 2869 iisdem
496 2813 652 2888 nequeunt
665 2807 797 2868 ecclesiis
810 2806 877 2888 (nisi
892 2825 947 2890 per
963 2809 1087 2891 Episco-

119 2917 136 2960 ι
159 2914 229 2979 pos,
246 2901 276 2957 et
288 2914 325 2958 ex
338 2898 429 2958 causa
442 2895 620 2973 rationabili)
634 2895 775 2958 amoveri.
791 2917 807 2954 e

159 2984 370 3067 Respondetur
384 2983 553 3065 enimqudd
567 2981 599 3045 in
608 2983 665 3045 hoc
676 2985 771 3065 capite
780 2985 929 3066 agabrrde
938 2987 1089 3051 parochiis

1 3113 2 3122 1
121 3091 253 3157 querum
266 3073 394 3136 titularis
408 3079 571 3155 perpetuus
584 3090 649 3134 esse
662 3071 804 3150 debebat,
816 3075 927 3156 quippe
941 3074 1090 3140 dabantur

117 3163 153 3225 in
172 3163 314 3239 titulum,
339 3168 374 3225 ut
397 3162 525 3244 probant
548 3161 613 3224 baec
640 3162 730 3224 verbe
753 3181 761 3224 ε
786 3170 815 3225 et
834 3163 1032 3226 instituuntur·
1052 3167 1090 3228 at

123 3253 214 3334 ἱρείη
235 3250 289 3313 sed
309 3249 383 3313 illud
402 3269 463 3312 non
483 3249 590 3332 probat
612 3269 673 3313 non
688 3251 759 3314 alias
777 3251 921 3315 exstitisse
934 3253 1089 3334 parochias

123 3358 192 3422 quae
204 3357 267 3404 nen
280 3339 429 3402 dabantur
442 3338 473 3401 in
487 3339 627 3414 titulum,
642 3340 767 3422 proinde
781 3347 918 3422 poterant
930 3360 995 3404 esse
1009 3361 1089 3404 amo·

122 3429 244 3506 ribiles3
260 3429 304 3491 sic
317 3429 519 3492 communiter
533 3429 593 3490 DI).
617 3446 689 3491 oum
704 3429 806 3491 blosse
820 3436 851 3492 et
863 3429 989 3512 ipsimet
1001 3432 1086 3492 nota.

125 3518 242 3594 Bouix,
273 3517 317 3580 De
344 3517 490 3587 Paroria,
521 3537 552 3598 p.
582 3519 663 3594 2l8;
692 3517 854 3597 Analecta,
884 3525 959 3599 sept.
990 3522 1086 3596 1856,

123 3607 182 3670 col.
199 3609 288 3669 lete.

163 3695 287 3757 Frustra
300 3693 404 3756 itidem
417 3691 449 3754 in
469 3691 652 3754 contrarium
668 3697 872 3772 opponeretur
885 3711 981 3754 canon
997 3693 1085 3756 Saar-
