2578 4008
520 273 607 320 arnan
627 277 747 326 rnruus.
988 321 992 326 .
1064 265 1123 328 369

143 391 159 430 ι
184 368 373 452 gravamine,
390 369 481 432 etiam
497 371 727 450 extrajudiuiali.
740 373 922 456 appellatum
936 375 1132 456 lueril)cou-⁴

143 481 159 520 a
183 459 300 523 ceditur
314 478 429 536 annus,
452 465 482 522 et
501 477 536 522 ex
553 460 634 540 justa
656 463 763 535 causa,
787 462 945 528 biennium
969 468 1123 547 (Loqueux

143 571 159 610 n
183 547 896 630 autem,nllttll,dieitappellationesinGallit
907 555 1013 635 perimi
1024 555 1122 617 solirm

143 661 159 698 a
182 645 250 720 post
266 636 456 717 triennium),
473 637 552 699 intra
566 637 648 719 quod
662 644 799 721 tempus,
815 641 840 702 si
854 641 1028 724 appellans,
1042 645 1122 722 justo

23 799 25 804 .
144 749 159 786 n
185 726 403 809 impedimento
417 733 574 804 cessante,
594 727 826 810 appellationem
847 749 933 793 suam
950 750 1011 793 non
1034 731 1122 795 luerit

143 839 159 877 a
183 823 377 898 prosecutus.
399 814 450 877 illa
469 815 587 878 deserta
605 817 813 879 censebitur.»
832 820 922 901 (Cap.
941 821 1015 884 cam
1028 821 1069 881 sit
1082 826 1121 899 5,

143 911 172 969 et
182 925 248 988 cap.
257 905 313 968 Ea
321 903 496 966 rationabili
505 908 534 978 8,
544 904 579 967 de
587 907 611 968 A
615 904 862 988 raperent-vid.
874 909 980 982 Boniti,
988 909 1121 972 Deludi-

143 995 208 1066 cr'r'r,
219 999 278 1068 tt,
290 1013 318 1076 p.
329 993 600 1071 283;—Lanoelot‚
612 993 664 1056 lib.
677 998 707 1071 3,
718 997 764 1056 tit.
779 1001 827 1073 tr,
838 997 994 1078 §au-tt.
1007 997 1119 1073 andra,

142 1083 768 1160 marrrndtsertion3-etStremler‚Dea
783 1085 882 1166 peines
893 1087 1119 1170 eccles.‚p.l3ss.

183 1173 286 1236 Dictus
299 1173 448 1235 terminus
462 1191 584 1236 currere
599 1173 704 1255 incipit
722 1176 739 1234 a
753 1173 802 1236 die
818 1175 1002 1257 interposite
1016 1178 1123 1259 appel-

143 1260 278 1340 lationis3
295 1260 348 1325 sed
364 1262 389 1324 si
407 1261 494 1324 luerit
511 1262 694 1344 appellatum
714 1263 731 1323 a
751 1265 924 1344 gravamine
946 1264 1119 1346 inferendo,

143 1349 247 1434 incipit
265 1369 386 1414 currere
409 1352 528 1414 tantum
547 1354 565 1412 a
584 1351 633 1412 die
652 1369 713 1432 quo
732 1350 770 1414 da
791 1349 870 1414 lacto
888 1371 1049 1434 gravamen
1066 1353 1122 1416 fuit
1150 1374 1152 1380 ¹

143 1439 259 1504 illatum
275 1441 437 1522 (Clemenl.
454 1444 483 1516 3,
496 1439 701 1522 coappellari.

183 1532 227 1593 De
240 1529 385 1611 fatalibus
407 1529 642 1611 appellationum
662 1549 716 1592 scu
736 1529 775 1592 de
788 1531 991 1613 temporibus,
1011 1531 1121 1612 quibus

143 1619 271 1703 elapsis,
289 1637 352 1680 non
366 1619 497 1701 amplius
510 1619 730 1695 conceduntur,
740 1620 787 1682 vel
796 1638 948 1684 concessae
961 1619 1120 1702 extingun-

143 1716 203 1788 tur,
218 1709 285 1772 vide
298 1707 377 1770 infra
390 1707 517 1771 dicenda
532 1711 638 1788 (5988,
652 1707 738 1788 etc).

397 1868 436 1912 DE
458 1867 675 1914 aeeuuuamour:
698 1867 735 1912 AB
756 1867 861 1914 ABUSU.

183 1979 252 2038 666.
275 1975 387 2036 Praeter
409 1973 642 2055 appellationem
665 1973 854 2056 simplicem,
878 1975 916 2038 de
946 1978 1007 2057 qua
1030 1977 1121 2041 modo

142 2065 234 2128 locuti
258 2081 363 2126 sumus
390 2069 419 2124 et
444 2081 512 2144 quae
530 2067 575 2124 est
597 2062 768 2124 remedium
790 2063 989 2135 canonicum,
1005 2083 1060 2128 seu
1082 2066 1120 2129 ab

142 2154 276 2218 Ecclesia
297 2153 467 2214 institutum
481 2149 518 2212 ad
533 2151 683 2212 sanandos
702 2153 888 2214 Potestatum
911 2153 1121 2220 eeclesiastica-

142 2247 210 2307 rum
226 2244 349 2316 abusus,
361 2241 512 2302 invectum
527 2246 572 2301 est
582 2239 662 2302 aliud
672 2240 880 2322 appellationis
890 2260 997 2324 genus,
1012 2245 1123 2306 nonab-

142 2333 294 2407 Ecclesia,
312 2329 365 2394 sed
383 2337 488 2392 contra
501 2329 665 2391 Ecclesiam
689 2329 860 2392 institutum
874 2337 903 2392 et
921 2332 970 2394 cui
992 2331 1117 2395 inditum

142 2422 199 2486 fuit
219 2439 332 2484 nomen
351 2417 522 2502 Appellatio
541 2417 579 2479 ab
600 2417 701 2480 abusu
718 2421 752 2480 In
773 2437 810 2482 eo
832 2419 967 2482 consistit
987 2420 1068 2502 quod
1082 2422 1120 2484 od

141 2513 312 2575 seculorem
334 2516 521 2592 potestatem,
541 2527 674 2570 recursor
700 2507 844 2571 debeatur
865 2507 906 2570 ad
928 2527 959 2570 re
985 2509 1119 2572 tuendum

142 2610 244 2664 contro
257 2619 386 2662 excessus
400 2598 592 2679 Superiorem
609 2597 875 2659 ecclesiastieorum.

182 2696 252 2756 667.
276 2689 398 2762 Quaerit.
424 2690 454 2748 l⁰
474 2689 582 2752 Utrum
597 2685 770 2765 hujusmodi
792 2685 952 2770 appellatio
966 2687 1005 2748 sit
1018 2687 1122 2754 licita‘l.

181 2785 272 2863 Resp.
290 2782 364 2840 llam
379 2776 490 2838 licitam
504 2795 569 2838 esse
583 2775 818 2837 contenduntilli
833 2775 976 2838 Gallicani
989 2777 1040 2858 qui
1048 2799 1120 2860 por-

143 2869 315 2932 tumentort'i
330 2872 554 2947 nuncupantur,
576 2865 674 2946 qualis
687 2863 744 2926 luit
761 2865 904 2927 Ferratus
924 2866 976 2948 qui
999 2867 1041 2928 ait
1065 2871 1120 2948 (De

142 2959 259 3028 dabar,
281 2957 333 3020 lib.
355 2960 385 3032 t,
400 2955 449 3018 ch.
469 2959 498 3032 t,
515 2966 548 3015 n0
561 2957 611 3030 21)
625 2974 632 3016 :
653 2974 669 3012 r
682 2952 755 3015 L’on
770 2959 842 3035 peut
860 2953 925 3017 dire
944 2973 1015 3018 avec
1028 2959 1119 3022 verita

6 3095 17 3118 ,
141 3071 158 3110 u
182 3067 242 3130 que
257 3045 334 3110 celui
348 3045 401 3127 qui
411 3044 443 3106 le
458 3044 589 3127 premier
599 3062 637 3106 en
652 3041 821 3104 introduisit
833 3042 861 3105 la
875 3042 978 3118 lacon,
989 3044 1117 3127 derrait,

141 3160 159 3200 a
182 3156 302 3200 comme
326 3133 525 3208 Archimede,
540 3133 661 3194 s'ecrier
679 3131 757 3194 deux
780 3150 822 3195 ou
839 3133 912 3212 trois
927 3133 1000 3196 lois:
1017 3135 1053 3198 Je
1067 3136 1120 3200 t'ui

142 3249 158 3288 n
184 3229 319 3289 trouve.»
338 3221 533 3287 Sedomnind
544 3221 871 3302 negativerespondere
882 3221 976 3285 multa
987 3235 1116 3306 cogunt,

142 3315 294 3380 videlicet:
1142 3367 1143 3370 ,

184 3409 213 3467 κ’
235 3401 368 3468 Ecclesia
381 3405 429 3464 est
439 3399 564 3463 societas
575 3398 724 3481 perlecta,
740 3399 866 3463 omnind
879 3400 1087 3485 independens
1100 3407 1118 3468 a

142 3496 281 3559 societate
295 3489 471 3574 temporali,
487 3488 569 3570 quod
592 3488 715 3571 quidem
736 3495 782 3552 est
800 3489 839 3552 de
861 3489 940 3568 side,
955 3499 985 3552 et
999 3492 1117 3575 probari

144 3591 241 3668 potest
254 3603 290 3645 ox
306 3582 393 3644 Bulla
408 3576 551 3640 Bonilaoii
561 3579 626 3639 VllI
648 3577 741 3642 Unam
755 3587 895 3644 sunctum.
907 3580 1001 3642 Porrd
1015 3581 1117 3644 Euole-

143 3675 188 3738 sia
201 3691 263 3735 non
280 3671 406 3734 omnino
420 3674 498 3732 esset
511 3666 718 3749 independens
730 3685 749 3729 a
762 3667 898 3729 seculari
913 3673 1057 3750 potestate
1069 3716 1077 3740 .
1092 3670 1116 3730 si
