2578 4008
480 225 564 272 creua
587 229 704 276 neruus.
1052 224 1110 285 aaa

173 317 310 376 testatem
325 316 357 378 in
371 320 558 400 temporalia.
575 323 627 384 Est
648 331 752 388 contra
766 331 780 390 l
800 329 959 392 articulum
973 331 1109 394 Declaraae

174 402 264 465 tionis
280 405 354 468 Cleri
375 407 518 470 Gallicani
534 413 621 473 1682.
636 413 711 475 Vide
724 433 815 497 supra
830 420 929 499 (220).

174 501 322 566 Probatur
348 508 377 566 l·
405 524 494 588 pars,
523 515 553 570 et
583 509 706 590 quidem
730 515 845 576 ratione
872 523 903 578 et
926 519 1108 582 auctoritate.

135 593 169 652 {⁹
187 590 314 656 Ratione
334 613 345 655 .·
366 595 420 657 Vel
441 597 567 659 sociatas
588 601 761 682 temporalis
784 621 845 665 non
868 611 914 667 est
931 609 949 668 a
966 609 1111 689 spirituali

134 681 1110 778 omnindindependens‚veldicendumsocietatemspiritualem,

134 769 301 832 Ecclesiam
326 773 463 836 videlicet
476 823 484 852 ,
499 775 604 856 subjici
624 781 761 860 potestati
782 782 939 860 saeculari,
965 785 1047 866 quod
1069 793 1114 851 est

134 855 327 938 haereticum,
352 864 522 926 clamasset
544 866 711 930 annihilare
734 872 939 934 auctoritatem
959 875 1111 954 Ecclesiae,

136 967 206 1028 quae
226 967 288 1011 non
307 950 387 1014 aliud
407 971 472 1016 esse
495 962 590 1036 polest
613 959 705 1036 quam
720 977 860 1040 suprema
878 961 1025 1044 interpres
1040 965 1113 1046 legis

136 1036 256 1112 divinae,
273 1039 303 1101 id
317 1048 361 1102 est
371 1041 442 1121 justi
457 1049 486 1104 et
496 1043 613 1122 injusti,
629 1053 658 1108 et
671 1047 761 1110 unica
776 1047 962 1114 distributrix
974 1055 1114 1118 omnium

136 1123 287 1191 bonorum
310 1130 521 1212 spiritualium.
538 1133 636 1196 Probo
655 1139 902 1217 consequentiam
920 1159 927 1201 :
943 1141 1111 1222 conflictus,

138 1221 171 1278 ut
193 1219 376 1299 experientia
403 1227 538 1298 constat,
563 1223 672 1285 exoriri
695 1232 821 1306 possunt
848 1229 925 1290 inter
955 1237 1114 1314 utramque

138 1313 313 1386 potestatem
328 1309 513 1390 spiritualem
524 1317 552 1372 et
567 1314 775 1394 temporalem,
791 1321 906 1379 altune
920 1337 991 1382 suos
1005 1321 1114 1384 limites

138 1396 282 1459 excedere
292 1417 385 1459 unam
398 1405 449 1460 aut
463 1400 586 1462 alteram
597 1420 719 1465 neeesse
733 1411 795 1466 est:
812 1407 902 1486 porro
916 1407 953 1469 ad
967 1408 1113 1473 diriman-

137 1481 208 1547 dam
222 1487 320 1565 litem‚
335 1487 381 1549 vel
397 1487 498 1550 nullus
508 1489 601 1569 judex
615 1493 632 1551 a
650 1493 710 1554 Deo
724 1501 768 1554 est
786 1495 954 1573 institutus,
970 1505 999 1560 et
1013 1499 1043 1560 in
1059 1500 1114 1564 hac

137 1573 295 1657 hypothesi
314 1577 471 1640 manifeste
484 1580 631 1660 sequitur,
652 1599 713 1642 non
734 1584 851 1646 tantlrm
872 1602 908 1646 ex
929 1587 1113 1652 institutione

137 1665 238 1728 divina
255 1665 359 1728 adesse
378 1667 490 1729 bellum
505 1668 724 1732 irremediabile
741 1671 818 1734 inter
841 1679 1001 1757 utramque
1014 1685 1113 1758 potes-

137 1760 244 1833 tatem,
261 1755 387 1837 proinde
408 1755 589 1820 discordiam
612 1759 711 1838 politis
733 1763 826 1842 quam
846 1762 984 1826 ordinem
1010 1767 1026 1828 a
1050 1769 1113 1830 Deo

139 1845 232 1910 luisse
246 1845 424 1925 institutam,
439 1845 592 1910 sedetiam
606 1848 770 1911 Ecclesiam
785 1869 846 1914 suae
860 1855 1012 1934 potestatis
1025 1875 1113 1938 posse

139 1937 278 2017 ignorare
301 1934 428 2013 limites,
459 1941 681 2017 consequenter
710 1939 891 2003 indubium
916 1963 1004 2024 posse
1025 1965 1113 2010 revo-

138 2025 210 2100 cari,
234 2024 409 2105 nullamque
430 2024 557 2106 proinde
571 2033 776 2088 auctoritatem
795 2029 916 2107 hebere,
940 2033 1112 2117 deponique

138 2115 252 2196 absque
265 2115 459 2195 usurpatione
474 2132 561 2196 posse
575 2133 609 2176 ac
623 2115 705 2177 alteri
721 2117 826 2196 subjici
840 2165 848 2190 ,
865 2121 945 2200 quod
961 2125 1040 2185 certe
1054 2127 1112 2188 dici

139 2204 262 2285 nequit;
287 2204 333 2264 vel
353 2203 458 2284 aliquis
483 2203 575 2283 judex
594 2203 766 2283 hujusmodi
783 2205 993 2271 discriminum
1012 2215 1029 2274 a
1051 2217 1112 2277 lteo

138 2294 195 2356 fuit
208 2294 401 2369 constitutus;
417 2301 446 2356 et
464 2299 554 2368 tunc,
576 2293 633 2354 nisi
655 2294 813 2356 adversarii
829 2299 996 2360 concedant
1010 2302 1112 2364 Eccle-

138 2386 214 2446 siam
228 2401 293 2444 esse
316 2382 398 2444 hunc
417 2381 565 2461 judicem,
583 2383 678 2464 ipsius
700 2385 860 2447 auctoritas
876 2405 999 2467 prorsus
1012 2389 1113 2454 denud

138 2473 280 2538 evertitur
302 2471 488 2552 omnindque
511 2471 644 2551 subjacet
662 2473 796 2534 saeculari
817 2478 980 2556 potestati:
1001 2479 1113 2562 quippe

138 2563 288 2646 principes
296 2559 844 2640 saeculares,suniuradeterminando‚
853 2565 962 2648 eoipso
972 2567 1113 2632 Ecclesiae

135 2652 255 2734 juribus
277 2651 386 2713 limites
412 2649 624 2732 proscribere
649 2657 793 2732 preterea
818 2653 889 2715 clim
915 2654 1015 2717 nullus
1037 2657 1113 2722 alius

134 2741 229 2824 judex
242 2741 393 2822 legitimus
407 2738 499 2821 possit
517 2756 582 2801 esse
597 2741 689 2821 quam
704 2741 864 2804 auctoritas
881 2760 950 2824 quae
961 2745 1011 2824 jus
1025 2746 1113 2810 habet

135 2830 291 2913 judicandi
317 2829 355 2891 de
375 2828 455 2909 justo
478 2833 506 2890 et
526 2828 657 2907 inJusto,
680 2831 812 2893 Ecclesia
833 2849 895 2894 non
909 2841 1005 2914 polest
1022 2837 1112 2900 talem

135 2921 270 3002 judicem
290 2923 372 2980 extra
392 2935 425 2978 se
443 2935 622 2998 agnoscere,
645 2919 719 3000 quin
742 2938 779 2982 eo
802 2921 867 3002 ipso
890 2921 1064 3004 profiteatur
1081 2947 1113 2991 se

137 3010 223 3073 illum
234 3027 296 3072 non
311 3025 387 3083 esse,
403 3024 460 3068 neo
474 3005 600 3087 proinde
614 3025 679 3069 esse
689 3009 894 3072 auctoritatem
909 3013 1108 3092 spiritualem,

137 3101 209 3164 cum
227 3097 321 3179 iudex
341 3095 413 3176 justi
433 3101 463 3156 et
485 3095 587 3174 injusti
605 3095 644 3156 sit
664 3099 831 3160 necessaria
848 3101 1007 3163 auctoritas
1024 3105 1107 3178 spiri-

133 3183 230 3250 ruatis,
248 3185 375 3261 proinde
390 3191 465 3263 qnln
478 3183 608 3264 seipsam
629 3183 755 3245 occidat.
771 3185 850 3262 Ergo
863 3182 921 3242 dici
939 3192 1043 3262 nequit
1054 3185 1109 3245 Ec·

132 3265 1107 3353 clesiamnonluisseaDeoinstitutamjudiccmconflictuumqui

132 3358 1108 3441 interpoteslatemsaecularernetspiritualemoriripossuntErgo

129 3445 197 3529 jure
212 3450 314 3513 divino
325 3451 486 3513 auctoritas
497 3451 673 3531 temporalis
685 3468 746 3511 non
761 3455 806 3510 est
816 3450 942 3511 omnino
960 3449 1109 3529 indepen-

131 3537 232 3600 densa
247 3540 388 3602 societate
398 3539 555 3621 spirituali.
569 3541 606 3604 V.
618 3537 742 3620 Syllabi
756 3558 786 3618 p.
801 3541 850 3610 19,
866 3541 915 3608 20,
930 3542 980 3609 39,
993 3542 1044 3613 42,
1055 3541 1105 3601 et.

177 3627 215 3688 Et
227 3629 296 3691 rard
305 3629 431 3693 societas
439 3625 871 3734 ‘⁶¹⁰W{l¹³}.l¹³¹¹‘¹di⁰{l?⁰[⁸.ii
881 3625 1008 3688 omnind
1019 3625 1106 3689 inde·
