2506 3984
1041 3 1139 38 '337

228 181 288 245 600
452 199 588 246 utrumn
608 197 710 246 roaros
728 198 812 248 6666
831 196 978 246 amonim

228 315 327 379 neque
340 304 457 362 anulare
470 305 580 362 statum
589 299 716 380 alicuius
724 297 858 363 ecclcsiae
868 299 899 360 in
916 297 1040 361 casibus
1049 293 1207 379 quibusid

227 387 304 448 salet
322 387 498 470 Episcopus
515 407 614 471 neque
629 387 761 451 alienare
774 406 823 451 res
836 387 989 464 Ecclesia,
1004 393 1059 449 aut
1072 393 1207 450 transac-

227 474 340 538 tionem
354 476 462 550 tacere,
479 496 578 559 neque
590 477 792 559 indulgentias
803 475 982 552 concedere,
999 493 1105 557 neque
1120 477 1210 539 inter

227 561 306 626 dieta
321 565 465 641 relaxare,
481 586 581 648 neque
594 566 687 629 aliurn
699 566 852 630 Vicarium
863 565 920 629 sibi
933 522 1132 641 substituere,
1154 567 1207 628 uisi

227 669 262 714 ex
282 652 415 736 legitima
431 659 523 720 eausa
540 664 570 718 et
587 656 625 718 ad
639 654 794 719 modicum
807 662 944 738 tempus,
966 654 1076 724 etiam,
1101 655 1207 717 saltem

227 741 430 822 probabiliter,
445 763 517 808 6ιιι6
526 745 647 827 speciali
661 745 810 808 facultate
803 761 923 826 ‚neque
936 741 1120 806 absolverer
1134 747 1207 806 uisi

228 829 283 893 bus
297 833 444 916 Episcopo
461 836 628 913 reservatis,
644 853 744 918 neque
762 833 985 916 dispensarem
999 831 1205 914 irregularita-

228 917 322 992 tibus
347 929 377 984 et
395 923 549 986 absolvere
571 926 590 986 a
616 923 866 1007 suspensionibus
887 941 926 985 ex
951 920 1061 984 delicto
1086 924 1206 984 occidte

225 1009 486 1088 provenientibus,
501 1029 537 1075 ac
556 1011 595 1074 ab
612 1011 679 1074 aliis
697 1011 817 1076 casibus
839 1009 963 1074 occultis
983 1009 1054 1072 Sedi
1075 1011 1204 1092 Aptale

227 1091 292 1158 licae
309 1099 466 1162 reservatis
476 1100 637 1182 ‚quamvis
653 1099 684 1162 id
702 1101 794 1183 possit
809 1097 1004 1182 Episcopus
997 1118 1029 1160 rn
1049 1099 1114 1161 dm
1129 1101 1206 1162 Con

226 1182 286 1246 cilii
301 1186 435 1250 [trident.
450 1188 538 1270 (sess.
554 1193 612 1267 64,
632 1208 700 1272 cap.
720 1193 752 1266 6,
770 1187 917 1270 66666),
932 1187 1205 1289 nequeabsolrere

226 1272 264 1335 ab
273 1277 587 1342 excommunicatione
600 1278 738 1354 canonis,
749 1277 787 1340 Si
795 1277 861 1362 quis
874 1276 1044 1353 medates
1036 1295 1068 1338 in
1084 1277 1205 1340 casibus

225 1363 337 1443 quibus
349 1363 379 1427 id
390 1373 487 1448 potest
495 1367 662 1450 Episcopus
678 1367 785 1447 (solent
798 1373 899 1430 umen
911 1363 1068 1448 Episcopi
1060 1385 1095 1426 in
1108 1367 1205 1429 Gallia

224 1450 255 1532 p
258 1471 311 1516 ura
325 1473 361 1517 ex
375 1454 422 1518 his
435 1455 603 1520 concedere
612 1457 674 1520 suis
687 1454 840 1536 Vicariis);
852 1472 951 1537 neque
964 1472 1155 1535 cognoscere
1168 1457 1204 1518 de

225 1558 353 1605 666666
361 1543 509 1608 haereseos
513 1563 630 1628 neque
639 1545 810 1608 consentire
819 1551 853 1607 ut
865 1542 966 1607 clerica
975 1542 1112 1623 litigent
1104 1563 1135 1605 rn
1146 1545 1204 1608 alio

225 1627 365 1694 tribunali
385 1636 477 1714 quum
498 1653 571 1711 suo,
594 1634 689 1697 velut
710 1633 957 1734 Metropolitanus
976 1641 1144 1712 cognoseat
1167 1634 1204 1696 de

226 1722 347 1799 negotio
360 1723 533 1804 principali,
544 1724 657 1786 omisso
667 1741 739 1786 casu
752 1719 959 1805 appellationis
972 1721 1136 1800 (laureo,
1152 1743 1201 1806 ap

226 1807 336 1885 Bouix,
354 1811 553 1889 delectetis,
569 1812 625 1888 ib„
640 1833 671 1894 p.
687 1815 768 1891 436),
780 1829 880 1894 neque
892 1809 1049 1893 explorare
1062 1811 1202 1874 voluuta-

225 1901 286 1957 tem
305 1897 412 1979 puellae
425 1900 562 1963 habitum
580 1901 734 1983 religionis
756 1899 946 1983 suscipientis
970 1899 1016 1962 vel
1036 1899 1201 1982 professio-

225 2001 295 2046 nem
317 1987 503 2066 emittentis,
527 1989 585 2051 nisi
607 1990 774 2073 Episcopus
798 1989 837 2052 sit
858 1989 967 2052 absens
992 1994 1044 2050 aut
1064 1988 1201 2070 legitime
1251 2005 1252 2040 ³

224 2073 400 2156 impeditus;
417 2096 517 2160 neque
531 2086 688 2142 auctorare
701 2079 875 2161 exemplum
889 2097 926 2141 ex
939 2075 1076 2158 originali
1093 2095 1200 2162 sump-

222 2170 299 2242 tum,
314 2185 413 2248 neque
425 2167 660 2230 condemnatum
670 2167 823 2232 absolvere
837 2186 889 2231 seu
902 2167 930 2230 ei
945 2167 1071 2248 gratiam
1086 2165 1197 2246 lacere,

223 2271 323 2336 neque
336 2257 443 2338 exequi
456 2259 520 2339 pias
533 2256 743 2320 defunctorum
756 2258 938 2329 voluntates,
955 2273 1056 2336 neque
1069 2274 1197 2337 genera·

223 2343 277 2406 tim
290 2363 326 2408 ea
340 2345 459 2428 explere
473 2364 542 2428 quae
556 2346 705 2428 Episcopo
714 2351 901 2428 competunt,
917 2363 979 2408 non
988 2343 1027 2408 de
1037 2345 1108 2424 jure
1117 2364 1198 2408 cona·

223 2434 329 2508 muni,
352 2434 404 2498 sed
424 2435 570 2498 duntaxat
590 2433 708 2514 dejure
726 2434 858 2519 speciali.
879 2433 955 2497 Vide
976 2432 1119 2516 quaedam
1140 2437 1199 2499 alia

222 2521 324 2586 minus
337 2525 484 2606 practica,
494 2523 526 2588 in
542 2523 634 2586 661116
644 2523 748 2586 saltem
758 2571 766 2601 ,
777 2543 828 2606 ap.
842 2523 993 2600 Ferraria,
1008 2529 1039 2584 v·
1062 2521 1199 2588 Vicam'uc

222 2609 386 2687 Generalis,
402 2621 457 2677 art.
473 2617 504 2692 2,
520 2611 681 2690 6“·1683;
697 2619 728 2676 61
736 2613 844 2691 Bouill,
860 2612 946 2690 iliu,
960 2631 992 2694 p.
1007 2614 1078 2688 416,
1093 2619 1154 2676 616.

262 2705 349 2766 llos.
373 2704 472 2785 Supra
490 2709 666 2766 enumerata
679 2703 821 2784 exigunt,
845 2707 879 2766 ut
889 2702 953 2782 jam
967 2701 1115 2780 diximus,
1130 2721 1199 2785 spe-

219 2791 295 2854 ciale
308 2793 485 2856 mandatum
501 2812 508 2854 :
525 2793 615 2874 porrd
634 2799 794 2874 sequentes
812 2789 951 2854 termule
965 2809 1027 2854 noo
1047 2790 1195 2857 habemas

219 2887 321 2942 essent
333 2887 366 2944 ut
384 2881 566 2944 sufficienter
584 2883 774 2944 continentes
786 2879 845 2943 tale
865 2879 1041 2942 mandatum
1057 2899 1065 2940 ε
1082 2879 1193 2943 Conce-

219 2967 315 3031 dimus
322 2970 446 3052 plenum
460 2979 489 3034 et
502 2970 624 3033 liberum
637 2967 810 3052 fucultatem
826 2969 932 3051 apendt'
944 2968 1041 3030 cannia
1053 2989 1119 3052 quae
1133 2969 1192 3052 ι’[ιιε

218 3055 382 3140 Episcopus
393 3077 480 3140 apere
492 3067 608 3142 potest,·
621 3059 668 3121 vel
683 3077 700 3122 a
709 3057 898 3124 Concedimus
914 3055 1086 3140 facultatem
1099 3060 1192 3121 etium

217 3145 258 3208 ud
268 3147 365 3208 munic
378 3166 444 3229 que
455 3147 581 3230 speciale
593 3147 763 3210 mundatum
777 3148 948 3230 requirunt,
964 3146 1023 3209 nisi
1038 3147 1191 3211 66661611-

218 3254 278 3318 qua
291 3235 402 3298 existis
415 3237 595 3319 specialibus
609 3238 815 3320 exprimantur
828 3257 836 3298 ι
847 3236 961 3320 quippe
970 3235 1002 3298 in
1014 3235 1127 3300 talibus
1134 3236 1191 3300 lor·

217 3323 308 3386 mulis
321 3324 395 3388 nihil
408 3325 533 3409 speciale
547 3327 666 3390 realiter
678 3327 868 3410 exprimitur.

257 3417 345 3476 1164.
365 3435 381 3475 c
396 3414 442 3477 ild
455 3413 695 3496 dignoscendum
708 3423 811 3480 autern
820 3435 876 3499 pro
889 3415 1074 3498 quibusnam
1091 3418 1190 3482 causis
1249 3423 1250 3470 t

216 3523 232 3561 ι
255 3499 512 3582 lubeat‚velnon‚
528 3504 657 3584 speciale
669 3503 1188 3587 mandatumdebetdiligeuterius·

216 3608 231 3650 a
256 3589 367 3658 uici...
393 3590 627 3654 instrumentum
655 3593 878 3657 commissionis
902 3592 1186 3678 (Vicariatdsl...=ai
