2570 4006
186 247 243 309 20ss
403 251 542 309 UANUAOE
559 261 661 309 TO'liUS
679 261 762 308 turus
783 262 932 310 canonici.

189 387 202 425 ι
225 364 300 428 dum
312 363 439 446 singulis
451 363 691 429 hebdomadibus
703 384 806 430 coram
819 365 1166 447 Nobisbnbetur‚relnb

187 475 202 514 ι
226 451 302 527 aliis,
318 471 373 535 per
387 451 448 517 Not
461 454 492 516 in
503 452 610 517 eadem
620 455 770 537 congreg.
788 455 955 537 specialiter
969 455 1163 540 deputandis,

187 563 201 600 a
226 541 1164 628 concedantur.»rosteaveroidentjusconcessnmluitcongre·

186 631 298 711 gationi
310 630 431 693 indicis.
443 633 480 694 V.
490 631 604 707 Bonis,
620 632 931 710 recensuerant,
947 653 978 716 p.
994 637 1074 712 569,
1089 640 1161 698 570.

227 721 274 780 An
288 731 390 782 antem
404 724 497 802 possit
511 719 622 782 librum
635 721 759 784 vetitum
774 722 840 784 sine
855 721 974 785 licentio
988 722 1088 804 legere
1108 727 1163 806 qui

186 807 339 870 moraliter
360 815 459 871 certus
486 816 532 872 est
552 809 642 872 talem
666 809 826 873 lectionem
847 829 910 873 non
929 811 985 872 sibi
1000 830 1066 876 esse
1078 813 1164 876 offu-

185 895 1164 982 turaml-Quidqmddicantalii,omnindestoegandum‚juxta

185 983 217 1046 S.
235 986 370 1066 ligone,
386 983 438 1046 lib.
454 991 485 1060 l,
501 993 535 1046 ηο
547 989 617 1048 ast.
754 1067 756 1070 Ι

237 1070 305 1132 760.
322 1071 423 1148 Quaer.
452 1069 483 1132 d·
509 1069 658 1145 Quaenam
681 1069 887 1132 incurrantur
914 1087 1028 1148 poena.

235 1157 324 1241 llesp.
339 1159 608 1222 t‘dttendendum
618 1157 709 1223 estad
724 1169 846 1220 reatum
860 1161 977 1239 peccati
987 1159 1070 1240 qnod
1080 1161 1153 1242 quis

196 1251 314 1312 commi
331 1261 395 1312 tera
408 1259 510 1331 potest
533 1249 667 1330 legendo
693 1247 791 1310 libros
807 1263 932 1330 pravos,
949 1249 1007 1312 etsi
1024 1250 1055 1311 in
1070 1249 1154 1313 lodi-

195 1356 264 1400 cem
281 1355 344 1402 nou
367 1338 492 1417 relatos,
510 1339 585 1418 quia
609 1345 717 1420 peccat
735 1345 845 1401 contra
862 1336 964 1418 legem
984 1338 1153 1402 ntoralem.

196 1425 262 1491 Hoc
277 1441 438 1509 peccatum
455 1437 615 1490 tameuest
631 1425 776 1490 monitori
791 1425 1152 1501 interni‚et.aecundunt

195 1517 321 1597 regulas
337 1517 506 1597 tlteologiae
520 1517 646 1579 moralis
660 1517 909 1597 dijudicandum.

234 1612 268 1670 2⁰
292 1607 370 1670 llein
393 1607 480 1669 adest
497 1615 660 1688 peccatum
676 1607 712 1670 de
737 1624 768 1670 ae
792 1624 887 1685 grave
915 1603 1024 1668 contra
1049 1605 1154 1688 legem

196 1696 451 1770 ecclesiasticam,
468 1695 598 1776 quando
615 1696 771 1776 quislagit
787 1695 886 1756 libros
898 1695 930 1755 in
948 1693 1086 1758 indicem
1105 1713 1153 1759 ne·

200 1784 289 1854 latos,
307 1793 361 1846 aut
371 1802 426 1864 per
441 1785 566 1864 regulas
583 1784 699 1847 indicis
715 1783 893 1866 prohibitos
909 1783 978 1863 (nisi
992 1795 1153 1864 quatenus

195 1873 250 1937 ha
267 1875 348 1954 leges
364 1891 402 1935 ex
424 1884 513 1956 parte
533 1873 564 1934 in
581 1873 823 1936 desuetudinem
851 1872 1010 1948 abierunt,
1028 1885 1062 1936 ut
1079 1876 1151 1938 dic·

197 1972 263 2025 tum
280 1962 355 2045 est).
377 1960 463 2025 Hanc
488 1961 617 2044 culpam
649 1961 681 2024 lai
708 1963 766 2026 soli
787 1961 913 2042 lugiunt
932 1961 986 2044 qui
1001 1961 1153 2027 facultate

197 2053 337 2134 legitima
351 2052 464 2114 muniti
475 2063 562 2127 sunt,
573 2053 720 2134 quamvis
733 2061 766 2115 et
781 2053 841 2134 ipsi
853 2053 948 2134 alege
960 2053 1073 2116 morali
1086 2071 1152 2118 noo

195 2141 266 2205 ideo
281 2143 477 2204 eximantur.

234 2235 268 2294 3⁰
292 2232 331 2294 tt
347 2240 512 2314 peccantes
537 2237 647 2294 contra
664 2229 768 2311 legem
797 2227 1042 2293 ecclesiasticam
1063 2230 1151 2294 eirca

195 2320 292 2384 libros
318 2321 495 2404 prohibitos
514 2320 601 2383 nulla
626 2319 691 2402 jam
708 2337 800 2402 poena
819 2318 1013 2400 plectuntur,
1030 2319 1090 2380 nisi
1116 2321 1150 2384 in

196 2409 398 2495 sequentibus
412 2411 558 2485 casibus3
581 2405 943 2472 excommunicationem
960 2407 1049 2469 enim
1077 2408 1151 2474 latae

195 2499 404 2563 sententiaeb.
435 2499 469 2560 P.
495 2497 675 2576 specialiter
697 2505 888 2559 reservatam
912 2498 1151 2566 incuntanter

195 2599 294 2659 const.
309 2589 488 2670 Apostolicce
502 2583 630 2662 sediti,
647 2585 711 2648 ηοξ
725 2605 734 2647 :
750 2585 1071 2666 ‹Scientertegentee
1081 2587 1152 2651 sina

196 2703 212 2738 ι
228 2683 411 2742 auctoritate
424 2677 513 2740 Sedis
529 2675 727 2758 Apostolum,
743 2675 881 2738 libros...
893 2682 1106 2756 apostatarum
1118 2685 1151 2738 at

196 2793 211 2826 n
229 2769 446 2833 ltaereticorum
464 2765 608 2830 haeresim
633 2775 882 2846 propugnantes,
909 2781 1034 2826 necnon
1051 2763 1151 2828 libros

198 2883 212 2916 a
229 2859 368 2938 cujusvis
383 2860 519 2921 auctoris
542 2855 804 2939 perllpostolicas
820 2855 938 2918 litteras
956 2855 1148 2918 nominatim

197 2973 212 3009 a
229 2946 414 3028 prohibitos,
423 2947 614 3027 eosdemque
635 2943 732 3006 tibros
759 2950 942 3019 retinentes,
962 2943 1149 3026 imprimen-

197 3063 213 3098 »
230 3045 312 3100 teset
326 3035 566 3117 quomodolibet
582 3033 829 3096 detendentes.»

236 3128 351 3188 Eadem
368 3123 473 3187 Const.
487 3141 642 3186 excomm.
657 3121 720 3184 lata
732 3141 750 3184 a
762 3121 847 3186 Trid.
864 3137 939 3185 sess.
956 3119 1007 3198 ll,
1024 3121 1059 3184 de
1073 3120 1149 3186 edit.

195 3221 224 3280 et
238 3213 388 3289 ueniter„
405 3213 543 3276 restricta
558 3223 603 3275 est
619 3211 658 3274 ad
674 3229 728 3275 eos
743 3235 757 3268 ι
770 3213 824 3295 qui
836 3209 934 3274 libros
944 3210 983 3274 de
998 3209 1093 3274 rebus
1105 3230 1152 3274 sa·

196 3305 295 3367 »cris
317 3309 484 3366 tractantes
506 3301 574 3364 sine
594 3299 752 3364 Ordinarii
781 3301 1011 3384 approbatione
1034 3301 1149 3377 impri-

197 3419 213 3452 »
230 3403 322 3457 munt
332 3403 384 3454 aut
397 3391 535 3471 imprimi
549 3391 668 3453 iaciunt
681 3414 708 3452 a.
724 3391 882 3463 Jamvero.
896 3409 934 3452 ex
949 3407 1102 3470 responso
1115 3387 1148 3452 S.

196 3481 294 3547 Officii
309 3481 340 3544 d.
353 3481 391 3542 22
406 3481 474 3542 dec.
492 3479 579 3551 1880,
597 3487 663 3542 taec
677 3497 809 3542 censura
835 3503 849 3536 ι
866 3479 1082 3560 restringenda
1099 3489 1147 3542 est

197 3593 212 3632 ι
231 3573 272 3635 ad
289 3570 386 3632 libros
399 3569 567 3633 Sacrorum
585 3565 833 3649 Scripturarum,
845 3586 970 3632 necnon
982 3568 1021 3632 ad
1036 3583 1148 3629 corum
