2586 3988
203 319 254 363 vm
591 292 768 349 fflffl’lo.

202 433 272 502 rap.
292 407 361 496 10,
381 431 411 478 r.
430 408 486 498 lb)
501 431 512 495 ς
528 417 560 480 et
579 432 588 481 :
610 411 680 494 Qut
702 409 880 480 Ecclesium
900 425 964 473 non
978 399 1175 473 audierunt

200 503 261 569 tibi
286 501 371 568 sicot
395 497 539 566 ethnicus
567 509 595 568 et
617 499 816 588 polluatur
841 491 1171 584 (narrn.,cap.18,

199 613 228 656 v.
249 587 316 672 ll).
333 588 471 655 naxtme
488 607 567 675 ergo
583 585 859 656 commendabilis
879 593 928 653 est
948 582 1126 649 auctoritas
1141 581 1175 650 iu

201 675 344 745 Ecclesit
365 677 516 756 existens,
533 683 643 761 utopte
661 678 678 743 ὲ
695 675 759 743 lleo
770 673 936 754 instituta;
951 670 1078 757 ipsique
1091 687 1166 757 pras

202 765 359 852 ripabest
381 763 613 844 obediendum,
637 782 677 832 ao
697 762 807 832 sancte
822 770 854 828 et
878 761 987 827 exacte
1011 757 1175 844 obtempe-

202 852 343 920 randum
368 851 474 938 ipsius
507 852 636 939 legibus
662 861 694 919 et
726 849 896 917 mandatis.
928 847 997 926 Oua
1025 845 1177 931 religiosa

204 941 410 1008 observantia
425 938 620 1021 deficiente,
650 960 714 1006 non
729 939 834 1006 solbm
861 935 1100 1025 periclitabitur
1117 953 1178 1020 por

205 1027 408 1115 Reipublicae
438 1025 660 1104 Christianae,
684 1027 868 1112 animaeque
887 1023 1031 1090 fidelium
1046 1021 1080 1088 in
1103 1042 1177 1108 per·

207 1117 363 1183 ditionem
400 1115 593 1196 ruent;sed
638 1117 735 1182 etiam
769 1113 888 1181 exhinc
914 1111 1178 1199 pessumdabitur

206 1205 292 1270 salus
306 1203 506 1290 Reipublicae
522 1203 726 1293 temporalis,
746 1201 840 1288 eujus
852 1200 1009 1268 securitas
1021 1210 1052 1264 et
1070 1199 1179 1284 splen·

207 1296 267 1363 dor
283 1291 423 1359 maxime
439 1291 582 1378 pendent
596 1291 638 1358 ab
656 1294 767 1358 exacta
789 1289 1013 1356 observatione
1033 1287 1113 1371 legis
1129 1286 1179 1351 di-

208 1382 306 1460 rinae,
326 1399 383 1447 seu
404 1383 423 1446 'a
441 1381 526 1447 bono
541 1388 628 1448 statu
647 1376 819 1446 Societatis
831 1375 1021 1465 spiritualis,
1040 1394 1180 1462 quaeque

208 1488 272 1536 non
298 1467 382 1535 bene
404 1467 583 1536 restaurari
612 1465 715 1546 velet,
741 1466 823 1554 quin
847 1475 940 1530 antea
964 1463 1118 1544 Ecclesia,
1147 1463 1179 1528 in

208 1556 306 1623 coriis
326 1556 393 1622 suis
410 1556 579 1637 membris,
603 1553 686 1624 bene
701 1561 1111 1642 componaturetregatnr.

253 1643 294 1712 Ut
307 1664 385 1729 ergo
411 1642 492 1710 tanti
524 1643 682 1710 momenti
703 1642 778 1709 linis
805 1642 1006 1728 attingatur,
1031 1638 1182 1725 adjurare

209 1733 354 1798 nolentes
393 1751 429 1797 ro
445 1750 539 1817 posse
552 1741 682 1813 nostro,
695 1726 1063 1819 quantumvisminimo,
1079 1727 1182 1792 otium

213 1819 298 1908 quod
321 1751 417 1886 neiis
440 1817 547 1885 divina
567 1819 782 1888 Protidentia
807 1819 963 1900 suauiter,
980 1827 1017 1882 ut
1042 1834 1182 1901 semper,

211 1907 323 1976 omnio
342 1909 512 1996 disponens
541 1907 631 1989 lecit,
660 1905 885 1986 adhibuimus,
915 1926 950 1971 er
974 1903 1070 1970 amici
1100 1922 1186 1968 con-

215 1995 300 2074 sidio,
320 1996 358 2062 ad
375 1995 437 2062 hoo
451 1993 609 2065 Mottnule
624 1995 716 2063 trois
743 1993 898 2063 Cononici
917 1992 1127 2059 exarandum.
1150 1989 1187 2056 ln

211 2083 312 2153 Gallia
340 2083 428 2150 enlm
445 2136 453 2164 ,
468 2086 581 2172 polide
605 2089 705 2172 quam
727 2083 761 2148 in
785 2082 949 2170 plerisque
972 2079 1066 2149 Orbis
1079 2077 1187 2146 Chris-

214 2171 293 2238 tinni
315 2172 516 2256 regionibus,
530 2192 616 2264 opus
634 2171 823 2261 hujusmodi
838 2169 1015 2237 desiderari
1029 2167 1184 2236 uidetur:

213 2259 336 2347 quippe
355 2260 440 2347 apud
462 2279 533 2344 nos,
552 2262 683 2330 duobus
699 2259 826 2327 ultimis
850 2257 990 2338 saeculis,
1008 2256 1186 2344 praevalue-

216 2357 290 2414 rant
318 2347 473 2416 doctrinae
497 2371 573 2420 vera
589 2350 696 2416 omnis
718 2349 805 2433 juris
831 2345 1040 2414 ecclesiastici
1071 2343 1183 2411 tonda-

215 2434 333 2502 menda
357 2437 587 2506 convellentes.
612 2436 737 2504 Etenim
768 2435 903 2522 ipsamet
925 2434 1004 2500 sides
1031 2430 1189 2500 catholica

216 2523 330 2590 edocet
349 2521 380 2591 S.
400 2522 604 2604 Pontificem,
625 2533 735 2611 utpote
751 2523 979 2591 Successorem
995 2521 1029 2589 B.
1047 2520 1131 2588 Petri
1152 2539 1191 2588 ao

216 2610 337 2679 Christi
348 2609 525 2698 Vicarium,
537 2633 607 2681 esse
620 2623 769 2680 centrum
782 2611 933 2680 Ecclesiae
943 2610 1162 2678 necessarium
1178 2629 1186 2688 ;

218 2700 393 2786 ipsumque
408 2699 567 2771 habered
604 2699 732 2770 Christo
760 2699 891 2787 plenum
910 2706 1092 2788 potestatem
1112 2717 1184 2786 pur*

219 2787 1186 2876 cendiocpubcroondittteiuersolemEcclesiom,·porrbnon

222 2877 370 2942 obstante
386 2875 446 2942 hac
466 2877 629 2958 doctrina,
649 2877 835 2946 necessarib
855 2879 916 2944 sub
932 2881 1032 2962 poena
1052 2881 1185 2942 neutra*

222 2962 318 3050 gandi
333 2962 420 3030 eirca
447 2963 542 3032 fidem
559 2965 709 3042 tenenda,
725 2967 833 3046 molti,
851 2965 882 3032 in
898 2963 1012 3047 Gallia,
1030 2962 1191 3052 posterio-

223 3052 317 3120 ribus
331 3051 470 3132 secutis,
489 3053 552 3122 sibi
574 3055 739 3121 linxerunt
761 3053 1026 3141 praescriptiones
1041 3051 1074 3120 S.
1101 3050 1193 3120 Sedis

226 3138 290 3206 vim
313 3139 530 3210 conscientias
550 3141 694 3210 fidelium
719 3141 840 3228 ligandi
871 3161 936 3208 non
966 3141 1095 3218 habere,
1130 3138 1192 3206 nisi

224 3225 319 3302 nribs
334 3229 559 3315 reciperentur
576 3231 617 3298 ab
644 3231 823 3320 Episcopis,
867 3229 963 3296 uibus
990 3227 1190 3308 tribuebant,

226 3337 292 3384 non
314 3317 439 3384 tantbm
460 3317 645 3386 facultatem
674 3252 878 3387 examinaoiii
914 3315 1193 3404 opportunitatem

227 3403 417 3492 hujusmodi
438 3407 740 3498 praescriptionum,
758 3407 812 3474 sed
839 3409 993 3494 ipsasmet
1016 3404 1112 3472 etiam
1129 3423 1194 3470 non
1288 3429 1289 3452 t

228 3493 443 3575 admittendi,
478 3497 523 3563 ite
545 3507 581 3562 ut
604 3498 704 3582 saepe,
723 3495 819 3564 etiam
840 3507 952 3562 nostro
976 3513 1057 3572 aevo,
1082 3493 1122 3561 iis
1142 3491 1196 3575 qni

230 3592 333 3650 certas
346 3582 484 3668 allegant
497 3582 647 3650 Ecclesiae
674 3585 771 3669 leges,
786 3603 928 3670 quarum
945 3582 1128 3650 observatio
1142 3603 1197 3648 ur·

232 3680 326 3754 getur
339 3671 357 3737 d
370 3667 404 3738 S.
420 3671 514 3754 Sede,
534 3671 772 3761 respondeatur
788 3687 798 3738 τ
813 3669 884 3738 Hos
897 3672 978 3756 leoco
993 3689 1050 3740 nos
1060 3671 1197 3737 norrud-
