2586 3988
195 289 214 349 s
415 297 556 344 numam
575 298 681 346 rosrns
700 299 779 346 runis
800 300 948 348 senonici.

195 405 334 484 »potest
352 400 456 463 lesum
485 397 635 460 Christum
667 398 698 460 in
721 417 784 461 sure
815 398 956 462 Ecclesiae
985 401 1172 466 institutione

196 512 211 552 u
235 489 353 552 dedisse
378 487 528 571 Apostolis
555 503 724 568 eorumque
748 489 972 552 successoribus
996 497 1173 572 potestatem

204 603 218 636 n
235 579 308 641 nulli
332 577 382 640 ulii
404 577 540 660 potestati
562 576 742 653 obnoxiam,
759 595 850 660 quarn
872 578 1053 641 sanctissimi
1073 581 1174 644 Patres

199 691 212 727 n
238 667 368 729 universi
383 683 456 729 voce
469 663 612 728 concordi
627 673 814 746 agnoverunt
827 683 899 728 cum
907 667 978 729 Osio
991 675 1022 730 et
1033 667 1064 730 S.
1082 667 1173 731 Atha-

199 781 213 818 o
239 756 323 818 nasio
337 754 550 818 monentibus:
567 755 614 817 Ne
628 761 656 816 te
664 753 748 815 rebus
757 754 875 816 miscens
888 753 1093 818 ecclesiasticis
1102 777 1114 826 ,·
1123 774 1175 818 nec

199 844 319 907 anobis
346 842 484 907 discede
510 842 594 904 rebus
623 850 774 924 precepto
799 841 915 905 mundes
927 865 939 914 ‚·
967 841 1018 905 sed
1046 843 1065 904 d
1092 842 1175 908 notis
1288 915 1289 922 ἵ

201 957 214 996 u
235 934 334 1018 potins
350 932 412 995 dccc
430 931 548 994 ediscas.
574 931 599 993 T
598 930 641 992 itt
661 931 739 993 Dens
758 931 915 1014 imperium
932 929 1079 1008 erudidit;
1092 931 1174 994 nobie
1288 925 1289 982 i

202 1047 215 1084 n
240 1040 307 1105 quic
319 1029 387 1084 sunt
401 1018 594 1084 ecclesiastica
608 1017 807 1096 concredidit,
822 1027 877 1082 ctc.
1288 1021 1289 1048 l

240 1141 255 1179 s
279 1121 318 1183 Ut
331 1118 369 1180 de
383 1116 541 1200 disciplintt
555 1135 696 1198 agemus,
712 1117 925 1199 quisunquent
935 1123 980 1180 est
990 1117 1175 1183 intereatho-
1288 1091 1289 1166 f

203 1235 217 1268 n
238 1205 1169 1289 licosquiaffirnrctecclesiasticamimntutarillaicisposse‘t‘·

203 1323 217 1358 n
243 1299 335 1374 Cum,
349 1298 532 1365 annuisti),
546 1293 1040 1358 FautrltasParisiensisadexamen
1050 1295 1187 1360 adduxis-

204 1412 217 1446 n
243 1394 287 1449 sot
309 1404 345 1447 en
371 1403 439 1467 qnae
460 1385 637 1446 Francisous
658 1382 841 1460 Grimatdet,
868 1382 1028 1448 advocatus
1052 1387 1176 1467 regius,

204 1501 218 1535 n
242 1475 382 1538 retulerat
404 1473 441 1536 ad
464 1479 646 1536 conventum
664 1490 716 1534 sou
736 1479 829 1534 status
845 1472 925 1554 apud
945 1471 1178 1554 andegavenses

205 1591 219 1625 n
244 1565 400 1640 collectos;
411 1563 489 1624 inter
501 1561 608 1623 multas
623 1561 842 1642 propositiones
856 1561 894 1622 ab
908 1561 973 1643 ipst
985 1563 1175 1644 reprobatas,

205 1678 220 1711 n
246 1670 375 1734 sequens
391 1653 481 1714 etium
501 1649 650 1732 reperitur
662 1669 668 1709 :
680 1649 721 1710 Le
734 1648 836 1710 second
843 1650 930 1730 point
948 1649 983 1712 de
1002 1651 1032 1710 lu
1051 1651 1175 1732 relipiott

117 1765 120 1774 ·
206 1767 220 1800 n
244 1750 286 1802 est
299 1761 333 1803 en
348 1739 377 1801 lu
389 1739 483 1821 police
505 1747 535 1800 et
550 1737 705 1819 discipline
718 1737 926 1814 sacerdotales,
947 1757 1000 1799 sor
1023 1737 1120 1822 lequel
1138 1741 1178 1804 ter

207 1857 220 1884 r.
246 1831 304 1889 ruis
318 1839 346 1890 ct
363 1829 403 1890 les
418 1828 531 1900 nn'ncus
542 1827 685 1888 clrrdtiens
699 1835 750 1887 ont
762 1827 911 1900 puissuned
919 1825 948 1888 d’
951 1827 1035 1888 icelle
1048 1827 1174 1898 dresser.

207 1913 221 1950 t
245 1909 347 1965 mettre
358 1922 392 1965 en
412 1904 496 1968 ordre
510 1915 536 1968 et
550 1906 694 1985 reformor
711 1905 794 1968 icelle
813 1921 995 1984 corrumpite.
1010 1901 1083 1962 nnc
1095 1915 1168 1981 pro·

206 2005 220 2040 n
246 1992 352 2068 positio
363 2001 405 2054 est
412 1993 501 2072 sulse,
511 1995 705 2070 schismatica,
717 1994 870 2076 potestatis
879 1990 1081 2055 ecclesiastices
1089 2007 1168 2050 ener-

207 2095 221 2130 n
246 2080 340 2140 uotiua
354 2091 380 2142 et
394 2081 530 2144 licereticu
540 2107 552 2152 ,·
564 2092 593 2145 et
605 2085 791 2166 probationes
804 2081 844 2144 ad
857 2081 942 2143 illum
955 2090 1021 2141 sunt
1033 2076 1169 2158 imperti·

209 2183 222 2220 ι
247 2171 391 2315 nentpp.»
421 2166 466 2229 Gi.
493 2170 524 2231 in
544 2189 620 2253 app.
648 2173 773 2256 llncpcl.
791 2177 910 2252 Oriente
935 2190 1057 2241 claruet
1077 2177 1153 2260 Syll.

232 2271 266 2312 ro
293 2301 299 2314 .
364 2302 369 2314 .

210 2271 228 2331 p
249 2277 296 2402 dd.
315 2343 484 2425 Propositio
499 2351 528 2410 3·
543 2387 581 2396 -
608 2350 744 2416 Potestas
762 2355 932 2436 legislativa
950 2355 1095 2419 Ecclesiae
1116 2359 1155 2418 itu

208 2431 322 2532 residet
338 2437 368 2496 in
387 2437 566 2501 Pectoribus
581 2451 614 2502 ut
639 2460 742 2525 neque
766 2447 803 2506 ari
830 2463 884 2508 eos
900 2465 954 2526 per·
971 2447 1076 2509 titleles
1092 2466 1157 2528 per-

209 2531 322 2602 vrnrat,
341 2542 443 2606 neque
464 2527 494 2589 in
512 2545 569 2592 suo
583 2532 731 2593 exercitio
745 2532 877 2615 pendeat
892 2536 908 2597 l
926 2535 1064 2598 fidelium
1079 2553 1155 2598 con-

208 2627 318 2672 sensu.

243 2711 447 2817 Probaturex
468 2715 555 2781 nunc
576 2719 734 2785 Auctorem
756 2722 828 2804 fidei
851 2736 884 2788 n·
904 2733 923 2790 2
944 2747 952 2790 τ
977 2732 1173 2816 «Propositio
1286 2779 1287 2786 κ

203 2820 218 2859 s
242 2807 618 2886 quaestaturtpotestoternci
629 2811 797 2873 Deodotom
805 2813 959 2894 Ecclesire‚
970 2828 1003 2880 ut
1016 2825 1174 2888 communi·

207 2909 222 2946 c
242 2897 359 2952 caretur
368 2894 539 2958 Pectoribus
548 2899 890 2980 qur'suntcjnsministri
894 2907 1051 2987 prosolntc
1059 2913 1172 2976 unimu-

203 2999 218 3034 ο
241 2997 318 3038 rum.
332 2979 1172 3068 Sicintellccta,uticonrntunitateirdeliurninPastores
1286 2973 1287 3012 ἒ

203 3085 218 3124 e
241 3065 400 3216 derpetur·
411 3070 602 3136 ecclesiastici
619 3075 777 3140 ministerii
799 3098 833 3142 nc
847 3083 1004 3161 regiminis
1018 3095 1172 3168 potestas:

204 3174 215 3212 ι
241 3189 280 3200 -
314 3165 474 3220 cretico.»

241 3253 278 3312 Et
289 3261 322 3313 n⁰
336 3258 355 3316 3
367 3273 375 3316 ε
396 3258 547 3339 olnsuper
559 3277 627 3340 quie
640 3263 739 3324 statuit
753 3265 914 3328 Romanum
926 3271 1102 3354 Pontificem
1116 3295 1173 3340 esse

203 3361 216 3396 ι
240 3343 540 3422 coputnrinirten'ote‚
552 3349 594 3410 sic
606 3349 750 3431 explicata
761 3357 954 3419 utltornanus
965 3360 1101 3424 Pontifex
1110 3381 1172 3428 non

202 3450 216 3488 n
239 3429 257 3489 is
271 3429 387 3494 Christo
402 3433 433 3492 in
450 3439 576 3514 persona
592 3437 625 3498 B.
638 3439 727 3514 Petri,
737 3440 789 3502 sed
803 3440 842 3503 ab
849 3443 982 3509 Ecclesia
995 3458 1171 3529 potestatem

202 3537 216 3577 o
240 3519 448 3602 accipiatque
462 3523 542 3586 velut
549 3525 627 3587 Petri
642 3543 806 3606 successor,
820 3549 908 3594 verus
922 3533 1028 3598 Christi
1043 3539 1171 3603 vicarius

203 3625 216 3662 n
240 3623 276 3667 ac
289 3607 633 3692 totiusllcclesiaecaput,
646 3613 736 3694 pollet
747 3617 919 3682 inllcclesit
930 3622 1135 3690 t-lneeeticc.
1150 3651 1166 3690 s

240 3702 364 3771 Probari
379 3711 479 3794 posset
491 3705 590 3773 adhuc
603 3727 640 3770 ex
650 3715 835 3784 argumentis
850 3719 886 3778 t·
895 3721 1119 3804 propositionis.
