2506 3984
450 195 536 240 crura
557 193 675 240 narnus.
997 176 1056 239 533

128 295 264 360 Attamen
289 314 305 352 o
318 311 419 374 neque
433 291 597 364 absonum,
609 299 612 310 ¹
623 303 674 352 aut
689 307 796 352 recens
817 289 986 352 institutum
1000 297 1055 362 est,

94 405 104 443 a
127 383 165 446 ait
179 382 291 446 Bened.
308 384 374 444 XlV
390 381 449 464 (Dc
462 378 550 462 Sym,
566 379 618 440 lib.
635 383 674 455 E,
690 395 717 440 c.
734 385 752 440 'l
767 425 774 455 ,
792 394 825 440 n⁰
840 380 889 457 l),
905 385 938 441 ut
952 380 1058 440 Eorun-

93 495 105 532 ο
128 491 184 535 nus
198 471 333 534 Pontifex
351 472 468 552 aliquos
491 469 529 532 ad
551 469 766 550 Episcopatnm
787 474 960 548 promoveat
984 469 1058 549 quin

93 583 105 620 ο
127 561 216 624 ullius
232 560 368 643 specialis
382 559 523 622 Ecclesiae
537 557 685 620 actualem
695 555 987 620 administrationem
1001 557 1059 618 illis

92 671 105 709 a
127 649 235 726 tradat;
251 672 266 708 a
284 656 314 711 et
327 649 398 710 citat
411 645 521 710 deinde
534 647 616 708 varia
627 646 775 728 exempla.

129 753 260 816 Sufficiat
277 753 327 816 hlc
349 752 461 815 referre
483 751 690 814 testimonium
709 747 868 812 Sozomeni
882 750 914 812 iu
928 749 981 811 lib.
998 754 1058 822 13,

91 861 154 924 cap.
170 847 200 920 3,
217 851 249 904 11⁰
266 845 314 918 la,
330 843 375 904 Dc
388 841 464 924 Syn.
481 839 629 902 relatum:
650 839 761 902 «Adde
774 837 838 916 his,
857 837 958 921 'aliquit
970 841 1060 902 Sozo-

93 954 106 991 a
129 949 237 994 menus
259 931 388 1013 (Hister.
407 929 518 1007 eccles,
536 929 588 990 lib.
613 932 651 1006 6,
670 946 697 992 c.
715 933 776 1006 El),
792 927 906 990 Bcrsca
924 937 954 989 et
970 929 1035 990 Eul
1053 963 1062 978 ·

92 1043 106 1079 a
128 1021 209 1102 pium
223 1021 275 1102 qui
288 1019 370 1081 umbo
383 1019 558 1080 creabantur
571 1017 714 1100 Episcopi
726 1065 734 1096 ,
754 1036 810 1077 uon
824 1016 906 1078 urbis
919 1016 1060 1098 alicujus,

92 1131 106 1170 a
129 1109 178 1171 sed
190 1109 418 1184 cosmometra,
433 1107 486 1188 qui
499 1107 569 1169 vitm
579 1107 629 1188 pie
642 1113 783 1168 anteacto
796 1108 989 1188 compensatio
999 1106 1061 1168 illis

92 1220 106 1257 a
130 1196 306 1278 inpropriis
323 1194 508 1256 monasteriis
528 1193 726 1274 deferebatur.
752 1195 822 1256 Haeo
843 1194 950 1272 hodie,
967 1195 1082 1278 pergil,

92 1309 108 1348 a
132 1285 245 1347 Bened.
261 1286 327 1348 lllll
340 1284 427 1365 (ic),
443 1284 600 1362 immutata
615 1289 660 1344 est
672 1281 848 1363 disciplina,
867 1301 967 1364 neque
984 1284 1064 1347 ullus

93 1397 108 1436 a
132 1381 325 1437 consecratur
338 1373 521 1454 Episcopus,
538 1370 597 1433 nisi
617 1377 652 1433 ut
664 1378 753 1432 certae
767 1370 946 1452 praeficiatur
960 1373 1063 1434 Eccle-

93 1485 107 1523 ι)
133 1461 202 1541 siae,
224 1463 270 1525 vel
293 1461 448 1524 actualiter
465 1460 503 1522 ab
521 1459 587 1542 ipso
609 1458 770 1541 regendae,
792 1459 817 1522 si
831 1467 928 1542 pateat
941 1461 979 1523 ad
996 1479 1063 1524 eam

93 1574 108 1612 a
132 1569 288 1628 accessus,
304 1550 349 1614 vel
363 1541 469 1612 saltem
483 1547 729 1622 habitualiter,‘si
750 1547 788 1610 ad
801 1566 907 1611 cam...
923 1549 1065 1612 accedere

94 1663 108 1700 n
132 1639 346 1722 prohibeatur:
363 1640 449 1719 cuius
470 1637 590 1720 generis
611 1635 632 1700 ii
651 1641 722 1698 sunt
740 1637 937 1721 Episcopatus
958 1639 1010 1721 qui
1034 1640 1066 1701 in

94 1751 109 1788 n
133 1728 269 1810 pertibus
282 1727 461 1791 dicuntur.»

107 1863 113 1870 ·
135 1834 223 1894 1034.
247 1833 339 1894 Porro
362 1829 505 1913 speciales
525 1837 596 1894 sunt
617 1830 882 1911 circahuJusmodi
903 1833 1067 1914 Episcopus

95 1919 305 2002 dispositiones
315 1922 393 2001 juris
409 1925 460 1980 :ll
475 1922 542 2000 Non
555 1919 831 1983 vacatbeneficium
845 1939 952 1984 eorum
967 1922 1019 2004 qui
1028 1921 1067 1985 ad

97 2009 309 2091 Episcopatum
333 2015 491 2074 titularem
516 2015 747 2089 promoventem
763 2009 844 2071 unde
857 2029 886 2072 v.
899 2031 943 2092 g.,
958 2012 982 2072 si
997 2019 1068 2074 ante

96 2099 317 2179 promotionem
336 2103 422 2158 erant
439 2095 594 2170 canonici,
618 2097 834 2158 canonicatum
857 2100 988 2160 retinent
1002 2107 1069 2182 post

96 2187 329 2269 promotionem.
345 2185 477 2246 Ferraris
489 2230 497 2260 ,
508 2193 538 2245 v⁰
552 2185 732 2265 Episcopus,
748 2193 803 2247 art.
819 2189 856 2264 7,
872 2195 906 2247 n⁰
920 2190 970 2249 37.

138 2295 172 2352 2⁰
191 2288 379 2370 «Episcopus
387 2286 514 2350 titularis
523 2286 740 2350 Canonicatum
749 2286 927 2352 obtinensin
938 2291 1070 2356 Ecclesia

97 2403 114 2441 ι
140 2376 343 2440 Cathedrali...
359 2375 447 2438 delet
460 2376 491 2437 in
506 2378 542 2438 ea
555 2375 598 2438 uti
613 2374 753 2438 habitu...
769 2395 831 2458 quo
844 2383 971 2440 utuntur
984 2381 1070 2462 Epis-

98 2492 114 2530 υ
139 2468 206 2549 copi
223 2467 254 2527 in
276 2467 411 2527 Romana
430 2465 519 2527 Curia
539 2485 545 2525 :
563 2464 653 2526 idest
671 2465 794 2527 rocheto
807 2483 899 2548 supra
913 2467 1071 2530 subtanain

99 2581 115 2618 a
139 2563 170 2620 et
185 2555 370 2618 mantelletto
378 2553 501 2616 violacei
515 2553 635 2616 coloris.
647 2555 678 2616 S.
691 2555 723 2616 G.
735 2555 808 2632 ait,
825 2558 859 2616 ll
873 2557 941 2636 jun,
955 2559 1068 2620 tela.»

99 2645 262 2727 (Ferreus,
278 2644 333 2722 ic,
350 2652 383 2704 n⁰
398 2647 461 2722 33.)

141 2755 174 2814 3⁰
195 2771 214 2808 a
227 2749 343 2812 Debere
357 2749 751 2831 precedereomnibusaliis
762 2749 920 2814 Canonicis
930 2758 960 2815 et
973 2755 1073 2837 Digni·

101 2864 117 2902 c
141 2838 269 2915 tatibus,
284 2845 344 2899 tarn
359 2837 459 2919 quoad
469 2838 589 2901 stallum
599 2841 691 2920 quam
706 2839 805 2922 quoad
819 2839 990 2905 functiones
1005 2863 1072 2908 can-

102 2951 118 2990 s
142 2926 227 2990 tandi
240 2926 346 2989 missas
359 2932 389 2988 et
402 2928 505 2989 omnia
514 2927 582 2990 alia.
594 2928 625 2990 S.
636 2929 731 3010 Cong.
743 2927 815 3006 itit,
828 2933 867 2991 23
878 2929 946 3010 Juu.
963 2935 1068 2998 1592.»

102 3016 265 3098 (Ferraris,
282 3013 337 3098 ie,
353 3025 387 3076 n⁰
401 3015 468 3097 34.)

145 3123 179 3180 4⁶
191 3117 375 3199 Episcopum
384 3117 535 3180 titularem
543 3137 608 3183 esse
621 3118 660 3183 de
670 3121 738 3200 jure
751 3123 921 3187 vocandum
928 3126 965 3190 ad
973 3128 1076 3194 Conci·
1111 3178 1113 3184 .

105 3209 145 3272 lia
154 3206 318 3277 Generalie‚
328 3208 434 3268 asserit
442 3209 576 3270 Ferraris
586 3207 655 3291 (io,
666 3211 699 3270 ir⁰
708 3213 770 3290 38);
782 3214 967 3279 contrarium
976 3225 1077 3284 tamen

106 3297 219 3361 sentire
231 3293 347 3356 videtur
360 3298 396 3357 D.
420 3297 514 3360 Bouix
535 3315 607 3360 oum
620 3297 784 3364 Melchiore
803 3302 907 3382 Cano,
925 3305 970 3368 De
989 3308 1077 3390 Epic·

106 3405 189 3469 copo,
207 3392 280 3446 tom.
298 3386 336 3461 l,
352 3403 382 3464 p.
398 3387 437 3446 36
451 3391 482 3446 et
494 3390 563 3449 493.

151 3497 282 3557 1083-
295 3497 327 3555 5·
341 3495 507 3576 Episcopus
520 3496 645 3560 titularis
658 3499 709 3581 qui
723 3506 768 3563 est
782 3501 969 3577 Canonicus,
991 3502 1078 3566 Ordi-

109 3583 188 3649 narii
202 3581 305 3645 subest
316 3581 474 3646 visitationi
487 3577 525 3647 ad
546 3585 639 3650 inetur
655 3587 782 3650 aliorum
797 3589 1036 3670 canonicorum,
1051 3602 1079 3658 a

903 3683 986 3750 lim
