2546 3992
452 185 539 230 urere
559 183 677 230 earnes,
993 166 1053 232 525

80 278 271 344 reclamasset
283 280 316 344 S.
331 277 435 353 Sedes,
451 279 475 341 si
490 277 570 342 hano
583 277 845 356 consuetudinem,
859 295 952 361 marn
965 281 1052 362 ignc-

80 387 144 432 rare
167 388 230 432 non
251 375 366 450 potest,
385 367 579 450 improbaret.
600 367 688 433 Unde
709 387 773 432 non
787 367 935 434 audemus
953 369 1054 434 dicere

80 457 309 538 improbabilem
324 476 389 520 esse
412 457 592 518 sententiam
606 457 689 538 quid
710 457 803 520 nostri
820 457 971 520 antistites
984 477 1053 540 pos·

80 545 139 608 sint
158 546 201 608 sic
218 549 236 608 a
250 546 391 628 praedicta
402 545 469 627 lege
483 545 670 608 abstinentiae
683 545 954 628 Quadragesimelis
966 566 1056 628 gene-

80 634 181 697 raliter
193 634 384 716 dispensare,
399 633 565 718 presertim
579 633 680 716 quoad
693 652 783 698 usum
794 651 920 698 ovorum
933 639 964 698 et
976 635 1056 698 lacti·

83 723 241 786 ciniouum.
263 724 312 787 Sic
333 723 449 787 videtur
471 723 582 786 sentire
605 724 759 786 Eminent.
781 725 918 798 Gousset,
945 722 978 786 in
1000 727 1056 789 sud

86 811 218 894 Tbccth.
234 812 356 890 morali,
371 818 391 874 t.
410 815 438 887 l,
450 819 486 874 n⁶
499 813 568 875 306.

122 904 191 964 977.
216 904 354 964 Attamen
381 919 468 964 secus
498 900 707 966 videturesse
732 900 895 965 dicendum
919 919 975 984 pro
1001 901 1057 966 hac

82 990 239 1053 Provincia
255 989 466 1054 avenionensi.
483 991 517 1052 ln
533 989 667 1052 Concilio
689 989 772 1052 enirn
788 989 965 1054 Provinciali
980 993 1057 1054 leae

83 1077 252 1158 legitur(tit.
262 1081 291 1153 3,
302 1084 411 1161 capu,
423 1078 527 1160 p.4·l):
538 1077 751 1141 «provincialis
762 1078 1058 1162 synodus...opp0r·

83 1187 99 1225 a
122 1172 231 1229 lunum
243 1166 339 1242 duxit,
354 1173 388 1229 nt
397 1166 539 1248 deinceps
549 1165 688 1248 Episcopi
701 1167 1059 1249 Comprovincialesinter

84 1276 99 1313 n
124 1273 157 1316 se
171 1253 327 1318 conserant
338 1253 377 1316 de
399 1253 673 1336 dispensationibus
687 1255 748 1317 sive
760 1255 980 1330 concedendis,
995 1257 1058 1318 sin-

84 1363 100 1402 n
125 1343 203 1423 gulis
221 1343 328 1418 annis,
348 1343 409 1406 sive
429 1343 467 1405 ab
487 1341 655 1425 Apostolied
676 1341 753 1406 Sede
765 1342 940 1406 obtinendis.
955 1366 971 1404 a
988 1346 1059 1406 llaec

85 1429 1057 1514 dictasuntdejejunioouadragesimali.Ergo,juxteSynodum,

86 1519 719 1602 suntinProvincianostradispensationes,
730 1519 931 1602 quoadlegem
938 1520 1058 1600 jejunii,

88 1625 142 1688 pro
155 1608 266 1691 quibus
279 1607 318 1670 ed
332 1607 436 1671 Sedena
451 1607 650 1691 Apostolieam
664 1616 709 1672 est
723 1608 953 1671 recurrendum.
967 1609 1060 1670 Porro

87 1695 161 1758 tales
181 1696 420 1778 dispensationes
432 1697 498 1760 aliae
522 1715 587 1760 essa
605 1715 668 1759 non
686 1702 814 1780 possunt
833 1696 891 1760 nisi
909 1697 1062 1778 dispensa·

87 1783 184 1847 tiones
206 1786 371 1867 generales.
387 1787 468 1868 Ergo
481 1786 513 1848 in
527 1785 584 1849 hdo
597 1786 770 1869 provincia,
785 1785 912 1848 minime
930 1785 1060 1850 invocari

88 1879 186 1952 potest
204 1874 391 1936 consuetudo
405 1893 468 1936 non
481 1874 655 1938 recurrendi
668 1874 706 1937 ad
724 1875 755 1938 S.
772 1874 882 1937 Sedent
895 1893 951 1956 pro
960 1875 1062 1954 hujus·

88 1960 206 2023 comedi
228 1961 511 2044 dispensationibus.
537 1965 575 2024 Et
587 1965 689 2025 revera
703 1965 765 2024 RR.
781 1965 845 2024 DD.
861 1962 1059 2042 Chetrousse,

88 2051 205 2111 unium
218 2051 246 2112 vi
255 2049 517 2112 indultiPontitlcii
529 2067 618 2130 super
632 2055 698 2130 lege
711 2049 964 2131 Ouedragesimeli
973 2070 1062 2132 gene·

90 2137 386 2220 raliterdispensebat
400 2139 431 2198 in
440 2141 495 2200 sua
507 2138 843 2201 DioecesiValentinensi
854 2139 1063 2214 ,utvidereest

91 2226 123 2286 in
147 2225 209 2288 suis
235 2225 350 2289 ultimis
369 2225 517 2288 Mendetis
543 2225 582 2288 de
601 2225 857 2308 Ouodregesimali
875 2226 1062 2290 observantia

91 2313 187 2376 editis

131 2407 200 2466 9¹18.
216 2401 319 2476 Quoad
329 2407 430 2464 autem
440 2400 651 2463 abstinentiam
659 2401 1060 2480 ovorumetlacticiniomm,

92 2491 156 2573 ipse
176 2489 288 2555 Bened.
303 2493 369 2554 XIV
383 2489 525 2572 relinquit
534 2489 649 2570 judicio
661 2490 807 2568 eliorum,
821 2489 973 2554 dummodo
984 2490 1063 2553 docti

92 2582 154 2641 siat
179 2589 209 2644 et
229 2579 264 2643 dc
289 2579 468 2643 conscientie
489 2598 548 2642 suc
566 2579 699 2661 peritae
724 2580 946 2661 animarumque
967 2579 1064 2642 sature

94 2669 228 2750 retipioai
247 2668 373 2730 solliciti
394 2669 472 2746 nat,
489 2667 722 2750 expendendum
741 2685 780 2730 an
799 2667 892 2750 possit
913 2667 1062 2730 observari

95 2756 281 2820 consuetudo
299 2757 409 2820 alicubi
428 2756 532 2839 vigens
545 2755 748 2819 manducandi
765 2775 822 2820 oua
843 2763 873 2820 et
894 2755 1061 2830 lacticinia,

95 2852 229 2928 tempore
247 2844 520 2927 Quadregesimali,
543 2847 580 2909 ed
593 2843 676 2926 qudd
689 2844 726 2907 iis
742 2845 775 2907 in
800 2843 873 2908 locis
895 2863 957 2908 non
978 2845 1064 2908 lacile

96 2933 287 2996 inveniantur
299 2934 396 3014 pisces
409 2934 548 3015 (DeSyn.
560 2932 683 3012 dieses,
694 2932 746 2996 lib.
765 2937 814 3008 ll,
829 2951 895 3015 cap.
911 2936 943 3010 5,
953 2945 987 2994 n⁰
1002 2936 1061 3014 ll).

136 3037 204 3100 979.
227 3033 379 3115 Quidquid
395 3034 434 3095 sit
449 3031 612 3096 dicendum
633 3033 779 3116 desupra
799 3032 879 3096 dicta
898 3034 1065 3116 questione

1 3151 2 3154 ¹
98 3140 135 3184 an
145 3123 283 3205 Episcopi
295 3123 409 3204 possint
424 3120 816 3204 generaliterdispensarevi
825 3121 1063 3199 consuetudinis,

98 3211 202 3293 privati
214 3211 266 3292 qui
277 3211 372 3292 justas
381 3208 491 3274 babent
499 3210 640 3286 rationes,
651 3217 777 3293 possunt
788 3211 831 3274 uti
844 3211 1066 3292 dispensatione

99 3299 276 3381 generaliter
288 3297 357 3361 data
370 3298 408 3361 ab
425 3299 597 3382 Episcopis3
612 3317 684 3362 nam
697 3299 836 3382 Episcopi
850 3300 955 3362 saltem
967 3300 1067 3363 valent

101 3405 171 3450 cum
196 3389 277 3467 justi
301 3391 390 3450 causa
417 3386 648 3470 dispensarem
674 3387 903 3470 particularibus
928 3387 1063 3465 casibus;

100 3477 192 3559 porrd
204 3476 257 3558 qui
269 3475 441 3560 generalem
456 3476 710 3558 dispensationem
723 3477 890 3540 concedite
907 3475 1019 3538 fortiori
1033 3477 1064 3537 in

102 3564 220 3628 casibus
241 3563 468 3646 particularibus
486 3565 549 3628 vult
564 3563 749 3646 dispensare.
771 3567 870 3644 largo,
891 3569 948 3626 etc.
973 3563 1067 3641 Major
