2588 3994
194 258 251 319 152
412 267 553 316 nnnunt„
570 251 672 316 ’.Ἆῤ-ω
690 253 772 316 odnie
794 267 944 314 canonici.

194 365 244 427 lib.
263 371 291 440 l,
307 366 349 428 tit.
373 369 422 434 29,
440 373 472 425 n⁰
492 367 542 438 933
559 363 589 424 S.
610 363 731 442 Lignor.
747 361 781 423 de
795 361 989 442 Privilepis's,
1008 371 1041 424 n·
1056 363 1170 441 xvttt,

193 451 245 516 ubi
262 453 344 516 addit
359 451 441 534 qudd
457 451 558 514 clerici
577 455 766 514 «teneantur
779 450 812 512 in
825 451 1010 514 conscientia
1024 449 1083 513 illis
1095 450 1170 532 legi-

193 563 209 605 s
235 543 291 604 bus
305 542 459 618 civilibus,
475 557 543 622 quae
557 558 619 602 non
633 546 805 621 repugnant
817 557 924 602 eorum
939 540 1048 618 statui,
1065 557 1126 601 non
1142 539 1172 603 vi
1278 575 1279 604 i

193 649 210 694 s
234 630 412 708 coercitz’od,
437 637 470 694 ut
492 629 622 706 dicitur,
647 627 700 690 sed
723 628 877 704 directioni,
901 628 1173 692 utunilormentur

194 741 211 784 r
235 719 455 782 communitati.
471 721 523 780 Est
537 735 700 781 commune
714 735 785 781 cum
799 717 944 781 Salmant.
959 738 975 778 n
992 717 1068 780 Vide
1081 719 1173 779 etiam
1278 713 1279 764 l

196 807 400 872 Proeleetiones
414 807 449 870 S.
465 806 598 890 Sulpitii
606 853 615 884 ,
631 815 664 867 n⁰
679 809 749 869 326.

237 911 308 970 ato.
332 904 504 968 Notandum
519 909 565 967 est
579 926 594 963 n
607 903 690 966 nulla
703 903 872 987 theologica
885 905 957 968 nott
971 903 1053 986 carpi
1062 902 1175 967 debere

200 995 415 1078 «opinionem
438 991 640 1076 quorumdam
669 993 887 1056 catholicorum
914 996 1096 1072 Doctorum,
1121 993 1171 1074 qui

196 1105 212 1145 n
238 1081 349 1146 docent
361 1099 399 1146 ex
417 1083 502 1144 merl
512 1081 658 1144 duntaxat
671 1083 844 1164 principum
858 1083 1068 1160 concessione,
1084 1099 1175 1145 suum

197 1191 212 1231 n
238 1170 1172 1254 clericisobrenisseloriprivilegiumincausistemporalibus;

197 1283 212 1320 n
238 1260 330 1324 modd
352 1267 453 1322 tamen
476 1259 565 1322 simul
583 1259 786 1337 sust-ineatur,
808 1279 870 1322 non
895 1277 984 1342 posse
1009 1259 1175 1322 Ecclesiam
1279 1261 1280 1266 ’

198 1371 214 1410 n
238 1348 298 1412 hoc
308 1351 377 1430 jure
393 1349 487 1412 semel
500 1355 625 1430 accepto
638 1367 774 1430 unquam
788 1349 922 1430 legitime
938 1347 1058 1430 spoliari
1073 1351 1176 1430 (posse

199 1459 214 1498 n
240 1438 323 1501 enim
340 1439 493 1520 principes
506 1437 564 1500 hoc
579 1437 767 1518 privilegium
781 1443 917 1518 repetere
936 1438 1138 1500 communiter
1157 1457 1175 1500 a

200 1549 215 1586 ι
241 1529 304 1588 llll.
321 1527 476 1590 catholicis
491 1532 637 1608 unquam
656 1527 781 1588 omnind
796 1525 905 1589 falsum
917 1525 1129 1608 reprobatur);
1147 1533 1175 1588 et

201 1637 217 1675 r
242 1614 334 1677 modd
350 1615 492 1697 praedicta
506 1615 610 1696 opinio
627 1617 800 1692 Romanum
819 1615 996 1678 Pontificem
1015 1631 1076 1676 non
1096 1633 1169 1676 com·

214 1723 230 1758 n
253 1695 440 1780 prehendat.
456 1693 721 1768 Intercatienses,
735 1693 777 1751 ait
792 1692 918 1765 Suanos,
938 1691 1076 1754 Palatius
1089 1711 1166 1756 nase-

214 1812 230 1848 ι
252 1805 320 1850 rere
343 1801 434 1846 narsus
448 1791 490 1845 est
516 1780 632 1861 Papum
648 1797 705 1841 tion
726 1797 786 1842 esse
800 1791 968 1856 exemptum
988 1801 1005 1842 n
1023 1789 1166 1860 potestate
1280 1831 1281 1836 η

216 1901 229 1934 ι
252 1875 339 1938 ciuili
355 1872 431 1955 jure
452 1871 554 1934 diuino
576 1869 623 1930 cel
636 1870 788 1942 canonico,
804 1871 856 1930 sed
871 1869 990 1933 tonttim
1005 1873 1099 1946 ciuili,
1115 1890 1167 1936 seu

214 1982 289 2028 »ee
314 1961 471 2043 privilepio
500 1960 759 2039 Imperatorum...
787 1955 998 2022 Verumtamen
1017 1960 1078 2023 nno
1101 1981 1166 2025 sen-

214 2056 358 2128 atentia,
386 2060 534 2130 quotenus
562 2055 658 2110 lotum
684 2047 736 2108 lton
763 2047 961 2130 priuileqinnp
988 2058 1107 2113 renosci
1136 2055 1167 2115 in

213 2143 345 2206 ›solttm
363 2141 552 2203 dormitionem
578 2139 815 2215 Imperatorum,
844 2140 936 2200 etiarn
955 2139 989 2200 de
1015 2139 1085 2201 eliis
1109 2143 1167 2204 cle·

213 2255 229 2290 s
251 2233 326 2295 risis
340 2231 372 2294 S.
395 2229 432 2291 P.
449 2227 834 2317 inferioribusaperniciosu
848 2237 891 2290 est
915 2237 943 2289 et
963 2227 1087 2292 otinimc'
1101 2248 1169 2310 pro-

213 2345 228 2380 ι
250 2323 385 2384 diendo...
403 2322 444 2382 lle
454 2319 484 2386 8.
499 2328 599 2381 aretem
613 2316 649 2378 P.
666 2315 788 2378 omnint
807 2318 994 2396 reprobando
1009 2329 1035 2381 et
1049 2321 1171 2383 otinirne

213 2411 409 2475 »toleranda
435 2418 478 2472 est
505 2407 639 2486 (iissent.
669 2405 754 2486 fidei,
783 2407 841 2466 lib.
866 2407 896 2476 l.
914 2409 949 2470 de
964 2407 1069 2476 lrnm..
1095 2428 1111 2471 c
1139 2413 1168 2484 t,
1281 2455 1282 2502 ;

212 2525 227 2560 s
252 2503 372 2582 ml)...
392 2497 464 2560 »lta
481 2497 590 2570 Boulis,
606 2495 639 2554 de
664 2495 752 2568 lud„
770 2504 792 2556 t.
826 2496 853 2570 l,
882 2516 911 2573 p.
938 2499 976 2559 89
1004 2511 1032 2560 et
1052 2497 1101 2570 tto,
1116 2499 1170 2562 ubi
1281 2503 1282 2510 ’

211 2589 341 2671 insuper
356 2587 444 2652 addit
469 2587 501 2648 in
526 2593 661 2647 tractatu
685 2583 802 2666 dejure
820 2584 967 2649 Ecclesiae
982 2587 1110 2650 relative
1132 2589 1171 2651 ad
1281 2593 1282 2642 l

207 2685 368 2757 potestates
382 2677 501 2740 civiles:
519 2681 581 2736 «2⁰
592 2675 759 2736 Probamus
772 2671 884 2733 dietam
897 2669 1084 2751 opinionem,
1103 2683 1170 2745 quaa
1281 2685 1282 2742 ᾗ

206 2787 219 2822 a
242 2765 378 2828 clericale
390 2767 445 2827 lori
457 2764 737 2846 privilegiumasola
750 2763 967 2840 imperatorum
977 2754 1171 2818 concessione
1281 2753 1282 2812 l

205 2875 220 2912 n
245 2853 364 2933 repetit,
390 2855 445 2914 etsi
473 2864 603 2934 nequeat
634 2853 762 2914 censura
787 2848 955 2927 theologica
981 2842 1099 2926 percelli
1127 2839 1173 2922 (ed

206 2964 221 3001 n
244 2940 362 3021 qudd...
392 2942 528 3003 nondum
544 2941 684 3021 expresse
700 2939 737 3000 ab
751 2937 886 2999 Ecclesid
903 2939 1044 2996 damnata
1058 2928 1169 3011 luerit),

205 3051 222 3092 n
247 3045 311 3092 esse
327 3039 427 3092 tamen
440 3029 558 3090 omnino
572 3029 691 3114 fulsum,
707 3029 898 3107 pernitiosum
909 3032 936 3086 et
944 3019 1137 3086 deserendum.
1153 3037 1170 3078 s
1281 3039 1282 3112 j

207 3120 323 3202 Deque
344 3114 377 3181 V.
394 3136 481 3201 prop.
499 3122 537 3182 25
552 3127 583 3182 et
594 3122 633 3182 30
647 3116 778 3196 spttati.
829 3203 831 3210 Ι

616 3231 697 3294 titt.
720 3229 754 3291 ll.

327 3392 366 3440 DE
384 3383 531 3434 otvtStottts
550 3373 778 3426 lUlllSDlCTlONlS
799 3365 1039 3417 scctssttsttcdt.

241 3535 311 3595 att.
332 3524 478 3590 Dividitur
498 3510 669 3582 iurisdictio
689 3505 912 3569 ecclesiastiea:
933 3506 963 3565 t⁰
983 3505 1015 3564 ln
1034 3495 1172 3580 Jurisdic·

205 3625 317 3691 tionem
331 3615 392 3698 fori
405 3607 516 3676 interni
530 3611 558 3670 et
572 3599 633 3680 sori
645 3595 783 3670 exten&
796 3593 956 3680 persarum
968 3597 1069 3654 autem
1084 3587 1169 3651 intel*
