2506 3984
20 3725 22 3733 ι
42 3723 84 3733 νυ.-

230 213 289 275 dll
449 225 585 272 ιιιιισιιι
605 225 706 271 rorrus
725 224 808 270 runis
830 221 982 270 canonici.

270 333 357 412 Resp.
372 331 475 402 Posse,
484 331 568 406 iuxta
577 329 755 389 sententiam
765 342 978 401 communem,
991 341 1107 388 musas
1118 325 1217 387 crimi-

231 419 312 482 nales
325 424 355 481 et
368 417 406 480 do
419 417 524 480 haeresi
543 434 726 498 cognoscere
740 421 770 477 et
783 413 938 496 expedire.

268 507 351 570 Idem
365 513 410 569 est
422 505 585 568 dicendum
600 504 751 567 decausis
765 501 1044 565 matrimonialibus
1054 521 1132 585 quae
1148 503 1217 564 oui.-

230 597 346 660 nariam
364 593 604 675 jurisdictionem
623 591 764 674 Episcopi
786 609 849 653 non
870 589 1039 661 excedunt,
1069 610 1138 654 non
1160 591 1216 652 ote

229 691 359 748 tanteeo
377 681 459 764 quod
473 681 602 744 dieitur
594 700 625 743 ιιι
641 699 714 742 sess.
731 684 786 748 at.
799 698 866 760 cap
883 678 1053 742 EOGoneil.
1066 677 1214 742 Trident.

230 791 292 856 quo
309 769 511 836 exeluduntur
524 770 552 832 d
549 776 666 831 notarat
682 768 800 830 Praelati
815 767 984 830 inferiores.

274 883 291 922 ιι
310 861 342 924 Si
355 868 456 924 tamen
475 877 573 921 causae
587 857 646 919 sint
660 858 700 920 ita
714 857 816 920 arduae
830 863 877 926 ut,
895 854 1072 918 seeundum
1087 875 1215 922 consur·

231 949 407 1012 etudinem
421 947 639 1024 ecclesiarum,
655 946 726 1008 solis
742 945 897 1026 Episcopis
914 952 1095 1027 competere
1118 965 1216 1009 conse

231 1061 246 1100 ιι
271 1045 360 1100 antur
374 1039 416 1120 (v.
433 1057 463 1118 g.
484 1035 598 1116 synodi
615 1033 821 1110 coadunatio),
836 1033 920 1106 illas,
937 1040 1023 1094 extra
1038 1051 1153 1098 casum
1171 1055 1215 1098 ur·

231 1149 246 1187 ι
271 1125 369 1207 gentis
390 1123 592 1201 necessitatis,
614 1141 676 1186 non
690 1122 799 1204 poterit
812 1121 983 1202 Capitulum
999 1139 1062 1184 nee
1078 1123 1216 1186 Viearins

231 1239 246 1276 ι
272 1213 447 1296 capitularis
461 1212 660 1294 expedirent
675 1209 833 1272 tradunt...
845 1209 986 1287 Pirrhing
995 1215 1025 1272 et
1036 1211 1213 1292 Loyman.»

231 1305 278 1382 (ll
302 1303 420 1378 Eouix,
440 1301 484 1364 De
498 1299 645 1383 Capitol„
667 1319 698 1382 p.
718 1302 798 1376 629,
812 1297 1127 1380 etc.)—Videtamen
1144 1300 1214 1362 inlr-a

232 1391 360 1456 dicenda
375 1393 489 1472 (1875),

273 1484 360 1544 itit.
384 1481 505 1552 Ouaerit
534 1483 568 1540 8ο
593 1479 640 1539 An
670 1476 805 1540 Vicariua
829 1475 1008 1558 capitularia
1032 1483 1232 1558 potestatam

233 1569 340 1632 habeat
356 1567 508 1630 lioecesim
524 1565 687 1630 visitandi?

272 1661 362 1739 Resp
379 1657 411 1718 ld
425 1656 574 1718 affirmare
593 1671 789 1717 communem
803 1655 865 1712 llll.
882 1653 1065 1716 sententiam
1070 1655 1232 1738 ,hocque

234 1765 295 1808 non
311 1746 410 1808 eoliun
424 1745 476 1806 ubi
491 1743 629 1825 specialis
646 1743 737 1823 exigit
752 1741 931 1815 necessitas,
946 1739 1111 1805 sedetiam
1128 1745 1232 1810 indis}

233 1834 343 1909 tincto,
367 1831 625 1933 quemadmodum
643 1829 674 1891 id
690 1829 768 1892 valet
790 1829 971 1912 Episcopum
987 1827 1048 1892 boc
1067 1827 1232 1933 ίιιιιιιιιιιιιζ

117 1977 121 1988 ,
233 1929 343 1983 certum
367 1921 512 2002 supponit
499 1923 565 1983 t.S
591 1921 702 2000 Congr.
728 1918 801 1990 itit„
825 1920 936 1980 8ιιοι.
962 1921 1060 1997 1848,
1083 1901 1232 2005 relapsi

233 2009 399 2090 o(tarnen)
420 2027 501 2072 anno
526 2011 544 2070 a
565 2009 615 2070 die
636 2007 806 2070 novissima
829 2005 1005 2068 visitationis
1024 2018 1162 2090 peraetae
1179 2012 1207 2072 al

233 2121 248 2158 ι
274 2098 380 2161 ultimo
402 2099 552 2180 Episcopo
566 2096 719 2160 defuncto.
735 2117 750 2154 ι
767 2097 831 2158 Nee
844 2095 934 2158 etiam
952 2096 1087 2177 practice
1112 2105 1207 2181 negari

234 2195 347 2270 potest,
371 2187 426 2250 etsi
440 2187 531 2269 aliqui
553 2186 591 2248 de
605 2185 663 2247 boc
676 2183 829 2254 dubitent,
847 2183 879 2244 in
898 2201 971 2246 casu
989 2203 1054 2265 quo
1075 2189 1209 2250 nondum

234 2295 333 2338 annus
354 2276 392 2338 sit
411 2275 546 2357 elapsus,
565 2276 637 2337 cinn
660 2273 796 2336 vicarius
814 2289 906 2335 omne
928 2271 1002 2334 illud
1016 2277 1116 2355 possit
1135 2279 1209 2360 quod

234 2365 383 2447 Episcopo
396 2364 599 2446 competebat.
615 2363 749 2446 exceptis
761 2362 798 2424 iis
811 2379 879 2442 quae
893 2361 908 2422 l
922 2361 991 2440 jure
1004 2364 1209 2446 excipiuntur,

234 2459 265 2516 et
278 2472 339 2515 non
359 2461 475 2516 constet
488 2451 546 2514 hoc
565 2452 662 2530 ejure
684 2449 792 2532 excipi.
807 2449 883 2512 Vide
897 2449 1004 2526 Bonis,
1020 2449 1078 2526 io„
1092 2473 1126 2534 p.
1145 2459 1209 2516 out.

275 2545 363 2604 lam.
386 2539 490 2614 Quoad
510 2547 612 2603 autem
631 2537 840 2602 ceremoniale
862 2537 894 2600 in
916 2537 1096 2617 hujusmodi
1115 2543 1209 2604 risita-

234 2631 317 2693 tione
334 2627 573 2706 observandum,
597 2635 627 2691 et
640 2626 883 2710 procurationem
903 2644 957 2688 seu
972 2627 1208 2693 emolumentai

235 2719 354 2782 Vicario
368 2718 532 2800 exigenda,
547 2716 613 2780 vide
627 2715 769 2780 eumdem
783 2714 860 2793 (it).

275 2809 307 2870 S.
324 2809 475 2888 congii.
492 2809 532 2870 28
542 2805 598 2885 jul
618 2808 706 2879 1708,
719 2805 750 2866 in
763 2807 854 2866 causa
869 2801 1024 2866 oronam·
1037 2807 1204 2890 rescripsit,

236 2895 354 2958 vicario
378 2895 537 2978 capitulari
560 2893 713 2957 dioecesim
731 2891 861 2954 visitanti
883 2891 986 2955 deberi
1016 2893 1203 2958 medietatem

236 2983 482 3067 procurationum
496 3001 566 3065 quae
579 2982 727 3064 Episcopo
737 2980 809 3044 solvi
820 2987 1052 3044 consuevemnt
1070 2985 1114 3045 lta
1123 2983 1202 3047 Card.
1230 3005 1231 3078 ζ

237 3073 353 3154 Soplia,
378 3071 481 3136 laetu
496 3073 564 3152 jur
579 3071 675 3154 prio.
690 3071 756 3151 §E
775 3068 852 3132 Vide
869 3070 1016 3134 etiami)
1033 3071 1153 3144 Bouix,
1171 3076 1231 3154 llil

238 3159 403 3244 Capitulis,
419 3179 450 3242 p
466 3161 537 3223 305.

279 3253 366 3312 1575.
378 3250 498 3323 Ouaerit.
510 3254 542 3313 9⁰
555 3251 601 3312 dn
610 3249 748 3314 Vrearms
759 3245 935 3328 capitularis
943 3247 1037 3329 possit
1051 3247 1204 3330 Synodun

236 3339 416 3403 celebrare?

276 3430 367 3509 Resp.
382 3427 645 3506 Quamvissynodi
654 3429 816 3490 celebratio
829 3431 907 3488 inter
920 3431 1003 3489 actus
1011 3401 1099 3488 uelde
1107 3431 1205 3494 αιιάιιιι

238 3516 277 3577 sit
303 3513 494 3596 reputanda,
522 3519 567 3574 sat
588 3517 789 3576 communiter
815 3521 917 3576 tamur
940 3519 1077 3576 auctores
1107 3516 1205 3581 dicunt

239 3601 365 3682 qudd
343 3621 368 3664 si
382 3607 551 3683 speraretur
564 3618 636 3662 mox
654 3601 813 3682 Synodum
833 3601 898 3662 lore
911 3603 929 3664 l
943 3601 1042 3663 loturo
1058 3602 1205 3688 Episcopo
