2574 3994
462 199 548 246 uam
569 197 687 245 antuus.
1010 179 1066 242 tre

130 295 201 356 311.
225 293 286 356 lttae
299 311 398 356 causat
410 300 482 356 sunt
497 295 635 357 distantia
648 293 694 356 vel
709 293 845 356 locorum
859 291 1064 368 difficultates,

89 399 125 442 ax
140 383 252 462 quihus
272 384 370 446 evenit
389 390 421 446 ut
441 383 614 465 parochiani
631 389 798 464 nequeant,
813 382 879 444 sine
894 399 1005 462 magno
1019 381 1065 442 in-

92 470 270 550 commodo,
291 472 330 534 ad
350 470 544 554 percipienda
567 478 755 535 sacramenta
776 470 822 533 rel
843 471 942 532 divina
969 469 1066 533 officia

15 631 16 638 p
91 559 239 620 audienda
253 560 407 624 accedere.
424 563 536 642 Ingens
545 561 648 644 populi
663 559 824 623 multitudo
839 577 901 622 non
915 565 960 622 est
969 579 1025 641 per
1037 577 1067 620 se

15 699 16 704 ,
91 665 178 710 causa
206 647 360 713 sufficiens
381 649 452 728 (nisi
477 649 552 714 forte
577 657 654 713 esset
677 649 867 718 exorbitans,
892 654 926 711 ut
947 649 1066 710 Parisiis

92 744 225 800 recenter
257 737 314 800 sub
351 739 610 802 administratione
642 741 705 802 fltt.
737 739 800 802 DD.
826 738 952 808 Sinoni,
979 756 1066 800 casus

92 826 251 890 acciderat.
285 829 323 891 V.
348 830 384 891 D.
411 830 518 907 conix,
542 829 586 892 De
611 831 760 906 Purocto,
776 849 807 912 p.
829 827 930 910 353);
953 827 1065 908 quippe

91 923 211 998 proptor
224 916 327 1000 populi
342 917 586 1000 multitudinem,
608 937 645 982 ex
659 918 793 981 Concilio
810 917 944 980 Trident.
976 935 1065 998 supra

90 1004 197 1078 relato,
222 1012 353 1070 rectores
373 1007 565 1071 solummodo
585 1014 656 1071 sunt
678 1007 806 1091 cogendi
824 1007 862 1069 ad
885 1006 940 1069 sibi
956 1005 1064 1086 adjun-

90 1093 205 1174 gendos
221 1101 263 1158 tot
275 1096 403 1159 vicarios
422 1103 496 1178 quot
514 1098 642 1180 requirit
660 1097 832 1180 parochiale
849 1096 1061 1158 ministerium.

128 1186 198 1246 343.
226 1205 242 1244 a
260 1185 448 1268 Regulariter
462 1185 632 1268 loquendo,
647 1187 746 1268 inquit
760 1188 795 1246 1).
812 1185 924 1260 Bouix,
943 1185 1063 1248 111,Ρο-

88 1294 104 1331 s
128 1272 229 1351 ruodo,
245 1294 276 1356 p.
302 1279 379 1352 263,
399 1273 461 1339 duc
479 1275 573 1337 millia
593 1294 739 1358 passuum
757 1274 906 1337 habentur
926 1292 981 1356 pro
1002 1273 1062 1335 dis·

88 1384 102 1422 o
126 1361 220 1426 tantia
234 1362 429 1427 sufficienti...
447 1364 496 1428 Sic
510 1370 672 1428 annotatur
685 1364 716 1426 in
736 1363 890 1426 Thesauro
909 1361 1064 1424 resolutio

88 1475 102 1509 n
127 1470 203 1515 num
227 1455 312 1531 (tom.
333 1453 405 1518 anni
420 1455 516 1530 1800,
540 1473 571 1537 p.
598 1457 676 1536 118)
693 1473 701 1515 :
721 1471 791 1535 quae
813 1451 1000 1522 distantia...,
1027 1469 1063 1514 ex

87 1564 102 1599 a
127 1543 287 1606 communi
301 1541 528 1607 canonistarum
544 1544 706 1621 sententia,
718 1541 826 1606 idonea
839 1541 1022 1619 estimatur,
1039 1540 1063 1602 si

88 1653 102 1690 a
126 1631 256 1714 duplicis
269 1632 307 1694 sit
316 1631 461 1709 milliaris,
473 1632 622 1696 utdocet..
633 1635 758 1696 Rota.»
782 1655 797 1692 n
809 1632 852 1694 La
865 1631 974 1697 sacres
988 1633 1063 1693 Con-

88 1743 102 1778 »
128 1721 284 1803 gregation
305 1719 357 1800 (du
380 1721 511 1800 Concile)
534 1741 552 1784 a
575 1722 648 1805 juge
671 1721 740 1805 plus
762 1721 853 1784 d'une
877 1719 933 1783 tois
951 1739 1011 1802 que
1034 1721 1062 1783 lc

86 1831 102 1868 n
126 1809 261 1873 distance
274 1809 312 1874 de
326 1810 406 1874 deux
421 1810 503 1873 mille
517 1829 591 1893 pas,
607 1817 636 1874 et
649 1811 797 1874 memede
813 1813 890 1874 1400
904 1828 973 1892 pas,
993 1811 1063 1872 etait

86 1919 102 1960 r
126 1899 282 1962 sullisante
297 1899 532 1962 :oltadoolecto
546 1899 614 1962 Jur.
628 1901 740 1982 Pontis.
751 1901 804 1978 (qa
815 1900 892 1968 livr..
908 1899 1059 1979 001441).

126 1991 196 2051 346.
211 1989 256 2050 Ad
271 1987 464 2050 Ordinarium
478 1989 602 2070 quidem
611 1990 740 2071 pertinet
750 1988 885 2068 judicare
899 1987 937 2050 de
951 2007 1062 2069 magno

87 2076 283 2141 incommodo
304 2078 387 2159 quod
410 2077 537 2160 requirit
556 2077 669 2141 Concil.
693 2077 839 2153 Trident.;
862 2077 915 2139 sed
936 2077 974 2138 de
997 2079 1062 2156 ejus

86 2167 237 2230 sententiat
251 2173 348 2248 potest
366 2167 517 2250 appellare
536 2172 636 2230 rector
656 2165 805 2248 parochiae
819 2165 1059 2243 dimembratae,

85 2255 224 2339 quamuis
239 2255 332 2337 ipsius
340 2255 500 2337 appellatio
510 2255 651 2318 ellectum
665 2253 843 2317 nonhabeat
852 2253 1061 2336 suspensivum

83 2345 138 2410 sed
153 2344 273 2406 tantum
289 2343 504 2407 devolutivum.

125 2435 241 2496 Revera
255 2431 364 2495 dicitur
377 2431 409 2496 in
432 2451 498 2516 cop.
516 2431 567 2496 Ad
584 2432 764 2497 audientium
779 2433 916 2496 :sublato
928 2431 1061 2515 appello·

85 2521 178 2584 tionis
190 2519 335 2583 obstaculo
353 2521 431 2584 :sed
442 2539 477 2584 ex
492 2539 558 2604 cap.
576 2521 758 2601 Postumia,
773 2523 818 2585 tit.
834 2522 883 2600 28,
900 2521 951 2584 lib.
972 2523 1060 2585 2De·

83 2609 265 2688 cretalium,
281 2609 342 2673 hoe
359 2627 422 2672 non
440 2610 565 2694 impedit
585 2613 750 2694 quominus
771 2629 932 2696 gravamen
950 2611 1060 2692 injuste

82 2701 266 2776 incussum,
281 2717 335 2781 per
348 2699 528 2782 superiorem
537 2699 631 2783 possit
657 2701 815 2764 mandari.
830 2703 874 2762 lta
894 2701 1059 2764 communi-

81 2795 149 2867 ter,
169 2809 219 2871 ap.
241 2789 378 2872 Fegnan.
403 2790 440 2851 ll.
461 2788 498 2852 D.
524 2788 637 2870 Bouix,
662 2790 707 2854 lle
730 2789 878 2863 Poroclto,
899 2809 929 2871 p.
954 2793 1009 2854 281
1030 2797 1059 2854 et

81 2877 164 2941 infra
173 2880 264 2956 (651).

124 2971 197 3030 347.
224 2965 410 3032 controverti
428 2971 528 3051 potest
549 2972 652 3031 utrum
673 2966 840 3052 Episcopus
860 2967 898 3030 ad
919 2969 1060 3032 dismem-

82 3055 255 3119 brationem
279 3055 430 3138 parochie
456 3056 619 3140 procedere
646 3056 742 3120 valeat
763 3057 885 3140 quando
912 3077 1059 3140 magnum

82 3145 211 3228 quidem
224 3143 309 3207 adest
327 3145 575 3224 incommodum,
594 3145 648 3208 sed
668 3145 709 3208 illi
723 3146 841 3210 occurri
859 3151 958 3229 potest
974 3148 1059 3211 aliter

81 3252 179 3316 quam
189 3251 244 3316 per
256 3233 570 3298 dismembrationem:
581 3253 609 3297 v.
628 3255 658 3318 g.
675 3235 878 3298 construendo
891 3236 1058 3319 cappellam

81 3323 135 3386 cui
162 3323 324 3406 deputatus
346 3323 485 3387 sacerdos
506 3323 645 3387 inserviat
665 3325 759 3387 :satis
780 3330 900 3406 recepta
914 3325 1059 3390 sententia

80 3419 202 3495 partem
216 3419 377 3495 negantem
386 3418 556 3496 propugnat
566 3415 612 3492 (V.
623 3414 766 3492 Ferreus,
778 3423 807 3476 νο
817 3414 1056 3490 Dt'smembrott’q

78 3512 116 3566 n⁰
137 3503 200 3580 13).
231 3501 344 3564 Validis
365 3507 468 3565 tamen
496 3501 657 3564 momentis
678 3521 746 3564 eam
777 3501 949 3584 impugnari
971 3513 1051 3582 posst

77 3591 191 3655 usserit
203 3591 241 3653 D.
258 3590 354 3653 Bouix
364 3589 463 3669 (idid,
479 3609 510 3672 p.
526 3594 605 3671 2611
623 3591 685 3652 imd
699 3591 831 3653 Ferraris
843 3589 940 3663 (itta,
956 3599 990 3648 11ο
1003 3591 1056 3649 31·
