2588 3994
466 206 832 311 brunsw
1014 247 1066 310 tdl

91 362 182 419 telem
193 355 414 436 jurisdictionis
427 364 458 420 et
476 365 653 440 potestatem
665 360 797 438 ordinis3
813 361 845 422 2⁰
860 359 934 443 quid
947 364 1072 442 precise

89 446 309 528 complectatur
324 453 453 528 potestas
465 447 602 525 ordinis,
619 449 693 531 quid
708 451 779 512 rerd
795 456 924 532 potestas
934 449 1072 530 jurisdic·

91 535 198 612 tionis;
213 541 244 598 ct
256 535 301 598 sic
315 535 438 600 taudem
451 536 490 600 ed
503 538 589 602 istius
602 537 814 602 definitionem
826 538 1033 607 deveniemus.

553 713 615 796 §¹-

111 846 264 930 Differusrt
284 847 481 912 essentialiter
500 856 530 912 et
550 849 568 912 d
588 868 617 914 sc
637 850 760 914 invicem
780 851 918 935 seperari
931 860 1055 936 possunt

229 954 359 1029 potestas
372 945 598 1028 jurisdictionis
618 956 647 1012 ct
663 955 793 1033 potestas
813 947 938 1013 ordinis.

130 1097 201 1158 250.
227 1096 352 1178 Negavit
364 1095 489 1180 quidem
504 1099 651 1180 Georgius
665 1100 806 1163 Sicardus
819 1108 849 1164 et
869 1119 941 1165 cum
955 1120 992 1165 eo
1006 1121 1073 1166 sus-

94 1191 189 1266 pectae
203 1183 350 1248 doctrinae
362 1185 495 1250 fautores
509 1186 558 1249 alii
570 1189 657 1251 multi
670 1209 677 1251 :
689 1189 878 1252 contendunt
895 1191 978 1254 enim
992 1191 1074 1273 qudd

92 1275 234 1358 Episcopi
264 1273 396 1339 bebeent
424 1275 646 1358 plenitudinem
678 1278 895 1358 jurisdictionis
929 1281 965 1343 ed
992 1281 1074 1362 qudd
1134 1352 1143 1364 ,

94 1363 270 1447 possideant
281 1363 502 1447 plenitudinem
522 1365 678 1430 sacerdotii
696 1388 703 1428 :
724 1386 785 1450 quo
803 1369 975 1451 supposito,
990 1387 1074 1430 crer-

94 1461 204 1518 teretur
221 1471 364 1537 suprema
381 1461 411 1518 et
425 1455 601 1518 universalis
614 1460 742 1538 potestas
761 1458 791 1519 S.
813 1455 949 1519 Pontifici
973 1455 1075 1520 datad

96 1543 213 1608 Christo
227 1543 370 1626 pascendi
384 1561 492 1607 omnes
505 1547 568 1606 tdm
583 1544 686 1608 lideles
699 1549 793 1628 quem
808 1542 983 1629 spiscoposj

134 1635 247 1697 Contra
262 1631 329 1696 illos
343 1633 487 1717 probatur
510 1633 601 1696 thesis
617 1653 625 1695 ι
641 1633 783 1698 differunt
804 1636 1000 1698 essentialiter
1020 1655 1076 1718 po·

97 1731 185 1787 testas
193 1721 414 1804 jurisdictionis
425 1731 455 1786 et
468 1729 600 1805 potestas
613 1723 743 1803 ordinis,
754 1742 789 1788 ac
798 1725 980 1808 separabiles
993 1732 1075 1805 sunt,

98 1811 188 1876 modo
203 1816 234 1876 l·
253 1819 385 1896 potestas
403 1811 519 1876 ordinis
540 1832 597 1876 nac
616 1811 726 1877 aulerri
747 1833 802 1878 nec
819 1814 916 1878 minui
937 1816 1031 1897 possit
1044 1816 1076 1878 in

98 1903 267 1986 Episcopis,
278 1901 354 1966 ditm
362 1903 503 1985 restringi
517 1903 594 1965 valet
602 1903 635 1965 in
648 1905 694 1966 eis
703 1904 918 1986 jurisdictionis
929 1909 1074 1986 potestas:

99 1991 189 2055 modo
203 1996 235 2054 2⁰
250 1998 381 2075 potestus
401 1991 516 2055 ordinis
534 1993 713 2076 episcopalis
727 2001 804 2056 stare
824 1995 919 2077 possit
937 1994 1002 2056 siue
1016 1994 1078 2056 nlld

99 2081 147 2144 tali
169 2081 399 2162 iurisdictione,
414 2086 445 2144 et
465 2081 596 2144 vicissim
615 2081 783 2163 iurisdictio
810 2082 989 2166 episcopalis
1011 2083 1077 2144 sine

99 2170 262 2253 episcopali
275 2169 393 2234 ordine.
411 2171 502 2253 Atqui
516 2189 565 2233 res
579 2171 620 2234 ite
635 2189 668 2234 se
683 2170 773 2233 habet
787 2191 794 2232 :
810 2175 906 2253 Ergo,
922 2177 979 2234 etc.

138 2263 210 2323 251.
222 2260 344 2322 Probat.
360 2261 461 2322 minor
476 2279 484 2320 :
501 2264 532 2323 t⁰
546 2261 680 2323 Potestas
695 2259 810 2322 ordinis
824 2279 881 2323 nec
895 2259 1005 2322 aulerci
1022 2279 1078 2323 nec

101 2351 195 2413 rninui
214 2349 535 2433 potcstinllpiscopis:
548 2349 689 2413 sichsbet
704 2350 818 2411 Concil.
830 2347 965 2412 'trident
981 2349 1076 2424 (Sess.

100 2443 148 2510 23,
163 2458 193 2503 c.
208 2441 256 2518 tl:
276 2461 291 2498 r
306 2439 456 2512 Quoniam
468 2440 539 2502 vero
553 2439 585 2500 in
599 2445 787 2502 sacramento
802 2437 944 2510 Ordinis.
960 2443 1038 2500 sicut
1050 2445 1080 2500 et

102 2551 116 2590 n
141 2529 173 2591 in
192 2529 347 2611 Baptismo
366 2533 396 2590 et
415 2528 650 2591 confirmatione
670 2535 803 2591 caracter
824 2526 1009 2609 imprimitur
1026 2527 1078 2608 qui

103 2640 117 2677 a
143 2637 200 2681 nec
214 2617 309 2680 deleri
323 2635 380 2680 nec
392 2616 624 2700 ecferripotcst,
637 2615 744 2678 meritd
754 2619 785 2680 S.
803 2615 944 2698 Synodus
957 2615 1080 2678 damnat

104 2729 118 2768 ι
141 2725 249 2771 eorum
264 2707 505 2788 sententiamqul
520 2713 657 2769 asserunt
670 2709 738 2767 novi
753 2705 923 2769 testamenti
938 2705 1079 2768 sacerdo-

104 2819 121 2856 ι
145 2803 190 2864 tes
205 2795 413 2880 temporarium
420 2795 630 2860 tantummodo
640 2801 816 2878 potestatem
830 2794 940 2858 hebere
950 2795 1080 2858 etsemel

105 2909 120 2948 s
144 2888 201 2950 rite
219 2885 389 2964 ordinatos,
404 2885 513 2948 iterum
533 2883 622 2948 laicos
642 2885 716 2968 effici
726 2903 824 2967 posse,
839 2885 863 2947 si
878 2885 959 2948 verbi
974 2885 1080 2948 minis·

106 3000 121 3038 s
145 2977 255 3042 terium
270 2993 333 3038 non
348 2982 516 3038 exerceant.
536 2999 548 3032 ι
564 2975 663 3056 Ergo,
678 2981 735 3038 etc.

148 3068 180 3129 S.
194 3065 336 3140 Thomas,
347 3068 377 3126 Ξ.
394 3067 424 3142 2,
440 3083 471 3146 q.
488 3068 538 3140 39,
553 3069 609 3127 art.
621 3067 652 3141 3,
663 3064 695 3126 in
709 3083 793 3146 corp.
809 3065 868 3126 ait:
884 3066 1082 3127 «Sacramen-

108 3155 214 3218 stalis
236 3160 367 3238 potestas
406 3161 451 3217 est
478 3171 547 3237 que
578 3171 632 3236 per
658 3153 791 3235 aliquam
823 3155 1082 3217 consecrationem

109 3269 125 3306 a
148 3243 338 3309 consertor...
360 3250 391 3306 et
403 3244 470 3306 talis
489 3249 619 3326 potestas
632 3242 801 3307 secundirm
821 3260 908 3306 suam
923 3245 1083 3306 essentiam

109 3358 124 3398 u
149 3342 287 3399 remanet
307 3333 337 3395 in
359 3333 500 3412 homine,
522 3333 575 3414 qui
596 3351 651 3416 per
672 3333 930 3397 consecrationem
951 3351 1019 3396 eam
1039 3339 1084 3396 est

113 3515 124 3546 ι
141 3509 206 3562 quas
216 3493 264 3545 lrui
277 3492 349 3545 bonis
362 3491 530 3559 spiritualibus
542 3497 567 3545 st
578 3507 642 3560 quos
654 3491 747 3560 optimc
759 3491 812 3560 regi
823 3489 917 3554 soluit,
930 3497 958 3543 ut
968 3491 1084 3555 deinceps

114 3587 124 3616 ι
142 3573 241 3618 curre
251 3563 374 3617 felicitatis
382 3563 512 3631 participes
518 3579 573 3617 esse
584 3563 688 3633 possint.
699 3563 731 3616 Ut
742 3563 855 3615 homines
866 3563 1005 3613 fruerentur
1013 3559 1084 3610 bonis

114 3658 125 3688 ι
143 3637 329 3706 spiritualibus,
350 3636 442 3688 creavit
465 3635 559 3687 ordinis
581 3641 744 3703 potestatem
768 3641 796 3685 ut
816 3635 908 3699 optime
932 3636 1083 3695 regerentur,

116 3715 291 3770 sociaetatem
299 3705 479 3774 jurisdictionis
490 3706 605 3760 instituit.
620 3726 629 3756 ι
640 3707 748 3774 (devoti,
763 3705 806 3756 lib.
819 3717 837 3765 ι,
849 3705 886 3752 tit.
898 3715 924 3763 ιι,
933 3713 962 3750 m
972 3701 1007 3763 t.)
