2506 3984
1032 8 1157 44 W
1178 9 1244 90 Ι

203 249 260 312 nst
423 265 558 313 sanusne
578 229 679 312 nonus
699 265 780 312 runrs
800 263 947 309 sanamur.

15 409 26 448 3
36 333 50 438 f>
95 359 97 368 ’
202 361 363 426 Gerrerales
371 363 526 441 salarium,
537 379 598 428 non
608 361 647 425 ab
660 359 827 442 Episcopis
843 358 924 422 seda
940 357 1101 422 Gubernio
1115 357 1185 422 resi·

202 449 301 531 piunt.
312 455 460 516 Remanet
472 461 574 516 tamen
584 449 743 513 difficultas
756 450 838 530 qudd
853 449 961 512 eodem
973 465 1109 530 persona
1123 466 1185 511 non

206 540 299 621 possit
319 541 380 606 duo
393 549 455 606 tam
478 540 712 624 incompatibilia
734 539 831 602 cilicia
844 539 899 602 rite
913 538 1058 620 implere;
1085 537 1183 614 unde,

205 628 355 694 ordinarie
373 631 494 706 saltem,
508 630 651 713 expedire
669 649 730 692 non
744 628 863 691 videtur
875 625 958 710 qudd
980 625 1013 690 ia
1029 625 1184 690 llioarium

205 717 383 782 Generalem
396 721 524 802 eligatur
538 719 697 782 Seminarii
713 717 867 800 Superior.

245 810 409 870 lll-l.-l⁰
419 808 660 873 Poenitenliarius
674 826 737 870 non
747 813 844 890 potest
854 824 920 870 csse
930 807 1070 869 Vioarius
1084 807 1185 868 Gene-

205 895 285 970 ralis,
301 897 359 960 nisi
377 898 404 960 ei
418 898 615 961 substituatur
627 895 735 978 aliquis
746 914 801 978 pro
815 893 1186 977 implendoofficioPoenl-
1243 897 1244 902 ’

205 984 351 1062 tertiari,
374 986 510 1068 quandia
534 1005 646 1050 munus
668 985 778 1048 Vicani
796 984 961 1062 exercebit,
983 1002 1023 1047 ne
1043 985 1085 1046 sit
1100 985 1187 1047 locus

205 1073 377 1150 suspicandi
391 1075 473 1157 quod
488 1075 518 1138 in
540 1080 594 1138 sut
610 1073 868 1138 administratione
881 1079 983 1136 ulatur
1001 1074 1119 1136 notitiis
1132 1093 1186 1156 per

205 1161 426 1226 contessionem
435 1165 599 1247 acquisitis.
611 1167 654 1226 lta
665 1167 696 1227 S.
711 1165 860 1246 congreg.
873 1163 973 1244 Episc.
985 1171 1015 1225 et
1024 1163 1184 1245 llegular,

205 1250 285 1331 apud
295 1251 451 1325 Analecta,
466 1253 553 1329 ibin,
570 1253 628 1317 ool.
651 1257 721 1318 906.
738 1255 841 1316 Posset
857 1258 960 1315 tamen
977 1251 1187 1315 confessiones

206 1339 354 1419 excipere,
370 1343 395 1405 si
413 1349 505 1406 tantae
518 1349 598 1406 esset
616 1343 769 1426 opinionis
786 1340 867 1424 apud
885 1359 992 1403 omnes
1004 1349 1039 1404 ut
1058 1361 1186 1421 prorsus
1243 1337 1244 1394 l

207 1429 416 1496 excluderetur
447 1431 622 1513 hujusmodi
653 1431 795 1516 suspicio.
825 1429 902 1492 Vide
937 1429 982 1493 De
1009 1428 1185 1512 Capitalis,
1243 1467 1244 1474 .

252 1609 1188 1694 litt.-5⁰VicariusGeneralisessenequitneposseutilius

208 1702 305 1764 fratris
327 1701 467 1783 Episcopi
494 1701 537 1779 (S.
572 1699 605 1762 G.
634 1699 798 1782 Episcop,
824 1703 861 1762 99
891 1707 967 1781 sept.
993 1702 1102 1775 1577),
1133 1719 1188 1761 nec

209 1790 310 1866 irater,
328 1789 495 1871 prasertim
508 1789 534 1851 si
556 1807 619 1852 non
641 1797 687 1851 est
704 1789 811 1852 doctor
831 1789 878 1868 (S.
902 1790 1011 1869 Congr.
1033 1789 1141 1868 Episc.
1158 1791 1187 1850 in

210 1877 341 1940 Canenti
354 1925 363 1952 ‚
387 1881 407 1940 2
426 1876 584 1943 decembr.
614 1880 713 1955 1578).
735 1879 779 1940 lta
800 1878 953 1952 Ferraria,
982 1885 1011 1938 r⁰
1049 1875 1188 1940 Vicarias

211 1965 378 2042 Generalis,
394 1971 449 2030 art.
476 1969 510 2044 l,
533 1975 566 2028 n⁰
589 1969 638 2030 29.
655 1967 708 2029 His
725 1977 828 2029 tumen
846 1973 876 2029 el
894 1967 960 2030 aliis
979 1983 1042 2028 non
1060 1967 1188 2030 obstan-

210 2056 309 2134 tibus,
324 2073 387 2118 non
401 2061 486 2139 putat
498 2057 535 2118 b.
553 2055 648 2118 Bouix
661 2062 798 2118 constare
816 2055 1001 2138 illegitimam
1015 2073 1084 2118 esse
1099 2076 1190 2137 gene·

210 2145 297 2206 ratim
314 2144 493 2208 electionem
507 2143 606 2207 fratris
619 2151 671 2207 aut
686 2144 808 2207 alterius
821 2145 1039 2226 consanguinei
1054 2145 1089 2207 iu
1105 2147 1190 2209 Vica-

209 2233 288 2296 rium
302 2233 517 2296 Generalem...
533 2234 680 2314 quianon
695 2239 811 2296 constat
823 2234 862 2296 de
876 2233 1123 2312 authenticitate,
1139 2245 1189 2299 aut

208 2322 247 2385 de
273 2341 366 2388 sensu
391 2321 583 2406 praelatarum
601 2322 845 2386 Declarationum
867 2323 923 2402 (De
942 2322 1093 2398 Jadioir's,
1113 2331 1138 2388 l.
1161 2331 1188 2404 l,

250 2505 338 2564 9996.
355 2501 476 2575 Ouaerit.
486 2503 520 2564 3·
536 2501 583 2562 An
595 2498 785 2564 dioecesanus
796 2501 890 2583 possit
902 2500 973 2582 eligi
985 2499 1018 2563 in
1031 2501 1190 2569 vicarium

91 2617 92 2624 .
210 2591 406 2670 generalem?

249 2681 339 2761 llesp.
356 2679 460 2742 Plures
470 2677 689 2742 declarationes
698 2681 729 2742 S.
739 2680 850 2760 Gongr.
861 2679 1001 2762 Episcop.
1016 2679 1193 2747 decernunt

209 2768 407 2848 originariam
423 2767 567 2832 Ciuitatis
580 2767 628 2830 vet
640 2768 769 2832 diaecesis
779 2785 1009 2850 nonposseesse
1017 2770 1191 2850 vicarium,
1239 2835 1240 2869 ,

211 2857 283 2938 quia
307 2863 430 2937 propter
450 2857 731 2939 consanguinitates,
753 2856 933 2939 affinitates,
957 2857 1193 2938 familiaritates

210 2952 240 3006 et
252 2943 330 3005 alins
342 2945 516 3008 attineatias
526 2993 535 3024 ,
547 2955 644 3029 posset
655 2946 801 3010 &marcai
820 2954 899 3008 recto
912 2949 1034 3010 tramite
1038 2949 1192 3036 justitia,

213 3032 257 3184 {egl
269 3033 346 3180 cesti
362 3053 391 3096 se
408 3033 527 3098 reddere
535 3035 676 3119 partitas
692 3043 864 3118 aspectam.
880 3037 923 3099 lta
938 3035 971 3098 in
984 3037 1191 3122 Housmam,
1238 3029 1239 3091 l

267 3121 319 3184 'u.
337 3126 425 3186 9587.

257 3140 366 3273 390999
378 3217 493 3291 tamen,
508 3215 607 3298 inquit
618 3213 802 3296 Pignatcllus
815 3217 899 3294 (tom.
910 3217 942 3292 9,
956 3217 1089 3283 consult.
1107 3227 1192 3302 969),

213 3321 229 3357 a
254 3301 344 3362 Sacra
357 3301 554 3383 congregatio
566 3303 758 3385 dispensare,
772 3309 806 3366 ut
818 3303 1001 3386 Episcopus,
1020 3317 1194 3388 praesertin

129 3455 137 3479 .=.
214 3388 406 3465 presidens,
426 3397 530 3452 tenere
552 3395 647 3473 possit
668 3393 821 3456 Vicarium
841 3391 1068 3475 dioecesanum,
1098 3399 1237 3486 idque¹

215 3501 230 3533 r
257 3477 357 3538 multis
371 3477 531 3552 decausis,
548 3479 637 3556 (inter
650 3484 736 3562 quas)
750 3488 873 3564 propter
886 3481 1022 3546 audiam
1036 3484 1195 3558 bonarum
1236 3453 1237 3537 i

216 3587 231 3622 a
256 3563 433 3646 qualitatum
446 3565 514 3646 talis
527 3567 635 3628 Vioarii
648 3567 821 3633 dioecesani.
840 3592 858 3631 a

259 3651 479 3730 Nlbtlominua,
500 3653 600 3737 inquit
628 3657 665 3718 lb
689 3655 786 3720 Bouix
808 3657 864 3735 (Ba
889 3659 1001 3742 india,
1035 3669 1114 3732 tom.
1158 3677 1195 3751 9,
1235 3675 1236 3759 l
