2546 3992
504 329 590 374 44400
612 330 728 376 antuus.
1045 313 1104 378 513

174 429 243 490 944.
260 425 380 498 buerit.
393 426 499 490 Utrum
514 423 612 487 adbuc
629 425 742 508 obliget
755 427 802 492 lex
816 427 992 491 'tridentina
1006 429 1107 510 quoad

135 533 269 578 annuam
283 513 396 595 Synodi
411 514 669 577 celebrationem?

173 605 265 681 Resp.
281 603 350 666 Sola
369 603 445 664 ratio
459 621 527 684 quae
541 601 662 683 allegari
677 609 775 686 potest
795 605 826 666 in
842 605 968 685 gratiam
988 605 1106 688 opinio·

134 693 183 756 nis
197 691 334 772 negantis
351 690 431 753 hanc
444 689 533 752 hodie
547 691 673 755 existere
693 691 926 774 obligationem,
942 701 987 755 est
1004 692 1106 757 desue·

135 781 207 846 tudo
225 799 278 842 seu
297 779 485 842 consuetudo
506 779 538 840 in
551 780 756 858 contrarium;
778 787 808 843 at
829 781 962 862 legitime
978 779 1106 846 dubitari

134 877 232 954 potest
245 887 319 932 num
332 867 398 931 hec
411 869 487 930 ratio
500 868 538 930 sil
551 868 621 930 satis
634 870 818 932 convincens
832 887 841 932 4
858 873 889 932 1ο
903 869 974 950 quia
989 869 1038 932 illa
1054 869 1107 934 de·

135 959 263 1024 suetudo
280 958 382 1021 venire
396 957 493 1038 potuit
506 975 542 1019 ex
557 957 795 1039 impossibilitate
809 958 841 1020 in
855 959 917 1040 qut
929 965 1014 1020 erant
1028 959 1109 1040 Epis-
1217 1007 1221 1014 ,

134 1049 202 1131 copi
213 1047 344 1130 synodos
354 1045 619 1128 congregandi,ob
627 1046 897 1127 oppositionem,v.
906 1065 936 1126 g.
945 1047 1106 1125 Guberuii3

135 1139 226 1220 porrd
244 1134 445 1208 consuetudo,
460 1152 529 1215 quae
551 1152 612 1195 non
632 1141 679 1195 est
692 1133 795 1212 libera,
819 1153 880 1197 non
895 1141 991 1217 potest
1010 1135 1107 1216 legem

135 1223 326 1287 introducere
339 1223 385 1286 vel
399 1223 555 1304 abrogare.
571 1219 643 1283 Vide
662 1221 741 1284 dicta
759 1241 850 1304 supra
868 1223 968 1303 (116).
988 1227 1019 1285 2⁰
1034 1224 1108 1296 Ouia

136 1314 235 1394 egilam
254 1312 291 1374 de
311 1312 379 1392 lege
397 1309 573 1373 Tridentind
589 1329 596 1370 ε
613 1311 714 1391 porrd,
729 1309 767 1372 ad
782 1312 884 1372 minius
898 1311 1047 1373 incertum
1064 1319 1110 1374 est

136 1421 175 1465 an
193 1401 380 1464 consuetudo
394 1401 487 1482 possit
504 1399 665 1482 praeualere
678 1406 783 1461 contra
802 1399 922 1462 decreta
934 1399 1109 1462 Tridentina

136 1490 227 1572 (144).
243 1494 276 1553 3⁰
296 1489 372 1562 Ouia
392 1487 579 1552 consuetudo
601 1505 663 1549 non
686 1493 785 1568 potest
806 1480 932 1550 nervum
951 1487 1108 1551 ecclesias-

136 1581 204 1642 ticae
222 1579 389 1660 disciplinae
408 1578 556 1654 relaxare,
576 1581 611 1638 ut
627 1575 760 1638 diximus
774 1595 865 1658 supra
881 1579 981 1653 (190);
996 1575 1048 1638 sed
1062 1577 1109 1639 lex

137 1668 334 1751 proscribens
346 1666 580 1730 celebrationem
596 1665 708 1746 synodi
718 1712 726 1741 ,
737 1663 775 1726 de
789 1664 950 1726 iisvidetur
962 1682 1028 1726 esse
1041 1683 1109 1747 quae

137 1757 263 1819 relaxari
278 1761 434 1837 nequeunt
451 1755 524 1835 quin
540 1753 630 1816 simul
644 1752 821 1816 dissolvatur
836 1771 944 1816 nervus
959 1754 1110 1817 00010οἰ40

137 1845 205 1908 ticae
218 1844 395 1928 disciplinae.
411 1841 509 1924 Ergo,
524 1850 582 1904 etc.
1151 1847 1153 1852 '

178 1937 247 1996 945.
263 1932 350 1998 Unde
360 1951 422 1995 non
433 1938 502 1993 sunt
511 1929 657 2012 sequendi
673 1928 796 2011 quidam
810 1931 871 1990 llll.
884 1931 902 1992 4
917 1929 1031 1993 Bened.
1043 1932 1109 1994 xlv

139 2023 234 2100 relati,
249 2022 387 2104 quiultra
400 2021 524 2082 modum
536 2019 667 2098 benigne
681 2019 801 2096 voluere
813 2017 988 2099 predictam
999 2019 1110 2102 obliga·
1179 2024 1189 2032 '
1223 2010 1230 2020 ’

139 2111 253 2174 tionem
267 2110 305 2172 ad
319 2110 416 2172 solum
431 2108 612 2182 triennium,
627 2106 782 2168 autetiam
796 2105 833 2167 ad
847 2105 1019 2168 diuturnius
1033 2115 1109 2168 tem-

140 2219 196 2282 pus
209 2199 363 2261 reducere.
384 2219 399 2255 u
410 2199 469 2258 Nos
483 2197 573 2265 verb,
590 2195 688 2274 inquit
700 2192 892 2258 doctissimus
902 2195 1037 2256 Pontifex
1056 2195 1110 2269 (De

140 2313 155 2349 4
179 2289 270 2370 Syn,
290 2286 342 2348 lib.
366 2285 402 2356 l,
422 2303 488 2365 cap.
508 2288 538 2360 6,
563 2295 597 2344 n·
619 2286 667 2360 5),
686 2301 860 2365 0444044444
883 2301 945 2344 non
967 2301 1111 2364 negemus

140 2377 312 2460 »potuisse
340 2373 507 2436 Tridentini
538 2375 695 2434 Decretum
718 2371 866 2434 contrarii
895 2371 1110 2435 cousuetudine

140 2491 155 2528 o
181 2484 243 2528 non
268 2463 341 2525 nihil
373 2461 500 2524 emolliri
523 2468 553 2524 et
573 2461 753 2542 temperari,
778 2477 840 2520 non
872 2457 986 2520 idcircd
1010 2465 1109 2543 tameo

141 2578 157 2614 4
181 2553 383 2636 approbamus
410 2551 554 2612 ellrenam
577 2551 664 2611 istam
692 2547 863 2620 licentiam,
888 2565 980 2627 quam
1007 2548 1109 2628 privati
1191 2615 1194 2622 ,

142 2667 157 2703 4
181 2643 317 2704 doctores
336 2641 391 2701 sibi
411 2643 576 2721 usurpant,
592 2635 665 2698 illud
678 2655 734 2719 pro
748 2635 846 2710 libito,
862 2635 952 2696 etiam
972 2653 1111 2718 expressa

141 2755 156 2792 0
181 2730 317 2810 ejusdem
337 2729 426 2789 verba
443 2725 658 2808 interpretandi
678 2733 708 2787 et
728 2723 899 2786 limitandi:
922 2741 1023 2805 neque
1046 2725 1112 2788 illos

142 2843 157 2878 o
182 2835 359 2882 excusemus
373 2817 557 2899 Episcopcs,
572 2815 623 2896 qui
644 2815 714 2876 cbru
736 2811 810 2873 nihil
834 2812 871 2874 sit
892 2811 974 2894 quod
993 2813 1111 2876 0001444-

142 2931 157 2968 4
182 2907 297 2991 peditat,
316 2925 352 2968 ex
372 2906 435 2967 solit
448 2902 584 2966 00004114
597 2911 627 2965 et
645 2899 826 2981 negligentib
840 2899 996 2982 Synodum
1014 2900 1111 2966 140040

143 3020 157 3056 o
183 2995 413 3076 pretermittunt
433 3013 440 3052 :
462 3009 575 3074 eosque
593 2989 691 3070 magis
705 2988 932 3069 redargnimus,
949 2989 1018 3069 qui,
1040 2993 1111 3052 cum

141 3105 157 3146 a
181 3085 282 3165 plures
303 3098 400 3143 annos
418 3079 573 3142 dioecesim
592 3079 836 3160 gubernaverint,
864 3095 903 3138 ne
921 3075 959 3138 de
975 3079 1112 3157 eogendd

142 3193 157 3234 4
183 3173 306 3256 quidem
326 3168 449 3250 Synodo
463 3185 598 3248 unquam
611 3167 790 3248 cogitdrunt.
807 3165 844 3228 lli
860 3167 980 3228 enim...
1000 3165 1111 3228 memi-

141 3281 158 3321 4
181 3264 261 3325 nisse
278 3260 422 3321 deberent
441 3275 474 3319 se
489 3264 597 3338 praeter
612 3269 729 3317 reatum
744 3255 967 3324 inobedientiae.
988 3273 1111 3337 poeoam

141 3372 156 3410 a
180 3351 334 3413 incurrere
359 3346 564 3427 suspensionis
585 3343 624 3406 ab
643 3343 753 3416 officio,
768 3352 826 3408 etc.
849 3367 865 3404 4
886 3344 945 3406 Sed
959 3345 1026 3406 vide
1040 3348 1110 3406 938.

179 3440 245 3502 Non
263 3443 347 3518 putat
360 3445 462 3497 tumen
485 3435 652 3514 negendam
669 3452 734 3494 esse
755 3437 786 3496 in
807 3435 991 3496 conscientia
1014 3434 1113 3512 legem

141 3529 298 3611 synodum
306 3521 467 3608 quotannis
475 3523 660 3599 celebrandi,
669 3531 774 3585 auctor
787 3524 919 3586 Proeleet.
931 3521 964 3583 S.
977 3518 1113 3600 Sulpico·

144 3615 191 3700 {nt
204 3617 286 3700 ltili),
302 3616 342 3678 ob
355 3613 530 3675 diuturnam
550 3621 579 3675 et
593 3611 792 3675 universalem
806 3610 1059 3673 cousuetudinem
1075 3609 1108 3674 in

141 3699 326 3770 contrarium
338 3701 492 3788 vigentem
505 3719 515 3768 ι
528 3701 608 3766 circa
619 3699 702 3785 quod
714 3699 782 3764 vide
795 3717 886 3781 supra
900 3701 996 3780 (144).

900 3890 903 3896 ,
983 3793 1035 3861 ru
