2578 4008
48 269 52 278 ι
513 214 599 261 nram
621 213 739 264 enarras.
1060 203 1119 268 325

21 385 32 398 .
139 313 170 375 S.
187 314 281 393 Gong.
298 311 438 393 Episcop.
455 317 485 372 et
503 309 572 392 Reg.
601 312 674 374 anni
698 315 804 392 todo).
829 315 887 378 Pro
909 318 1118 380 oonuoversiis
1172 359 1174 364 ·

141 401 221 464 circa
236 400 487 482 praecedentiam,
503 400 569 462 vide
587 400 667 463 dicta
680 420 770 484 supra
792 403 892 482 (tlt);
909 405 975 468 vide
995 407 1055 469 alia
1070 409 1116 468 in·

40 519 49 532 ·
140 507 232 572 super
254 508 302 571 ap.
319 489 472 567 Ferraria,
489 500 517 550 v⁰
530 489 711 572 Appellatio,
727 497 757 554 et
770 491 864 555 Cone.
879 495 1029 560 Remense
1043 496 1113 562 anui

143 581 365 730 wilgiplijoqt}
378 667 461 750 quod
480 667 633 746 clausula,
658 668 739 729 omni
762 671 962 752 appellatione
983 674 1113 756 remotd[

14 778 16 782 ’
140 755 374 840 appellationem
389 775 451 819 non
468 755 612 838 impediat
625 756 724 839 quoad
738 757 878 822 effectum
891 761 1114 839 devolutivum,

139 843 192 908 sed
207 847 324 908 tantum
338 845 439 927 quoad
459 846 686 927 suspensivum;
703 855 869 912 constater
884 851 1028 914 Decretali
1045 851 1117 914 Pas·

141 935 235 996 torali
250 937 305 1004 53,
332 933 368 996 dc
387 934 508 1017 Appell.
534 935 566 996 in
585 939 646 1016 que
663 934 773 999 dicitur
792 938 894 1019 qudd,
916 958 955 1002 eo
976 957 1069 1019 casu,
1092 939 1117 1004 si

7 1091 18 1100 ,
139 1017 296 1105 appellans
309 1022 398 1086 fuerit
411 1029 550 1105 grauatus
568 1025 679 1103 injuste
691 1073 699 1101 ,
713 1045 872 1106 pronomen
885 1027 1053 1110 hujusmodi
1062 1049 1119 1112 per

140 1111 325 1194 Superiorem
343 1113 457 1194 poterit
474 1113 632 1175 emendari.
652 1117 675 1174 Α
693 1113 807 1177 fortiori
828 1117 970 1198 praedicta
984 1118 1118 1182 clausula

142 1221 203 1264 uon
219 1202 344 1284 impedit
355 1201 607 1284 supplicationem,
615 1203 789 1285 petitionem
800 1207 995 1268 restitutionis
1004 1208 1036 1268 in
1045 1208 1120 1272 inte·

141 1311 228 1372 pram
247 1290 360 1372 (aaut,
381 1295 470 1364 6065,
495 1293 575 1372 etc),
599 1292 707 1354 etalio
728 1292 861 1356 remedia
879 1297 997 1376 (6059);
1020 1296 1117 1375 unde,

142 1379 182 1442 ait
199 1381 234 1442 D.
253 1381 345 1443 Bouix
366 1381 421 1460 (De
443 1379 554 1454 ludia,
570 1385 593 1440 t.
610 1385 644 1456 0,
661 1401 691 1462 p.
707 1381 806 1462 265):
830 1385 1013 1446 «Immerito
1026 1384 1120 1447 Sedes

142 1491 157 1528 u
185 1469 354 1552 apostolica
369 1469 570 1544 insimulatur,
586 1472 621 1530 ed
632 1469 713 1550 quod
726 1488 833 1533 causas
846 1471 1119 1554 quandoquejudi·

142 1581 158 1618 a
182 1558 294 1620 candus
308 1558 474 1622 committat
488 1577 560 1620 oum
574 1557 654 1622 dicta
667 1559 814 1633 clausula,
830 1560 912 1621 omni
919 1562 1122 1643 appellatione

143 1671 158 1707 a
185 1647 304 1710 remoti.
325 1669 341 1708 a
359 1647 434 1710 Vide
454 1648 511 1710 alia
530 1648 609 1730 apud
634 1648 775 1711 eumdem
791 1648 888 1727 (itta,
909 1669 940 1732 p.
960 1654 1117 1726 tos-266).

185 1741 255 1800 658.
283 1737 405 1811 Quaerit.
427 1741 459 1800 l⁰
481 1740 590 1802 Utrum
613 1738 700 1802 liceat
718 1738 869 1822 appellare
888 1758 907 1801 a
926 1758 1121 1823 quocumque

142 1827 268 1908 judice?

184 1919 275 1999 Resp.
296 1915 482 1998 Regarlariter
500 1916 575 1979 illud
593 1917 699 1994 licere,
715 1919 787 2000 quia
803 1919 964 2001 appellatio
983 1924 1029 1983 est
1051 1935 1120 2002 spe·

145 2007 207 2070 cies
221 2006 404 2069 defensionis
417 2025 486 2087 quae
499 2007 649 2088 oppressis
662 2006 751 2070 datur
768 2015 872 2070 eontra
887 2008 1029 2088 injuriam
1041 2007 1120 2088 judi·

145 2097 190 2160 ais
206 2116 213 2157 :
230 2103 299 2158 sunt
311 2104 413 2158 tamen
428 2094 619 2176 exceptiones
635 2113 642 2155 :
659 2095 703 2158 sio
723 2100 753 2157 l⁰
769 2115 832 2158 non
848 2097 916 2160 licet
931 2096 1083 2179 appellare
1102 2097 1121 2159 a

146 2185 294 2248 sententia
308 2187 397 2266 Papae
411 2184 502 2246 etiam
516 2183 553 2246 ad
568 2181 735 2246 Conmlium
751 2185 912 2262 Generale,
929 2205 986 2248 neo
1000 2186 1089 2246 etiam
1103 2187 1121 2247 t

146 2274 281 2338 Concilio
309 2273 446 2336 Generali
476 2275 563 2354 Papae
590 2272 695 2349 unito,
730 2273 803 2354 quia
827 2267 988 2355 appellatio
1018 2274 1123 2354 nequit

147 2367 250 2430 locum
268 2365 394 2440 habere,
416 2364 473 2426 nisi
488 2363 527 2425 ab
541 2361 682 2426 interiore
702 2362 740 2424 ad
759 2363 974 2445 Superiorem,
995 2367 1024 2423 et
1042 2363 1123 2444 Papa

149 2475 212 2520 non
226 2461 271 2518 est
284 2453 417 2516 Concilio
432 2453 568 2515 Generali
583 2451 705 2514 inferior
720 2456 741 2513 ¹.

190 2551 220 2608 2⁰
242 2547 267 2606 Α
286 2543 434 2605 sententia
451 2542 541 2604 totius
555 2541 677 2622 Collegii
691 2541 910 2617 cardinalium,
925 2546 976 2603 aut
994 2541 1124 2622 Gangre

150 2627 306 2716 gatianum
329 2635 553 2708 Romanamm,
570 2637 599 2692 et
613 2631 651 2692 ab
665 2629 771 2692 ultima
789 2633 872 2693 Rotae
890 2631 1035 2692 Romanae
1057 2647 1124 2692 sen·

149 2723 243 2787 tentia
266 2741 327 2785 non
358 2721 446 2783 datur
470 2720 630 2802 appellatio
654 2739 662 2780 ε
691 2719 819 2781 obtineri
840 2725 942 2781 umen
972 2723 1069 2801 potest
1091 2722 1125 2780 ut

152 2812 271 2896 negotia
290 2811 476 2874 contentiosa
489 2809 600 2891 plurios
613 2809 824 2870 examinentur
837 2826 855 2870 a
875 2807 974 2870 Sacris
990 2808 1125 2888 Congre-

125 2953 128 2960 ,
152 2901 333 2985 gationilaus.
358 2901 435 2961 Casu
455 2907 556 2960 numm
570 2915 632 2979 quo
652 2896 721 2959 data
735 2896 824 2958 fuerit
844 2896 956 2960 decisio
978 2915 1048 2959 cum
1069 2895 1126 2958 ate

153 2991 304 3068 clausule,
327 2997 356 3051 et
377 2987 523 3070 ampliias,
549 2986 610 3068 peti
633 3004 696 3048 non
718 2992 815 3068 potest
836 2993 870 3048 ut
891 2985 993 3048 denuo
1015 2984 1125 3048 decisio

156 3100 252 3145 causae
266 3077 472 3154 examinetur,
488 3077 545 3138 nisi
557 3077 595 3138 ab
608 3075 709 3136 Emin.
725 3075 869 3138 Praeieoto
882 3073 1126 3156 congregationis

192 3186 201 3216 ⁰
218 3183 378 3250 Appellamus
389 3183 419 3233 ad
432 3182 543 3234 laturum
557 3179 696 3233 Concilium
714 3175 835 3230 Generalis
856 3175 1099 3229 excommunicantur
1109 3182 1135 3226 at

161 3257 296 3324 respective
306 3256 436 3305 interdicto
445 3253 620 3317 subjiciuntur.
635 3249 726 3300 Bened.
737 3247 796 3300 xiv.
806 3247 910 3299 Constit.
923 3249 1066 3302 Partoralis,
1079 3245 1130 3312 52.

165 3329 193 3386 7.
210 3331 303 3380 [tollen.
315 3329 343 3379 ln
358 3327 432 3379 Coeno
451 3326 556 3380 Domina,
571 3322 598 3373 2⁸
617 3328 730 3384 except.;
745 3319 840 3371 Extrav.
860 3321 969 3385 Suscepit
991 3319 1133 3383 Reprmlnla,

161 3401 220 3452 lolii
233 3403 266 3463 a,
281 3407 305 3450 et
319 3401 385 3449 Bada
399 3397 551 3449 Execeradilia
566 3396 599 3445 rit
609 3395 636 3453 ll,
649 3409 714 3442 anno
732 3392 808 3441 tiss:
825 3410 835 3439 ι
852 3392 948 3442 Sentire
961 3392 1027 3458 quod
1045 3391 1058 3440 i
1070 3391 1134 3455 capi

164 3493 174 3520 ι
188 3477 217 3524 ad
226 3473 364 3525 Concilium
373 3471 489 3534 appellari
500 3469 584 3531 possit,
593 3467 775 3517 esthureacum
786 3482 808 3526 a,
819 3463 1065 3522 dioitS.ar=toninus,
1075 3477 1100 3526 p.
1108 3461 1132 3522 3,

163 3546 269 3607 samm„
284 3545 320 3594 tit.
329 3541 369 3601 23,
380 3542 408 3592 de
421 3541 518 3604 Appen.
531 3540 615 3604 Papae,
628 3538 669 3602 §3
684 3535 718 3596 til.
733 3535 803 3587 Card.
819 3535 911 3598 Soglir,
923 3535 1041 3597 lnatpnr.
1048 3529 1111 3599 publ
1124 3571 1130 3592 ‚

164 3621 179 3684 ς,
190 3617 219 3668 30
234 3619 258 3667 in
273 3617 338 3678 tine).
353 3613 396 3664 liic
405 3627 478 3662 casus
486 3612 624 3675 specialiter
635 3609 660 3660 S.
673 3607 731 3659 Sodi
742 3620 833 3657 resera.
845 3604 921 3666 peril.
934 3605 1042 3670 Apostol.
1051 3605 1128 3658 Sedu.

261 3717 290 3762 Τ,
309 3715 328 3758 1.
987 3689 1024 3747 10
