2588 3994
476 225 563 282 uineta
585 223 703 283 saluus.
1025 201 1083 286 ild

103 321 181 389 siliis
195 328 258 391 sive
272 330 289 390 l
304 329 357 392 SS.
376 329 572 392 Pontificibus
587 331 721 412 prolatis,
741 331 853 412 quibus
867 331 999 412 ligantur
1020 349 1081 394 non

102 418 222 478 tantiam
239 417 353 494 tidoles,
377 417 429 480 sed
449 420 539 482 etiam
560 420 722 502 Episcopi,
738 419 770 482 in
789 420 936 502 regimine
960 439 1081 484 suarum

101 507 315 589 unusquisque
335 507 523 570 dioecesium.
547 509 597 572 Sio
611 509 702 572 habet
715 508 828 572 Concil.
847 509 1080 586 antiochenum,

100 613 185 657 anno
204 599 261 659 311
285 617 292 657 :
317 597 459 660 «Visum
473 605 519 661 est
541 597 674 680 reliquos
696 599 862 681 Episcopus
885 598 958 660 nihil
980 598 1082 680 magni

102 705 117 740 a
143 686 292 746 momenti
307 686 510 768 aggredisine
524 688 590 770 ipso
610 687 855 770 (Metropolitano
869 690 895 766 ¹)
908 694 941 750 ut
954 687 1018 750 uult
1030 687 1081 768 qui

104 795 117 827 r
141 773 181 836 ab
196 774 282 837 initio
296 775 426 838 obtinuit
446 777 569 840 Petrum
587 795 725 842 canon.»
742 778 830 858 (Can.
848 781 878 856 9,
890 776 997 853 Labb,
1012 782 1035 837 t.
1050 779 1081 852 2,

100 861 160 924 ool.
182 863 456 943 apollineum
476 884 587 930 canon.
609 871 647 930 27
668 866 883 950 Apostolorum
905 873 935 929 et
958 885 1026 930 can.
1050 869 1082 942 1,

101 952 229 1014 Coneilii
246 953 371 1016 Nioaeni.

141 1045 214 1104 251.
230 1044 280 1104 lll.
303 1043 453 1127 Reslringi
475 1052 573 1129 potest
587 1045 687 1129 quoad
706 1065 871 1130 personas:
889 1049 931 1111 sio
945 1047 1036 1109 etiarn
1050 1045 1081 1106 in

102 1131 210 1212 primis
221 1132 364 1196 Ecclesiae
375 1136 503 1211 saeculis,
517 1135 753 1216 aiurisdiotiono
765 1136 927 1220 episcopali
943 1140 1081 1216 exempta
1151 1157 1159 1176 ·

102 1220 222 1284 inerant
244 1225 428 1288 monasteria
454 1225 613 1288 :sufficiat
639 1225 768 1308 allegare
792 1227 906 1290 Concil.
933 1223 1082 1305 Carthagi·
1190 1217 1191 1222 ’

103 1329 198 1374 nense
212 1313 285 1374 anni
300 1311 379 1376 525:
399 1316 525 1378 «Erunt
539 1315 629 1398 igitur
643 1316 746 1377 omnia
760 1316 887 1378 omnino
900 1313 1081 1376 monasteria

102 1421 117 1460 r
141 1400 220 1462 siout
244 1421 356 1485 sempor
381 1403 522 1486 suerunt,
548 1407 566 1467 d
589 1403 763 1467 conditione
784 1405 964 1468 olerioorum
984 1401 1082 1463 modis

102 1513 117 1550 e
141 1491 286 1554 omnibus
302 1491 414 1572 libera,
430 1493 486 1556 sibi
501 1495 618 1557 untdm
633 1500 663 1556 et
683 1495 746 1558 Deo
760 1494 920 1578 placentia.
936 1513 952 1552 r
973 1491 1079 1572 (Labb.

102 1585 125 1642 t.
140 1585 173 1659 1,
188 1581 248 1644 301.
262 1583 364 1664 1619.)

142 1672 224 1753 Ergo
240 1675 269 1734 l·
283 1679 400 1736 oonstat
413 1672 496 1755 quod
508 1673 598 1736 variis
616 1673 716 1736 modis
733 1673 874 1755 restringi
888 1671 983 1754 possit
993 1671 1081 1752 juris-

103 1759 194 1824 dictio
214 1761 413 1844 episeopalis',
437 1762 512 1826 dum
533 1761 644 1825 auferri
668 1762 840 1827 nullatenus
869 1761 946 1824 valet
967 1761 1079 1824 ordinis

102 1856 244 1932 potestas.

141 1944 212 2003 255.
225 1945 257 2002 2⁰
273 1939 405 2004 Potestas
419 1941 534 2006 ordinis
547 1943 725 2026 episcopalis
739 1947 817 2006 stare
831 1947 929 2026 polest
941 1941 1006 2004 sine
1021 1941 1081 2004 ulll

101 2029 331 2110 jurisdictione,
347 2037 377 2094 et
395 2031 527 2094 vicissim
540 2029 707 2112 iurisdictio
724 2032 903 2116 episcopalis
923 2031 988 2093 sine
1002 2033 1080 2112 epis-

102 2117 199 2200 copali
215 2119 332 2182 ordine.

143 2209 246 2270 Prirna
256 2227 325 2290 pars
339 2216 455 2273 constat
469 2211 603 2274 aurariis
615 2211 732 2273 statutis
741 2211 773 2272 in
783 2209 918 2271 Concilio
928 2209 1051 2270 Nioaeno
1069 2209 1079 2268 l

102 2297 226 2360 saneitis
240 2304 270 2360 et
283 2297 349 2362 aliis
363 2319 432 2381 quae
446 2301 504 2382 legi
520 2307 648 2382 possunt
661 2319 711 2382 ap.
734 2301 770 2360 l).
787 2298 895 2372 Bouix,
911 2297 944 2358 de
959 2296 1080 2360 Priori·

100 2388 171 2470 piis,
190 2407 259 2470 pag.
276 2392 353 2466 516,
369 2396 440 2466 eto.;
456 2390 583 2452 sufficiat
601 2391 693 2452 citare
715 2407 782 2452 oen.
804 2391 853 2464 10,
875 2383 999 2448 Consilii
1016 2387 1081 2446 An-

103 2477 219 2540 tiooh.:
247 2499 261 2536 a
289 2478 312 2539 li
336 2477 388 2560 qui
412 2479 536 2542 suntin
564 2479 637 2542 vicis
661 2479 707 2540 uel
730 2479 835 2560 pagis,
861 2475 913 2558 qui
941 2473 1082 2536 dicuntur

103 2587 118 2628 u
144 2567 376 2650 Chorepisoopi,
386 2568 501 2631 etiarnsi
511 2569 652 2652 Episcopi
662 2567 883 2630 ordinationem
898 2581 1082 2626 manuumve

104 2679 119 2717 a
143 2655 369 2741 impositionem
389 2658 580 2741 acceperint,
602 2659 700 2720 visum
721 2663 765 2719 est
788 2661 822 2718 ut
839 2671 929 2717 suum
956 2652 1081 2716 modum

104 2768 119 2806 r
144 2747 242 2810 sciant
264 2753 294 2810 et
316 2745 372 2809 sibi
397 2747 546 2827 subjectas
568 2745 718 2809 Ecclesias
745 2744 991 2807 administrent...
1020 2745 1081 2805 Neu

104 2859 119 2896 a
144 2837 371 2918 presbyterum,
395 2855 451 2900 nec
475 2835 639 2899 diaconum
658 2835 798 2898 ordinare
818 2831 948 2894 audeant
967 2831 1082 2914 absque

104 2948 120 2984 a
144 2925 235 2990 Urbis
256 2925 398 3008 episeopo
411 2973 419 3006 ,
434 2926 484 2989 cui
505 2925 662 3005 subjicitur
685 2924 748 3006 ipse
768 2927 798 2984 et
819 2921 914 3004 regio.
938 2943 954 2982 a
976 2919 1072 3003 (Labh

107 3021 127 3076 t.
140 3017 171 3092 2,
187 3015 244 3078 ool.
256 3019 341 3098 566.)

2 3096 8 3113 ’
147 3105 286 3168 Seounda
300 3125 369 3188 pars
379 3105 522 3188 probatur
532 3123 570 3167 ex
583 3101 712 3186 eoquod
726 3102 838 3166 elautus
852 3103 884 3166 in
898 3102 1080 3185 Episcopum

108 3195 208 3258 statim
223 3215 259 3258 ao
272 3195 489 3277 praeconisatus
502 3212 572 3257 suas
595 3193 726 3256 obtinuit
744 3192 862 3271 bullas,
877 3193 987 3274 possit,
1004 3211 1081 3254 non·

107 3285 181 3348 dum
193 3291 401 3364 consecratus,
412 3303 483 3348 oum
498 3284 587 3367 plena
598 3282 806 3363 iurisdictione
820 3281 988 3363 gubernare
997 3300 1081 3344 suam

107 3375 275 3439 dioecosim.
291 3377 380 3437 Juxta
398 3373 481 3437 enirn
501 3372 615 3436 concil.
631 3372 764 3435 Tridenl.
781 3373 871 3449 (Sess.
889 3374 939 3444 23,
955 3389 982 3432 o.
1000 3375 1029 3446 2,
1049 3369 1083 3430 de

3 3443 5 3472 ³
108 3465 179 3547 res.)
193 3471 292 3548 potest
304 3463 343 3527 ad
356 3472 417 3528 tres
430 3481 551 3528 mensas
569 3481 655 3526 suam
674 3460 793 3524 differre
811 3460 1079 3522 consecrationem.

140 3673 149 3705 ¹
161 3668 189 3722 la
201 3668 392 3723 desuetudinem
404 3673 486 3722 lamen
499 3665 561 3719 abiit
569 3665 621 3718 hae
632 3663 875 3729 metropolitanorum
883 3655 1052 3726 prerogativa.
