2578 4008
505 259 591 305 arura
611 258 728 303 rnruts.
1044 239 1103 303 ata

165 374 182 412 ι
207 353 350 416 canonici
366 352 547 415 Gatbedralis
556 352 688 434 deputati
703 351 741 414 ad
751 353 903 414 seminarit
914 352 1103 414 administra-

124 461 141 500 ι
166 440 279 503 tionem
291 441 469 524 praeferendi
484 449 555 504 sunt
582 442 648 503 aliis
669 441 819 522 deputatis
829 437 868 503 de
884 442 989 521 utero,
1004 441 1058 505 etsi
1072 440 1102 504 hi

124 548 142 589 e
167 528 301 612 primirm
317 530 429 593 tuerint
442 530 527 593 eiecti
543 529 697 608 (demeti,
716 537 748 593 n·
761 529 867 610 3934).

167 639 183 676 u
207 619 351 682 canonici
361 618 545 682 cathedralis
554 623 715 682 existentes
724 620 767 681 uti
782 618 892 699 singuli
902 618 933 680 in
944 618 1017 680 loeis
1031 619 1104 682 dita-

125 729 142 767 »
167 707 257 782 cesis,
272 715 590 790 nequeuntassumere
604 706 739 771 habitum
747 707 1018 782 canonicalem‚ret
1031 727 1104 789 pra*-
1189 747 1192 758 ·

9 795 11 800 '
125 817 141 854 a
167 795 291 860 endere
317 796 550 880 praecedentiam
576 803 607 860 et
627 797 728 860 iocum
747 797 922 859 distinctum
944 796 1101 877 (Gardetl.,

127 906 143 942 o
169 895 203 945 ηο
216 886 323 966 artu).
335 909 353 947 ι
365 883 1104 968 Vidotamenintmtm9).-V.Bouix,decapi-

130 971 218 1051 tulis,
234 993 265 1056 p.
281 977 360 1052 528,
375 982 433 1039 etc.

146 1063 311 1136 ¹Cano-uici
336 1063 537 1146 capitulariter
562 1070 593 1132 et
618 1063 878 1148 pmoessionaliter
906 1063 1102 1147 procedentes
1131 1119 1136 1126 .

127 1149 328 1232 praeferuntur
341 1151 507 1215 abbatibus
528 1152 704 1216 benedictis.
731 1156 763 1218 S.
793 1155 887 1236 Gorg.
912 1155 985 1232 uit,
1005 1158 1025 1216 8
1044 1153 1100 1232 jul.

127 1243 217 1302 1602.
247 1243 418 1305 canonicus
440 1243 524 1324 prids
544 1241 639 1305 tactus
662 1241 751 1304 debet
773 1242 944 1326 precedere
957 1242 1021 1304 aliia
1036 1250 1103 1324 post

125 1328 226 1410 ipsum
235 1329 499 1394 adurissisetiamsi
509 1333 569 1394 sint
581 1330 729 1393 doctores.
739 1333 771 1393 S.
782 1334 816 1392 ii.
828 1333 921 1406 G.,t9
932 1335 1099 1394 novenos.

157 1440 186 1476 ,α
195 1418 251 1483 Ubi
266 1417 437 1501 prebendae
449 1425 521 1482 sunt
533 1419 680 1482 distinctae
694 1419 736 1498 (in
750 1419 924 1502 Capitulis),
939 1420 1101 1482 serrandus
1149 1457 1153 1464 -

124 1527 141 1566 n
166 1512 211 1568 est
237 1507 269 1569 in
292 1507 425 1596 sedendo
438 1515 469 1571 et
488 1507 519 1568 in
546 1507 712 1589 gradiendo
728 1507 804 1571 ordo
817 1506 1099 1589 praebendarum...

124 1617 141 1654 ι
165 1595 221 1660 Ubi
243 1615 351 1660 omnes
373 1597 543 1680 prebende
563 1603 634 1660 sunt
647 1597 914 1680 presbyterales...‚
937 1597 1102 1660 canonicus

125 1705 142 1744 n
165 1685 320 1767 presbyter
339 1685 480 1770 precedit
492 1686 677 1748 Canopicum
693 1685 861 1749 Diaconum
876 1686 922 1748 vet
936 1684 1100 1748 Subdiaco-

125 1795 141 1834 o
169 1792 243 1837 num
257 1775 326 1838 licet
339 1776 528 1858 possessione
549 1775 770 1857 antiquiorem
786 1781 816 1838 et
828 1775 951 1858 quando
973 1774 1022 1836 itte
1035 1775 1099 1838 dia·
1157 1809 1160 1814 ·

125 1881 261 1926 »coum
287 1864 333 1926 ret
363 1863 565 1927 subdiaconus
587 1863 621 1925 ot
643 1864 816 1946 presbyter,
851 1883 913 1926 non
945 1873 1101 1946 recuperat

6 1989 7 1996 .
124 1973 141 2012 u
167 1951 398 2033 praece'dentiam
425 1971 516 2034 super
546 1952 755 2035 presbyterum
783 1954 972 2034 possessione
999 1953 1100 2016 minda

125 2061 142 2100 ι
166 2041 324 2123 antiquum
342 2042 394 2124 qui
411 2042 526 2104 ratione
549 2041 705 2104 sacerdotii
729 2042 927 2123 praecedebat.
949 2042 981 2104 S.
1002 2043 1097 2124 Gorg.

127 2151 145 2190 n
169 2131 242 2206 uit,
259 2129 445 2194 todecemb.
462 2133 550 2192 4828.

165 2242 181 2279 u
206 2218 366 2298 Goadjutor
376 2217 532 2299 nigritatis
540 2216 630 2280 debet
642 2218 746 2280 sedere
755 2224 824 2298 post
835 2217 1000 2298 Dignitates
1009 2237 1099 2302 supra

126 2330 143 2368 o
168 2325 276 2372 omnes
290 2307 459 2370 Canonicos
473 2305 627 2384 (Gardett.,
644 2306 685 2368 n¹¹
696 2310 772 2369 4799
782 2313 812 2368 et
825 2310 925 2384 tuat).

165 2419 182 2457 u
206 2397 367 2459 canonicis
382 2415 443 2458 non
458 2395 527 2458 iicet
538 2413 686 2478 occupare
700 2395 787 2459 sedes
797 2395 980 2476 Dignitatum
994 2396 1099 2459 absen-

126 2509 142 2546 ι)
166 2485 242 2548 tium
264 2487 310 2548 vet
333 2485 539 2568 praesentium.
565 2487 596 2547 S.
612 2487 645 2548 G.
660 2485 719 2546 itit.
740 2483 894 2562 (Gardelt.‚
910 2496 944 2545 ῃ·
957 2485 1060 2568 atto.)

165 2595 181 2634 s
207 2575 350 2637 Canonici
372 2593 493 2657 semper
515 2573 688 2656 precedunt
713 2572 918 2644 beneficiatis,
932 2571 1099 2638 dummodo

126 2685 144 2724 ι
166 2663 197 2727 hi
214 2682 275 2726 non
290 2663 350 2726 sint
362 2663 456 2746 parati
479 2665 571 2726 sacris
593 2662 777 2727 indumentis
795 2659 948 2740 (daedali,
966 2671 998 2723 ιι·
1010 2664 1095 2746 tro).

167 2771 184 2812 o
208 2751 379 2815 canonicus
393 2751 643 2815 hebdomadarius
656 2751 823 2833 sotacappt
836 2750 1097 2816 eanonicaiiindu·

126 2865 144 2902 u
166 2845 216 2905 tus
231 2841 462 2923 praecedentiam
472 2840 562 2902 habet
570 2841 601 2902 in
610 2845 645 2903 ea
658 2847 741 2922 parte
755 2839 838 2902 chori
848 2842 932 2922 aqut
942 2839 1098 2905 inchoatur

126 2951 143 2990 u
168 2930 321 3007 officium,
337 2929 427 2992 etiam
442 2947 533 3010 supra
546 2929 709 3010 Dignitates
720 2927 884 3006 (demeti,
900 2938 934 2991 n⁰
947 2932 1047 3009 aaut).

166 3041 183 3080 o
206 3019 348 3082 canonici
364 3018 536 3081 nuliatenus
553 3017 695 3080 inservire
711 3017 822 3081 debent
835 3017 867 3079 iu
886 3035 1013 3081 munere
1032 3019 1096 3084 dia·

127 3131 143 3169 ι)
166 3109 235 3174 coni
253 3115 284 3171 et
296 3107 471 3171 subdiaconi
487 3107 674 3189 portionariis
687 3115 718 3170 et
732 3107 797 3170 aliis
810 3106 959 3170 interioris
969 3108 1094 3189 ordinis,

126 3219 143 3259 r
167 3201 360 3280 quacumque
374 3215 435 3259 non
454 3197 591 3259 obstante
602 3195 819 3260 consuetudine
834 3195 991 3278 (Gardett.‚
1006 3197 1095 3262 n¹⁸27

127 3307 144 3346 ι
166 3293 197 3350 et
209 3290 291 3365 ute).
307 3289 344 3347 V.
359 3303 408 3367 ap.
425 3287 462 3348 D.
479 3286 646 3363 Bouix‚l)e
660 3287 826 3368 Capitulio,
843 3305 874 3367 p.
889 3289 967 3362 519,
982 3293 1040 3350 etc.

166 3379 236 3440 639..
259 3397 275 3436 o
301 3374 402 3452 Quoad
427 3373 579 3442 Paeonios.
607 3409 648 3423 -
664 3375 835 3440 tlanonicus
862 3393 1095 3457 supranumera·

126 3486 143 3526 »
166 3465 229 3528 rius
243 3465 331 3528 simut
346 3462 496 3547 parochus
509 3463 540 3526 in
554 3463 709 3528 funeribus
720 3511 729 3542 ,
742 3469 891 3546 praesente
903 3465 1053 3546 capituto,
1068 3463 1094 3529 ai

128 3573 143 3615 a
166 3553 309 3636 procedat
333 3571 406 3618 cum
425 3552 512 3628 stola,
533 3552 700 3636 digniorem
719 3553 820 3616 locum
832 3552 923 3614 habat
936 3551 1091 3632 (daudati.

127 3664 143 3703 n
167 3646 258 3718 tura,
273 3642 312 3704 ad
322 3644 382 3724 Ρ).
397 3663 414 3702 a
430 3643 467 3704 tt.
484 3641 600 3722 Bouix,
612 3642 657 3706 Dc
667 3641 782 3723 Copia,
792 3661 823 3724 p.
838 3645 906 3704 528.
