2506 3984
232 175 290 236 635
451 193 589 238 neuram
608 192 709 238 rorms
727 193 810 238 sums
831 193 986 241 oauomcr.

191 321 199 338 ι
230 305 298 368 quae
310 286 443 369 expediri
457 295 560 352 tamen
574 287 685 350 debent
702 287 1019 371 «adprobationem,
1036 310 1101 355 non
1113 301 1187 356 enlm
1221 266 1223 347 l

229 374 306 438 »ad
320 376 576 440 substantiamvel
590 377 805 458 perfectionem
824 381 932 454 actos,
948 381 1026 444 cirm
1051 383 1135 445 nullo
1143 385 1188 462 jun
1222 402 1223 459 3

229 485 244 522 u
268 471 390 527 cautum
403 466 441 528 sit
454 485 506 529 eas
516 465 625 549 requiri
636 465 889 544 dasubstamia»
904 467 1187 539 inouitCardlua
1222 474 1223 527 ἐ

228 552 310 634 apud
324 555 360 616 b.
377 555 493 631 Bouix,
508 555 561 626 ἐὺ..
579 574 611 636 p.
626 559 696 620 604.

679 749 747 832 §11-
1216 806 1221 877 q

229 891 371 969 Quomodo
383 909 442 954 aeae
453 889 579 953 tabant
591 888 633 952 ud
643 889 766 952 invicem
777 938 785 968 ,
797 839 1106 976 qumodpotertotem,
1121 897 1190 980 cap·
1222 932 1223 963 3

459 994 554 1056 tulum
567 1001 597 1056 et
614 991 748 1055 Vieort'ua
761 994 959 1078 capitularia.

268 1187 357 1248 teto.
374 1185 427 1248 Sat
439 1181 492 1246 diir
506 1190 574 1266 post
586 1183 792 1247 'tridentinam
806 1183 985 1266 synodum,
1010 1190 1194 1252 communior

227 1274 321 1356 viguit
333 1273 437 1357 opinio
449 1271 690 1352 jurisdictionem
710 1271 837 1355 Capituli
853 1290 915 1334 non
932 1277 1115 1339 neeessario
1128 1284 1192 1338 tran

226 1364 285 1426 aire
303 1370 396 1426 totam
418 1361 457 1426 ed
470 1362 629 1426 Vioarium‘
638 1359 856 1444 capitularem,
879 1361 932 1424 sed
956 1381 1053 1444 posse
1072 1364 1192 1428 limitari.

226 1454 288 1515 sive
309 1451 409 1534 quoad
437 1457 558 1532 tempus
582 1451 644 1514 sive
666 1449 766 1533 quoad
790 1449 939 1512 materias.
969 1453 1072 1516 Porro
1098 1472 1139 1516 ex
1158 1455 1193 1516 itt

225 1541 368 1690 oqqinioqe
388 1539 523 1641 lluebant
538 1538 834 1711 vquiaveonseutariql
844 1539 862 1599 a
875 1536 1023 1690 pltoribucsa
1037 1541 1194 1692 qauqlqnistis

225 1647 298 1690 orm
317 1647 335 1691 a
358 1646 465 1691 massa·
482 1646 552 1690 nem
642 1645 768 1691 reanum
794 1645 812 1689 a
855 1645 898 1688 nu
911 1643 965 1689 um
1051 1649 1059 1690 r
1142 1650 1193 1693 esse

225 1717 435 1792 revocabilem,
445 1677 602 1798 tenerique
615 1735 687 1780 eum
700 1716 848 1778 rationem
857 1733 921 1778 suae
928 1647 1194 1782 mmtdstruious

225 1805 364 1881 reddere,
380 1805 497 1886 quoties
511 1806 694 1888 Capitulores
713 1804 900 1886 exegissent3
917 1819 1007 1885 posse
1029 1807 1192 1888 Capitulum

224 1893 404 1955 constituere
413 1892 560 1957 Officiales
570 1894 681 1976 quibus
689 1891 975 1956 Vicoriineoessario
983 1893 1027 1955 uti
1037 1893 1191 1960 deberent.

225 1981 359 2062 indigere
372 1982 525 2044 Vioorium
546 1983 745 2065 Capitularem
766 1979 909 2043 mandato
930 1981 1078 2062 speciali,
1104 1985 1147 2047 ad
1169 2005 1194 2046 ea

224 2070 395 2152 peragenda
409 2089 465 2154 pro
477 2070 588 2152 quibus
602 2069 716 2152 indiget
729 2069 866 2132 Vioarius
880 2068 1051 2146 Generalis,
1059 2079 1137 2147 ete,
1146 2082 1191 2136 etr.

224 2159 282 2223 Sed
296 2162 367 2223 cium
385 2159 476 2222 hodie
490 2159 529 2222 sit
548 2164 676 2234 eertum,
691 2165 724 2221 ut
737 2160 827 2240 supra
840 2157 971 2220 vidimus
983 2159 1192 2236 (laea-{mli

224 2249 458 2330 jurisdictionem
472 2247 599 2330 Capituli
613 2247 739 2310 transire
751 2253 844 2308 totam
858 2245 897 2309 ad
909 2246 1070 2310 vicarium
1085 2251 1195 2333 Capitu-

224 2339 334 2414 larem,
351 2339 495 2420 nulloque
504 2336 595 2398 modo
605 2355 673 2399 eam
688 2353 775 2418 posse
788 2335 920 2414 limitari,
935 2337 1111 2418 neoquoad
1127 2349 1193 2402 tem-

224 2447 280 2511 pus
293 2445 350 2490 neo
366 2425 466 2510 quoad
480 2424 633 2502 materias,
649 2425 779 2508 plurima
792 2423 902 2486 exinde
914 2431 1111 2506 sequuntur:

263 2521 351 2580 1251.
367 2551 408 2564 -
422 2521 453 2580 1⁰
467 2515 647 2578 Potestatem
660 2513 770 2576 Viearii
786 2511 963 2595 capitularis
975 2513 1123 2578 eamdem
1137 2535 1194 2580 esse

223 2625 259 2669 ae
268 2605 349 2668 illam
363 2621 456 2688 quam
469 2603 599 2666 habebat
607 2602 792 2684 Capitulum,
803 2601 910 2684 primis
918 2609 987 2666 outo
999 2600 1127 2681 diebus,
1136 2625 1195 2688 poe

223 2713 315 2776 seque
326 2696 425 2777 ipsum
438 2692 541 2757 omnia
550 2709 618 2773 quae
635 2699 732 2774 potest
745 2690 935 2772 Episoopus,
949 2691 1089 2774 exeeptis
1102 2695 1195 2756 solim

222 2783 404 2864 quibusdam
418 2783 449 2846 in
459 2783 528 2864 Jure
541 2781 705 2864 expressis,
719 2781 888 2862 quaeetiam
899 2777 936 2842 ad
951 2779 1131 2861 Capitulum
1142 2801 1193 2845 noa

223 2870 375 2952 pertinent
384 2889 441 2934 neo
454 2870 680 2954 pertinuerunt:
695 2867 778 2932 unde
790 2869 869 2932 siout
881 2868 1052 2950 Capitulum
1070 2879 1189 2953 poterat

221 2976 261 3020 ex
273 2957 424 3022 ordinarit
436 2959 576 3043 Episcopi
590 2965 751 3040 potestate,
767 2957 932 3040 quemlibet
947 2959 1137 3022 canonicum
1152 2962 1191 3040 jn
1223 2959 1224 2968 ’

221 3045 323 3110 dicare
340 3049 538 3128 censorisque
551 3047 696 3130 plectere,
713 3047 794 3110 idem
817 3052 916 3129 potest.
927 3051 958 3108 et
979 3045 1123 3111 Vioarius
1145 3051 1189 3113 o·

222 3133 369 3218 pitulaiis.

262 3227 295 3284 2⁰
317 3223 468 3287 vicarium
483 3225 683 3308 capitularem
701 3243 768 3289 esse
780 3225 882 3309 potitis
904 3225 1120 3289 successorem
1144 3227 1190 3290 Ca·

224 3311 327 3395 pituli,
343 3315 435 3395 quim
450 3313 544 3396 ipsius
558 3315 725 3388 vicarium,
738 3321 769 3378 et
781 3313 880 3376 vocari
894 3313 1119 3396 capitularem,
1136 3333 1190 3379 non

223 3401 294 3482 quia
308 3401 409 3464 locum
422 3403 548 3484 Capituli
563 3409 662 3480 tenet,
677 3401 731 3466 sed
744 3399 848 3484 quial
867 3401 1003 3484 Capitulo
1020 3401 1155 3484 eligitur.

263 3492 295 3550 3⁰
317 3491 384 3552 Non
408 3506 497 3570 posse
518 3489 670 3552 Vioariom
690 3491 709 3552 t
729 3491 863 3573 Capitulo
879 3491 1032 3568 revocari,
1052 3495 1127 3554 oiim
1148 3494 1190 3556 isti

225 3575 307 3636 nulla
320 3583 475 3636 remaneat
487 3575 668 3652 auotoritas,
683 3577 790 3638 saltem
803 3579 836 3638 in
849 3577 1001 3641 exercitio.
