2570 4006
201 249 259 312 tto
426 267 562 316 unaucurt
582 267 682 316 rossus
701 270 784 316 runis
805 267 953 318 cauourcr.

242 371 283 430 lte
298 369 333 430 iis
346 368 388 432 sic
401 367 490 432 habet
505 370 617 433 Bened.
640 373 707 434 XIV
721 372 751 434 in
765 372 889 433 Constit.
916 370 1117 444 Grauissima,
1137 377 1175 436 l8

201 459 261 536 jan.
280 464 356 522 1757
374 480 381 521 :
397 483 412 518 <r
427 461 501 522 Ciam
512 479 567 542 pro
581 459 705 522 Vicariis
720 459 914 542 Apostolicis,
929 459 1015 523 titulo
1029 469 1060 523 et
1072 481 1174 524 carac-

203 571 217 606 »
241 555 304 611 tere
322 549 482 632 episcopali
504 549 671 631 insignitis,
696 550 797 612 nullus
819 567 977 632 processus
998 551 1176 614 conficiatur

202 659 217 697 n
240 658 327 720 sopior
345 647 425 700 statu
449 637 609 716 Ecclesiae,
630 645 762 700 attamen
783 639 806 701 si
829 643 859 700 in
878 639 958 702 Urbe
976 639 1023 700 vel
1043 641 1072 701 in
1092 641 1173 702 ltalia

203 747 215 786 c
239 737 480 804 commorentur,
496 728 658 792 sinautem
680 735 763 790 extra
775 729 887 792 Urbem
902 735 931 790 et
949 729 1064 790 ltaliam
1083 731 1173 792 exsti·
1271 777 1279 802 ,

201 839 215 876 u
239 817 339 892 ierint,
354 837 390 880 ac
402 817 463 880 duo
472 824 561 879 testes
575 817 889 899 intirbereperiantur
902 818 953 898 qui
967 819 1170 880 testimonium

200 928 214 963 n
239 907 316 968 lerre
339 907 471 988 possint,
498 913 572 968 tunc
593 905 645 968 liat
669 925 828 988 processus
849 925 936 987 super
949 905 1094 986 qualitate
1102 928 1168 988 per.

200 1017 213 1054 n
238 1013 332 1070 soum·
354 1013 513 1077 processus
536 997 607 1058 verb
631 996 664 1056 in
683 994 742 1057 hac
755 995 834 1056 alma
859 995 938 1058 Urbe
958 997 1058 1056 nostra
1077 995 1172 1058 conli-

199 1105 214 1140 r.
239 1084 486 1160 ciendr,omnind
494 1083 692 1146 conficiantur
705 1103 808 1146 coram
818 1087 925 1146 Nostro
934 1091 962 1146 et
972 1103 1026 1165 pro
1037 1091 1172 1166 tempore

199 1197 214 1231 n
239 1175 391 1236 existentis
413 1173 541 1236 Romani
565 1173 719 1236 Pontilicis
742 1173 901 1248 Auditore;
931 1173 1059 1254 quodsi
1082 1175 1172 1236 etiam

199 1285 215 1321 u
238 1269 327 1326 testes
350 1263 511 1340 deficiant,
535 1263 686 1326 sufficiens
710 1261 854 1324 habeatur
869 1261 1018 1340 judicium
1037 1263 1171 1342 ejusdem

8 1345 24 1354 ,
106 1345 112 1352 .,
199 1374 215 1412 n
239 1353 503 1434 congregationis,
532 1371 601 1436 quae
622 1352 707 1414 illum
728 1354 744 1412 a
769 1353 800 1414 S.
829 1351 974 1414 Pantilicc
997 1351 1171 1435 eligendum

199 1463 214 1502 n
238 1443 475 1594 bbddlddetadtem
496 1531 650 1594 facultates
673 1547 734 1591 non
757 1528 888 1590 multum
910 1527 1055 1592 differunt
1075 1530 1115 1592 ab
1137 1531 1173 1593 iis

198 1639 267 1700 quae
288 1621 318 1683 in
339 1621 494 1702 Episcopis
512 1621 670 1684 ordinariis
683 1625 898 1700 agnoscuntur.
915 1617 990 1682 Vide
1000 1619 1113 1696 Bouix,
1128 1621 1172 1683 De

201 1708 293 1771 Curtii
309 1711 452 1782 Ilomund,
472 1731 502 1790 p.
519 1713 596 1784 659,
613 1715 670 1772 etc.

240 1797 285 1858 nd
300 1816 448 1878 quosnam
462 1797 633 1859 devolvatur
642 1815 748 1858 eorum
755 1795 922 1874 jurisdictio
932 1797 963 1858 in
973 1815 1044 1860 casu
1054 1800 1171 1876 morlia,

198 1885 346 1948 v.diclum
360 1885 541 1963 intratura,
550 1888 677 1963 notat),
689 1891 717 1946 et
727 1903 775 1966 ap.
787 1883 985 1962 ttoutxpttd,
994 1889 1100 1967 paco,
1111 1896 1171 1950 etc.
1278 1909 1279 1916 ¹

239 1977 315 2037 Sunt
326 1975 427 2050 etiam,
439 1973 570 2036 utmodd
580 1973 722 2050 diximus,
733 1974 842 2036 Vicarii
854 1975 1015 2055 Apostottci
1021 1985 1172 2040 caractere

198 2063 358 2146 episcopali
374 2082 435 2124 non
457 2063 606 2144 insigniti,
623 2063 737 2144 quique
756 2063 772 2122 ir
798 2063 829 2124 S.
846 2061 922 2124 Sede
936 2061 1120 2144 deputantur
1133 2067 1172 2131 ad

198 2152 425 2234 gubernandam
440 2153 593 2215 dioecesim
608 2154 639 2214 in
654 2151 834 2232 quibusdam
848 2152 1096 2230 circumstantiis,
1109 2157 1172 2218 sive

198 2243 303 2324 plena,
315 2243 375 2304 sive
394 2246 489 2304 vacua
503 2241 583 2303 sede.
601 2243 643 2302 lie
658 2241 693 2302 iis
706 2240 772 2302 vide
786 2239 862 2302 inira
878 2241 1124 2326 dicenda(1150),
1141 2253 1172 2308 et

197 2349 245 2414 ap.
264 2332 374 2406 Bouix,
390 2331 435 2392 De
449 2331 542 2394 Cur-ici
557 2328 707 2404 Romund,
724 2349 754 2412 p.
772 2333 915 2393 666-675.

236 2425 306 2484 816.
330 2419 377 2482 Ad
403 2439 499 2502 genus
535 2417 717 2482 Vicuriorum
758 2419 991 2500 Apostolicorum
1017 2423 1172 2503 pertinent

196 2511 338 2592 Profecti
360 2508 523 2592 Apostoliei
543 2507 595 2590 qui
618 2507 650 2569 in
672 2507 798 2569 coloniis
818 2508 982 2592 Episcopus
1002 2511 1169 2593 supplent:

195 2600 339 2664 differunt
351 2605 454 2662 tamma
471 2597 627 2660 tVicariis
643 2596 821 2679 apostolicis
834 2598 864 2657 in
880 2615 916 2660 eo
930 2599 1010 2680 qubd
1025 2600 1172 2682 Profecti

196 2689 256 2752 sint
276 2689 427 2772 simplices
440 2686 627 2763 sacerdotes;
643 2686 717 2749 dum
731 2685 882 2748 ordinarie
895 2687 1005 2750 Vicarii
1017 2697 1171 2756 caractere

195 2779 357 2862 episcopali
369 2779 430 2840 sint
438 2776 570 2861 insigniti
581 2777 746 2858 (Laqueus,
763 2787 797 2836 n⁰
807 2779 881 2853 2373
895 2777 1063 2857 Bouix,De
1074 2781 1171 2846 Cur-itt

199 2869 326 2932 Romami
334 2915 343 2944 ,
360 2888 391 2949 p.
407 2870 488 2946 659).

235 2963 305 3020 att.
329 2955 451 3028 Quaerit.
467 2959 499 3016 2⁰
512 2951 589 3027 Ouid
603 2953 664 3016 sint
676 2953 879 3016 commissarii
895 2955 1081 3036 Apostottctt

235 3051 325 3130 ltesp.
341 3047 475 3107 Eosesse
485 3061 561 3125 quos
571 3045 601 3105 S.
618 3041 755 3106 Pontilex
764 3041 882 3123 delegat
891 3041 929 3106 ad
942 3043 1168 3114 informandum
1274 3085 1275 3093 .

197 3146 226 3202 et
242 3132 441 3218 judicandum
461 3150 552 3214 super
572 3131 673 3213 aliquo
696 3131 832 3213 negotio,
857 3141 947 3214 prout
968 3137 1114 3220 contingit
1136 3143 1168 3204 in

195 3221 468 3308 dispensationibus
482 3219 763 3295 matrimonialibus,
778 3239 909 3302 quarum
927 3226 1061 3288 executio
1082 3247 1168 3292 com-

196 3315 271 3377 mitti
285 3311 360 3374 solet
373 3308 497 3372 Officiali
511 3308 728 3390 Episcoporum
740 3327 748 3368 ε
759 3317 902 3372 vocantur
914 3311 1004 3374 etiam
1018 3313 1168 3398 Delepoti.

196 3407 239 3466 De
255 3402 291 3464 iis
304 3397 508 3462 consulendus
520 3403 566 3459 est
575 3398 691 3459 Titulus
700 3399 901 3462 Decretnlium
912 3399 1044 3483 deoffirio
1053 3405 1170 3470 ludicia

197 3491 268 3558 Dete
287 3489 343 3551 oti.

241 3511 436 3660 «ybelegatus
445 3573 530 3638 Sedis
544 3575 734 3656 apostolice,
746 3575 790 3637 vel
801 3579 981 3660 Legatorum
991 3582 1067 3660 ejus,
1078 3583 1170 3648 debet

120 3719 131 3732 ,,
199 3693 211 3727 s
237 3686 301 3730 osse
329 3665 507 3728 constitutus
529 3663 561 3725 in
588 3663 687 3742 aliqud
709 3663 857 3743 Dignitate
879 3669 1093 3748 ecclesiastica,
1119 3675 1168 3736 vel
