2588 3994
516 286 737 334 monacorum.
1064 277 1118 339 tta

147 377 354 550 apndlltljollos
382 380 509 463 recepti,
535 387 656 445 auctore
670 381 796 486 ¹Doajot
833 383 963 464 (Andre,
985 393 1015 449 v·
1045 385 1121 451 Coo·

147 487 196 532 ror
253 514 285 533 ..
371 525 375 530 .
998 485 1002 490 '

591 581 677 664 ann

148 713 192 777 De
204 713 280 776 lure
300 713 491 778 ecclesiastico
504 714 538 777 io
553 713 683 779 Galliam
697 715 882 793 introducto,
898 715 1010 780 coculis
1026 719 1060 780 X
1064 718 1107 782 Vl
1111 765 1120 798 ,

186 802 396 957 mlssegoll
402 803 494 882 VIII,
518 813 587 867 onte
607 803 851 869 Comtitutiooem
873 805 988 868 civilem
1015 806 1119 882 Cleri,

623 1025 644 1082 1.

374 1153 410 1197 nu
427 1153 495 1197 suan
519 1153 690 1198 nmnooocro
710 1155 822 1199 secuto
840 1153 897 1200 xu.

187 1279 258 1341 216.
281 1278 444 1340 Imminuta
463 1279 526 1358 jam
541 1277 740 1341 ecelesiastica
759 1277 943 1358 jurisdictio,
962 1280 999 1343 ad
1013 1281 1122 1347 limites

147 1366 239 1429 etiam
252 1367 441 1447 angustiores
455 1366 510 1430 tuit
522 1367 641 1430 redacta
650 1374 680 1428 et
693 1368 771 1449 pepe
785 1366 959 1429 annihilata.
977 1371 1122 1433 Paulatim

147 1455 231 1518 onim
246 1455 427 1536 ajudicibus
446 1457 586 1519 Ecclesiae
608 1456 758 1518 sublatum
774 1454 829 1517 suit
840 1454 988 1534 iudicium
1004 1457 1121 1520 haereti·

147 1563 272 1620 coruom
295 1545 357 1606 imo
379 1563 432 1626 per
454 1545 593 1608 Edictum
613 1549 690 1607 1539
711 1545 1026 1624 (Villiersssottecets),
1050 1547 1123 1628 ipsis

148 1633 324 1716 prohibetur
337 1634 394 1696 sub
407 1635 546 1716 gravibus
559 1635 657 1716 poenis
671 1634 702 1695 in
718 1633 768 1712 jus
789 1651 892 1695 coram
911 1652 966 1695 suo
980 1634 1121 1698 tribunali

148 1740 255 1784 vocare
271 1723 361 1785 laicos
381 1723 412 1784 in
433 1724 531 1786 causis
551 1722 760 1806 personalibus
780 1722 886 1784 :unde
900 1723 999 1785 evenit
1018 1723 1118 1806 quod,

148 1811 286 1892 qttamuis
298 1811 485 1874 i’arlamenta
494 1813 628 1894 primunt
642 1811 748 1873 acriter
756 1811 787 1872 in
798 1811 952 1874 haereticus
961 1813 1120 1892 saevierint,

147 1899 271 1962 tanatem
301 1906 369 1982 post
399 1901 494 1964 varies
522 1901 731 1963 fluctuationes
753 1901 863 1982 rigoris
886 1907 916 1962 et
938 1899 1119 1979 tolerantie,

148 1987 404 2070 luatesumpublici
426 1990 548 2052 licuerit
564 1988 708 2071 profiteri.
729 1988 812 2051 Idem
826 1988 965 2052 Edictum
980 1991 1122 2072 supponit

148 2077 368 2158 lcgr'tintitatem
381 2078 590 2160 appellationis
611 2085 747 2158 tanquam
766 2077 800 2138 de
819 2076 925 2148 abun,
942 2077 975 2139 in
997 2080 1122 2141 materit

147 2166 314 2249 disciplinae
322 2173 353 2228 et
365 2167 597 2228 correctioniset
610 2165 676 2228 aliis
687 2165 786 2227 causis
801 2167 885 2227 mere
900 2166 1119 2247 personalibus.

186 2257 343 2336 oppositio
363 2256 620 2318 paramentorum
643 2254 697 2317 luit
720 2254 811 2315 etiam
842 2271 933 2316 causa
959 2273 1033 2329 our,
1060 2275 1120 2318 non

146 2345 335 2408 obstantibus
351 2345 567 2428 Episcoporum
581 2343 693 2405 iteratis
705 2341 987 2418 reclamationibus,
1003 2351 1122 2426 recepta

149 2453 210 2496 non
226 2434 338 2496 luerint
351 2436 368 2496 a
383 2433 537 2496 Gubernio
550 2433 670 2496 decreta
684 2430 809 2494 Concilii
822 2428 989 2492 Tridentini
1004 2429 1073 2512 (93).

186 2527 257 2586 att.
281 2525 319 2588 Ut
332 2523 407 2586 votis
423 2524 643 2606 Episcoporum
660 2521 731 2584 satis
744 2519 846 2602 aliquo
864 2517 956 2581 ruodo
974 2517 1078 2599 fieret,
1093 2529 1123 2586 et

148 2613 355 2695 suppleretur,
371 2619 519 2694 quantum
540 2611 605 2674 lteri
624 2616 758 2692 poterat,
777 2607 972 2691 publicationi
997 2609 1121 2675 concilii

148 2701 333 2779 Tntlrntini,
350 2702 431 2764 varia
444 2700 540 2763 edicta
561 2699 711 2782 public-ata
724 2697 827 2775 luere,
843 2697 921 2760 inter
935 2715 1003 2780 quae
1015 2702 1120 2781 praeei-

148 2792 207 2873 pub
228 2791 384 2867 blesense,
399 2807 481 2852 anuo
503 2793 592 2863 1519,
608 2786 839 2852 memorandum
863 2791 917 2848 est.
939 2787 975 2848 ln
989 2786 1047 2852 hoo
1062 2792 1120 2852 De-

147 2886 229 2942 creto
248 2880 358 2942 inserta
375 2877 477 2956 fuere,
493 2897 556 2940 non
573 2878 728 2958 designato
747 2875 871 2957 quidem
891 2875 1044 2954 Concilio,
1068 2879 1121 2941 sed

147 2969 232 3050 quasi
248 2967 286 3032 tle
300 2969 391 3030 uerbo
407 2966 600 3044 adverbum,
618 2965 795 3028 notabiliora
816 2962 940 3026 concilii
953 2964 1120 3030 Tridentini

148 3057 277 3130 urereta,
293 3055 432 3120 videlicet
448 3057 528 3119 circa
539 3055 757 3138 professionem
777 3053 869 3130 fidei,
888 3053 968 3114 circa
986 3055 1120 3118 residen-

148 3147 232 3224 tiam,
253 3148 333 3210 circa
355 3145 544 3228 gratuitatem
569 3143 758 3208 functionum
779 3139 1017 3226 pontificalium,
1041 3146 1121 3209 cirea

147 3235 319 3308 simoniam,
330 3235 580 3317 circeregulares,
594 3235 674 3296 cirea
683 3231 882 3314 pluralitatem
890 3229 1118 3310 beneficiorum,

147 3331 284 3428 cto.,eto.
300 3327 364 3388 Hoc
376 3342 449 3405 ergo
459 3324 598 3387 Edictum
610 3320 883 3386 estconsulendum
910 3319 956 3397 (V.
967 3321 1118 3406 Lequeux,

148 3414 521 3584 'boinssbfbbbppoon
539 3499 671 3563 edictum
688 3499 916 3565 Melodunense
935 3519 1017 3564 anno
1041 3501 1121 3561 1580

148 3592 354 3674 publicanum,
376 3587 410 3653 in
432 3607 494 3672 quo
513 3587 715 3671 praescribitur
736 3588 897 3652 celebratio
922 3587 1118 3651 conciliorum

150 3675 378 3758 prouincialium
391 3671 517 3758 tinnulis
528 3671 677 3740 trienniis.
960 3767 995 3834 υ
