2506 3984
414 271 499 318 creua
520 271 636 320 ramos.
951 259 1007 324 oct

41 375 197 448 incoeptas,
210 367 334 450 quando
343 368 709 451 Episcopusdenuntiatur
720 373 1005 454 excommunicatus,

38 471 223 537 suspensus,
245 457 290 520 vel
323 457 510 528 interdictus,
533 458 578 520 rel
604 457 765 541 quandod
792 461 852 524 vita
877 462 1004 528 decedit.

77 544 138 606 Res
158 551 259 608 autem
281 546 366 610 aliter
385 565 417 610 se
440 545 529 609 habet
551 548 650 629 quoad
670 548 846 630 llelcgatum
860 551 878 612 a
891 552 1005 618 vicario

37 633 176 696 Generali
191 640 243 697 aut
256 634 294 697 ab
307 636 456 718 Episcopo
472 655 479 697 :
496 637 521 698 is
537 635 619 712 enirn
632 686 640 714 ,
655 639 917 702 excommunicato
930 641 1004 705 dele·

36 727 143 806 gente,
176 731 272 787 servat
305 743 392 786 suam
417 724 655 804 iurisdictionem
687 726 788 808 quoad
813 745 918 790 causas
944 730 1004 809 jam

36 811 200 894 incoeptas,
227 832 288 876 non
315 814 386 876 verd
410 813 510 896 quoad
535 814 634 878 adhuc
652 813 793 896 integras.
809 815 884 878 Vide
911 817 1005 882 Bouix

36 899 106 980 (ila,
132 921 163 983 p.
183 903 253 982 taut
276 904 327 984 qui
349 903 473 966 remittit
493 903 532 966 ad
552 905 680 966 Lauren.
698 905 752 981 (De
775 901 872 966 Vicar.
887 907 1001 989 Episc,

33 1006 62 1050 c.
82 992 112 1066 3,
128 1009 159 1072 q.
174 993 256 1070 202).

78 1083 128 1140 15ο
152 1081 252 1142 Potest
273 1081 409 1142 Vicarins
431 1079 583 1142 Generalis
600 1099 708 1162 cogere
729 1081 874 1163 parochos
896 1089 930 1146 ut
949 1085 1003 1148 sibi
1055 1122 1058 1130 ,

32 1167 201 1249 adjungant
215 1177 424 1250 cooperatores
434 1169 545 1250 quibus
557 1169 703 1252 indigent,
714 1171 865 1252 quiaillud
880 1181 1004 1254 possunt

32 1257 175 1338 Episcopi
194 1259 262 1337 jure
280 1257 433 1320 ordinario
447 1259 552 1336 (Cone.
569 1258 715 1336 Trident,
731 1277 803 1320 sess.
820 1264 869 1338 ut,
885 1279 950 1342 cap.
971 1267 1002 1341 1,

31 1345 64 1405 de
83 1347 165 1426 rest),
182 1365 239 1409 nec
252 1349 269 1409 a
279 1349 347 1426 jure
361 1355 537 1410 reservatur.

74 1433 151 1496 Illud
178 1435 269 1497 etiam
296 1443 394 1518 potest
419 1436 519 1516 quoad
544 1435 691 1518 parochos
717 1435 893 1517 imperitos,
919 1440 1002 1517 iuxta

31 1522 130 1584 Bouix
154 1524 219 1602 (id,
244 1545 275 1606 p.
294 1525 379 1604 489),
403 1525 454 1605 qui
471 1532 571 1588 tamen
594 1524 702 1586 latetur
715 1524 893 1587 sententiam
906 1545 1001 1609 oppo-

31 1611 120 1673 sitam
134 1631 199 1675 esse
209 1614 462 1690 communiorem,
477 1615 514 1676 cd
523 1613 603 1694 qudd
614 1613 784 1693 hujusmodi
793 1615 952 1695 assignatio
964 1616 1002 1679 sit

30 1700 72 1760 de
93 1701 211 1778 arduis,
236 1721 304 1784 quae
323 1721 385 1765 non
406 1709 567 1765 censentur
588 1701 769 1783 ingenerati
789 1705 1001 1767 commissione

33 1789 159 1852 inclusa.
176 1792 277 1853 Potest
289 1792 379 1854 etiam
389 1791 570 1854 constituere
584 1807 777 1853 oeconomum
788 1807 841 1852 seu
856 1791 999 1856 vicariurn

34 1895 89 1956 pro
111 1883 246 1960 tempore
267 1881 429 1944 vacationis
448 1879 585 1943 beneficii
603 1879 717 1953 (Bouix,
736 1878 821 1954 ibid,
844 1879 895 1942 ubi
908 1883 995 1945 etiarn

35 1967 120 2045 plora
133 1969 190 2030 alia
204 1968 261 2052 legi
276 1973 431 2052 possuntt
446 1990 477 2052 p.
493 1974 550 2033 113
566 1989 660 2050 usque
674 1969 711 2030 ad
725 1989 755 2050 p.
772 1971 851 2045 110).

413 2141 568 2198 PUNCTUll
586 2143 626 2199 lv.

103 2283 368 2329 orerecurrunt
391 2284 429 2328 111
449 2282 606 2329 1111111111
627 2281 737 2328 nicaen
758 2279 930 2328 auruncus.

74 2427 250 2499 {titiones
274 2427 404 2490 diximus
425 2425 563 2507 superius
584 2426 685 2505 (629),
700 2423 836 2488 sufficere
858 2423 997 2487 videntur

29 2515 111 2576 circa
133 2515 364 2596 praecedentiam
389 2515 493 2578 Vicarii
525 2513 697 2589 Generalis3
724 2513 785 2576 duo
810 2514 926 2574 tanturn
947 2513 995 2576 hle

28 2601 240 2666 delibabimus.

72 2695 158 2754 1119.
179 2693 301 2765 Quaent.
318 2696 349 2756 l·
373 2695 420 2754 An
434 2691 600 2754 Vicariatus
623 2689 775 2752 Generalis
789 2689 827 2750 sit
840 2688 994 2771 Dignitasl

69 2781 158 2861 Resp.
181 2783 364 2862 Dignitatem
379 2779 503 2860 intelligi
517 2796 604 2860 posse
621 2778 667 2840 vcl
689 2779 719 2839 in
735 2777 880 2841 strictiore
893 2779 938 2840 vel
962 2781 993 2842 in

29 2868 132 2929 minirs
145 2867 245 2932 stricto
259 2889 349 2933 sensu
369 2890 376 2931 :
392 2869 484 2951 priori
506 2867 611 2942 modo,
633 2867 768 2948 Dignitas
785 2873 830 2928 est
846 2866 992 2931 titulusita

26 2965 199 3039 perpetuum
212 2957 348 3034 collatus,
363 2958 412 3020 cui
426 2975 551 3020 annexae
565 2963 635 3018 sunt
648 2955 847 3036 praecedentia
860 2963 888 3018 et
899 2957 991 3036 juris-

26 3044 129 3123 dictio;
154 3047 288 3110 secundo
302 3045 402 3116 modo,
422 3041 628 3122 estolidum,
643 3045 733 3105 etiam
749 3043 788 3105 ad
799 3051 902 3106 catum
916 3067 992 3108 rece

27 3133 130 3208 cadite,
145 3137 194 3198 cui
216 3153 332 3197 annexa
345 3145 390 3196 est
402 3133 600 3216 praecedcntia
613 3149 683 3194 cum
695 3131 910 3212 iurisdictione.

69 3223 249 3287 Vicariatum
272 3223 448 3286 Generalem
475 3240 536 3284 non
558 3239 623 3283 esse
643 3220 824 3302 Dignitatem
845 3221 876 3282 in
900 3223 990 3303 priori

28 3328 129 3385 scinu,
145 3313 197 3375 sed
211 3314 328 3376 tantirm
343 3313 372 3374 in
387 3311 558 3393 posteriori,
573 3308 764 3372 manifestum
781 3316 834 3370 cst.
853 3313 990 3373 Attamen

28 3405 143 3462 certum
155 3407 201 3464 est
211 3401 330 3464 Vicario
340 3399 475 3462 Generali
491 3417 577 3480 posse
590 3397 720 3479 delegari
733 3413 837 3459 causas
851 3399 882 3460 S.
893 3399 986 3473 Sedis,

28 3493 165 3576 quanrvis
183 3491 251 3570 jure
264 3497 386 3552 cnutum
410 3489 447 3550 sit
465 3495 498 3550 ut
512 3485 631 3549 nonnisi
646 3485 781 3568 personis
800 3485 989 3566 indignitate

29 3579 194 3644 constitutis
214 3579 418 3646 committatur
436 3579 607 3662 hujusmodi
619 3575 776 3655 delegatio.
792 3573 867 3636 Vide
882 3575 984 3649 Bouix.

32 3666 198 3740 Heluetia,
211 3673 233 3726 t.
250 3671 279 3742 1,
294 3689 325 3752 p.
341 3675 410 3735 tto.
