2496 3992
308 195 329 229 Ὦ
379 171 385 180 ν
437 187 664 296 fflnrmr.
979 229 1043 300 oto

112 361 136 413 d.
155 361 246 413 Omnes
263 358 375 410 leiserios
385 357 728 424 litterarumspostolicarum,
743 357 816 409 etiarn
830 357 856 408 in
869 356 948 410 {orma
959 353 1054 417 nuru,

81 445 111 483 so
121 429 330 496 supplicationum
341 431 445 492 gratiam
459 430 496 481 sel
506 429 626 494 justitiam
636 427 849 488 concernentium,
862 441 905 492 per
915 426 1055 479 iiomsnnrn

81 502 237 559 Pontificem,
253 501 291 551 rel
303 501 327 552 S.
345 501 371 552 ii.
391 500 419 552 li.
438 501 672 553 lice-Concellarios
687 515 731 550 ssu
744 499 863 552 derectos
874 501 940 549 sices
958 513 1054 556 rorans,

82 580 125 626 sut
143 574 174 624 de
195 572 311 626 mundato
330 572 440 640 ejusdem
463 571 567 624 Romani
592 571 718 623 Pontificio
743 571 915 633 signatarum
937 585 982 620 uec
1005 581 1055 618 non

83 646 144 696 laiso
157 644 309 710 publicantes
325 645 428 695 Litteras
439 646 600 709 spostolicae,
619 643 692 694 etians
705 643 729 692 in
744 643 819 692 lorsam
834 641 963 696 urraisei
980 641 1054 692 etians

83 717 146 768 laiso
157 718 284 780 sigirantrs
295 717 488 782 supplicationes
499 713 715 768 llice-Cancellsrii
730 720 773 765 aut
790 711 901 766 Gerontis
915 711 980 762 sices
993 725 1055 777 pres⁴

85 787 216 838 dictorum.

115 857 154 910 tu.
171 857 332 908 Absolsentes
351 859 496 924 complicem
511 859 535 908 in
556 864 656 924 peccato
668 857 742 922 turpi,
763 855 836 908 etiam
850 855 875 906 in
896 853 982 904 mortis
996 852 1057 903 arti-

85 927 151 988 culo,
169 928 189 976 si
206 927 268 978 alius
289 929 414 986 sacerdos,
433 929 492 980 licet
507 943 557 978 non
578 927 731 994 approbatus
751 926 781 976 ad
802 923 982 981 cortiessiones,
1004 921 1057 972 siue

85 999 247 1064 praelatique
264 999 387 1050 exoritura
401 999 501 1050 iniamia
515 1005 539 1052 et
554 999 681 1059 scandalo,
697 996 776 1064 possit
796 997 910 1062 excipere
930 993 1057 1046 morientis

85 1071 278 1122 confessionem.

116 1141 156 1191 tt.
174 1140 325 1205 Uanrpantes
336 1146 378 1191 ant
390 1147 573 1208 sequestrantes
583 1141 792 1208 jurisdictionem,
808 1139 881 1200 bons,
901 1137 1014 1188 redditus
1027 1138 1057 1188 sd

87 1226 205 1278 personas
216 1212 406 1274 ecclesiastices,
420 1214 515 1265 ratione
528 1227 628 1264 suarum
642 1214 803 1264 ecclesiarum
817 1218 860 1261 aut
880 1208 1057 1260 beneficiorum

88 1283 241 1348 pertinentis.

120 1353 157 1404 li.
178 1355 332 1414 invadentes,
348 1357 514 1418 destruentes,
528 1357 673 1415 detinentes,
689 1372 731 1421 per
742 1371 769 1405 se
780 1356 818 1405 rel
833 1367 875 1420 per
887 1353 957 1414 alios,
971 1351 1059 1404 cirita*

89 1433 134 1485 tce,
155 1428 315 1486 terrasicca
339 1435 382 1479 ant
398 1429 452 1494 juro
471 1429 500 1478 ad
523 1428 658 1480 Ecclesiam
681 1427 815 1477 Romanam
839 1425 999 1490 pertinentiot
1020 1425 1058 1475 sel

88 1505 246 1558 usurpantes,
258 1499 438 1562 perturbantes,
456 1500 589 1552 retinentes
601 1493 744 1564 supremam
753 1495 952 1562 jurisdictionem
969 1495 994 1545 in
1007 1494 1058 1563 ris;

89 1583 186 1620 necnon
197 1569 227 1620 sd
239 1570 337 1635 singula
354 1572 468 1636 predicte
487 1571 614 1631 auxilium,
628 1569 771 1630 consilinm,
785 1569 892 1618 lusorem
913 1567 1056 1632 praeliantes.

119 1639 240 1706 iqnibus
257 1641 373 1692 omrsilsus
394 1641 690 1693 excommunicationibus
703 1640 832 1707 hucusque
843 1639 970 1689 recensitis
983 1638 1059 1687 abso-

90 1710 208 1762 lutionem
230 1711 342 1764 Romano
358 1714 471 1765 l‘ontriiei
491 1730 535 1782 pro
557 1721 666 1776 tempore
689 1712 790 1776 speciali
815 1714 889 1760 inodo
911 1716 1059 1760 reservatam

91 1795 145 1832 esse
159 1788 183 1831 et
203 1784 320 1834 reseruari
336 1799 343 1834 s
362 1791 387 1835 et
407 1800 451 1849 pro
473 1801 499 1836 ea
519 1785 659 1850 generalem
677 1781 864 1832 concessionem
886 1779 1060 1831 absolvendis

92 1852 190 1903 ossibus
201 1861 225 1903 et
236 1856 356 1917 censuris,
366 1855 419 1906 sire
431 1853 728 1908 excommunicationibus
739 1851 850 1904 liomsno
861 1851 973 1902 Pontilici
985 1866 1061 1901 reser-

94 1923 154 1973 astis
171 1925 239 1974 nulio
258 1934 329 1992 pacto
349 1926 464 1978 sufficere
484 1927 646 1985 declaramus,
667 1925 788 1975 revocatis
803 1924 904 1987 insuper
919 1923 1060 1973 earumdem

92 2003 203 2058 respectu
221 1999 422 2064 quibuscumque
436 1998 538 2047 indultis
557 1997 741 2048 concessisset
755 1997 840 2062 queris
863 1995 939 2044 iorma
961 2003 984 2045 et
1002 1993 1059 2060 qui·

92 2065 168 2116 bustu
189 2071 298 2130 personis
317 2069 389 2118 ctiam
414 2067 568 2132 regularibus
587 2081 767 2132 cujuscumque
786 2065 893 2126 Ordinis,
916 2066 1060 2130 Congrege-

92 2137 175 2198 tionis,
194 2137 324 2188 Societatie
346 2145 371 2188 et
387 2139 502 2198 instituti,
528 2139 601 2188 etiam
622 2138 722 2201 speciali
746 2137 871 2186 mentione
894 2137 974 2199 dipsis
996 2143 1021 2186 et
1036 2137 1060 2186 in

92 2211 178 2272 quavis
188 2209 308 2274 dignitate
321 2211 470 2260 constitutis.
484 2209 616 2258 Absolvere
629 2215 710 2257 autens
725 2214 900 2270 presumentes
913 2207 966 2256 sine
980 2206 1060 2256 debita

93 2279 216 2338 laenitate,
231 2281 303 2330 etiam
317 2282 404 2347 quovis
418 2288 545 2346 pretextu,
567 2278 830 2330 excommonicationis
845 2279 942 2328 sinemo
952 2277 1060 2329 Romano

94 2349 206 2401 Pontilici
218 2359 347 2402 reservatas
361 2353 493 2402 innodatos
503 2365 530 2402 se
543 2351 631 2409 scient,
643 2349 780 2400 dummodo
794 2364 843 2400 non
856 2349 982 2414 apaturde
994 2363 1061 2398 mor·

92 2419 123 2470 tis
135 2423 248 2483 articulo,
261 2421 286 2472 in
301 2439 351 2490 quo
368 2430 449 2474 tamen
466 2421 535 2472 lirma
554 2419 585 2471 sit
606 2421 689 2480 quoad
707 2421 836 2473 absolutos
849 2420 966 2484 obligatio
980 2418 1060 2468 standi

104 2493 224 2540 mansistis
236 2490 361 2546 Ecclesiae.
376 2490 396 2540 si
408 2490 589 2541 convaluerint.
604 2489 683 2554 [Adde
699 2503 752 2540 exc.
762 2490 835 2540 latorn
848 2505 864 2541 s
876 2492 957 2542 Consi.
970 2493 1057 2545 Romo·

102 2561 288 2620 suaPontiteu.
305 2561 393 2626 inira]

258 2685 540 2736 Eccomnrunicotloner
561 2685 620 2734 lotoe
640 2687 769 2736 sententiae
787 2687 902 2738 liemono

438 2757 557 2820 Pontifici
583 2761 724 2806 reservate.

137 2881 394 2931 excommunicationi
402 2881 458 2930 intre
466 2881 597 2931 sententie
607 2883 717 2932 Romano
730 2882 841 2932 Pontiilci
853 2889 983 2936 reservate
993 2888 1054 2936 suls·

100 2954 183 3016 iacere
199 2953 357 3002 declaramus
374 2967 380 3002 :

130 3023 152 3072 l.
168 3025 287 3074 florentes
301 3025 337 3074 rel
350 3025 519 3080 defendentes.
533 3025 587 3075 sire
597 3025 695 3087 publice
705 3025 757 3076 sive
766 3026 889 3088 privatim,
902 3030 1054 3092 propositio-

99 3109 144 3144 nes
154 3097 185 3145 ab
200 3097 339 3158 Apostolica
354 3097 415 3146 Sede
425 3099 551 3145 damnatae
567 3098 613 3146 sub
624 3097 890 3149 excommunicationis
905 3116 978 3162 poerrs
999 3105 1055 3152 lette

99 3167 247 3224 sentcntiae3
263 3167 321 3215 item
333 3169 450 3217 docentes
466 3170 505 3217 rel
519 3169 685 3218 defendentes
703 3175 824 3232 tanquam
840 3170 934 3220 licitam
960 3174 1055 3233 praxim

99 3237 240 3300 inquirenti
252 3253 266 3288 a
280 3239 415 3300 penitense
427 3253 518 3289 nomen
530 3242 670 3302 complicis,
680 3245 761 3305 prouti
771 3241 890 3292 damnata
900 3250 936 3293 est
952 3245 966 3292 d
979 3247 1055 3294 liene·

100 3309 163 3358 dicto
175 3311 234 3370 llll,
252 3311 278 3358 in
293 3311 378 3360 donst.
397 3309 554 3373 Supersunt
578 3313 634 3372 julii
651 3312 731 3374 ttt5;
752 3313 799 3364 ilbi
813 3315 968 3378 primumi
993 3315 1055 3378 junii

101 3379 176 3440 titil3
190 3382 227 3431 rid
240 3381 303 3430 erud
315 3382 433 3440 condens,
447 3381 477 3430 28
495 3385 645 3445 septembris
659 3384 729 3433 tito.

128 3452 288 3503 attolentes
303 3467 399 3511 monus,
427 3455 546 3504 suadente
570 3457 678 3516 diabolo,
691 3457 832 3520 injicientes
847 3457 873 3506 in
897 3458 1001 3508 clericos
1015 3462 1054 3511 sel

99 3524 224 3586 utriusque
240 3539 313 3574 sexus
327 3526 459 3575 monachos
472 3539 479 3574 .·
492 3527 611 3588 exceptis,
628 3531 707 3590 quoad
725 3530 929 3584 reservationem,
946 3531 1054 3581 casibus·

98 3597 247 3716 ef·pmgni³
261 3597 291 3719 dt
304 3599 393 3659 quilius
403 3597 460 3659 jure
473 3598 512 3647 sel
526 3594 655 3663 privilegio
666 3603 815 3663 permittitur
828 3605 855 3651 nt
867 3601 1000 3668 Episcopus
1009 3610 1051 3654 sut

98 3681 161 3716 sarrs
177 3682 191 3716 a
210 3681 296 3718 sora.
393 3715 407 3721 ..
