2578 4008
510 239 593 285 neus
616 239 732 286 rnrnus.
892 221 896 226 '
925 210 930 220 ’
1048 223 1107 286 uos

136 333 225 398 tionis
247 339 276 397 et
290 297 508 403 uenerationis.
534 353 638 399 coram
658 333 732 417 ipsis
754 333 957 418 assurgendo,
973 335 1106 416 primum

135 423 236 487 locum
250 422 426 502 tribuendo,
440 431 499 488 etc.

480 589 518 636 nr
531 581 758 636 ‘rfflcrnuurrn

176 699 246 759 625.
269 696 349 761 Utile
362 697 502 768 ducimus
515 700 582 776 hle,
602 707 724 783 propter
737 701 928 777 affinitatem,
944 705 1110 790 praecipuas

22 794 25 798 ’
137 786 256 865 regulas
275 787 484 868 praecedentiae
504 808 656 871 exponere
681 809 689 852 :
713 789 772 854 illue
792 799 894 854 autent
911 795 1025 874 regulae
1044 795 1110 858 uliae

137 881 206 938 sunt
221 877 395 956 generales,
410 878 477 941 eliae
490 879 562 942 vend
574 878 730 961 speciales.

342 1038 464 1086 REGULAE
484 1039 655 1086 demtus
674 1040 903 1088 PRAEGEDEM'IAE.

177 1135 253 1222 cen
270 1132 412 1216 Quinque
425 1133 516 1216 vulgo
531 1141 730 1198 numerentur
743 1137 980 1218 praeeminentiae
992 1143 1110 1200 cuusn:
1194 1145 1199 1153 '
1241 1141 1281 1154 “’“

84 1215 104 1292 ss
173 1234 210 1294 „l0
231 1231 434 1314 Proeropotr'uc
455 1231 568 1296 ordinis
596 1233 666 1296 :sic
690 1231 837 1296 diaconus
857 1235 954 1313 major
974 1241 1019 1297 est
1040 1234 1112 1298 sub-

137 1319 277 1492 ‹eltlapboeploi
292 1329 322 1384 et
335 1321 474 1385 sacerdos
483 1322 612 1386 diacono
625 1322 702 1405 (esp.
717 1321 884 1384 statuimus
899 1325 949 1400 15,
959 1321 1123 1414 ‹lenrojon¹

177 1512 209 1570 2⁰
232 1509 433 1592 Prorupctiuo
453 1508 676 1573 consecrationis
689 1529 700 1568 .·
713 1509 757 1573 sic
769 1509 938 1592 Episcopus
955 1512 1113 1574 consecre-
1167 1517 1171 1524 '
1198 1515 1203 1526 '

138 1605 187 1662 tus
207 1599 303 1678 nrojor
320 1607 364 1662 est
390 1599 485 1663 electo
508 1599 646 1663 nondum
671 1607 846 1664 consecrato
871 1603 956 1682 (cup.
982 1598 1112 1692 Ouonto,
1168 1654 1171 1662 .

138 1687 333 1768 domurn.
799 1771 803 1778 1
947 1722 950 1728 ·
990 1693 994 1700 ’

178 1789 212 1848 3⁹
231 1785 387 1868 Dipru'tcs,
402 1797 457 1851 out
471 1789 648 1872 jurisdictio
659 1789 720 1853 siue
729 1796 873 1874 potestus3
893 1787 937 1850 sic
951 1786 1116 1868 cardinalis
1137 1861 1144 1870 .

139 1875 238 1958 major
249 1878 361 1940 estelio
375 1879 501 1942 Praelato
513 1889 638 1963 propter
652 1899 721 1944 sues
730 1879 891 1942 relationes
904 1895 974 1940 cunr
989 1878 1117 1940 Summo

7 1979 19 2002 ³
138 1965 1117 2051 PontificequionrnibusDignitatibuspraeeminet.lternArchis-

138 2055 297 2137 piscopus.
318 2057 372 2119 etsi
389 2058 493 2136 junior
511 2066 539 2120 et
563 2059 715 2120 recentius
732 2065 945 2132 consecratus,
962 2056 1059 2136 major
1072 2061 1115 2120 est

138 2144 268 2226 simplici
284 2146 434 2228 Episcopo
448 2153 569 2230 propter
584 2147 730 2226 maiorem
751 2153 945 2229 potestatem
963 2144 1114 2207 Archidia-

139 2251 237 2296 conus
259 2236 358 2313 major·
385 2234 670 2317 Archipresbytem,
699 2235 753 2297 etsi
781 2234 819 2297 sit
841 2233 964 2296 interior
990 2234 1115 2310 ordine,

139 2323 211 2406 quio
229 2323 377 2403 majorem
393 2323 527 2405 possidet
537 2323 778 2404 jurisdictionem
793 2325 877 2404 (cup.
893 2322 945 2385 Ad
954 2321 1015 2384 ltoec
1031 2327 1066 2392 Ἰ,
1084 2322 1118 2383 de

141 2413 219 2494 Offic.
235 2420 265 2474 et
278 2412 452 2476 Arctidr'oc.
461 2416 482 2494 ).
996 2473 998 2478 .

178 2515 212 2572 4·
232 2511 432 2594 Antiquitas:
449 2511 510 2592 sic,
533 2513 650 2578 ceteris
663 2511 804 2596 peribus,
825 2510 908 2594 prior
927 2508 1054 2572 hebetur
1066 2509 1117 2591 qui

139 2600 224 2683 priirs
237 2599 294 2663 luit
313 2600 469 2665 ordinatus
483 2605 559 2685 (cap.
577 2607 606 2680 l,
621 2602 656 2666 ds
669 2601 767 2684 major
779 2609 809 2664 et
826 2598 930 2678 obedi.
947 2599 1015 2662 Huc
1028 2597 1117 2662 etiarn

138 2689 244 2753 reterri
254 2693 464 2773 potestregule
477 2691 599 2774 ddjuris
612 2693 645 2754 in
658 2697 691 2756 e·
706 2711 715 2754 ι
730 2691 812 2765 «Oui
822 2689 904 2772 prior
911 2694 957 2751 est
969 2695 1116 2770 tempore,

139 2779 238 2861 potior
251 2789 298 2842 est
307 2783 376 2858 jure
391 2785 414 2844 ¹.
428 2803 445 2843 r

180 2882 212 2942 5·
233 2878 435 2961 Proroputivo
450 2879 646 2944 Ordinantr‘s:
659 2879 703 2944 sic
722 2877 878 2942 ordinatus
894 2877 1006 2959 il’ept
1019 2875 1118 2958 potior

139 2966 297 3031 habendus
310 2977 354 3031 est
372 2969 437 3032 aliis
451 2970 587 3050 ejusdem
606 2969 721 3033 ordinis
734 2973 765 3030 et
782 2967 934 3049 dignitatis
955 2969 1040 3048 (cap.
1057 2965 1118 3028 Per

142 3063 247 3130 tunel,
262 3057 297 3121 de
310 3058 419 3141 major.
434 3068 464 3122 et
476 3059 581 3141 obed).
599 3059 675 3122 Vide
688 3055 856 3136 nerdense,
872 3055 924 3119 lib.
945 3058 975 3134 l,
990 3054 1035 3116 tit.
1055 3056 1114 3133 33,

141 3144 184 3206 nlo
197 3149 262 3210 38·
543 3171 545 3174 .

180 3244 234 3307 His
255 3245 324 3311 eddi
343 3254 442 3332 potest
460 3247 652 3333 privilegium
672 3252 826 3313 certorum
848 3242 1014 3324 insignium
1042 3258 1052 3302 r
1073 3239 1117 3303 sic

173 3443 181 3470 ¹
192 3439 263 3499 Quod
274 3441 364 3496 dicitur
372 3443 403 3494 de
414 3440 560 3508 antiquitate
567 3439 642 3493 habet
650 3441 733 3494 locurn
744 3441 769 3491 in
778 3434 987 3506 processionibus.
995 3445 1049 3488 nort
1058 3430 1117 3483 vere

139 3523 237 3576 semper
254 3511 278 3562 in
295 3513 411 3567 Consiliis
430 3522 455 3564 et
472 3513 526 3564 eliis
538 3514 634 3565 actibus
652 3511 766 3578 publicis.
782 3509 810 3561 V.
830 3509 925 3560 Bullnnr
941 3504 1055 3570 Gregonr
1068 3501 1116 3553 lllll

141 3582 205 3647 spurt
221 3583 343 3646 terratis,
358 3596 386 3632 v·
393 3587 570 3647 procedentia,
589 3597 617 3634 n⁰
633 3585 673 3635 ll.
692 3582 813 3646 Loquitur·
830 3579 887 3630 verd
905 3575 1021 3628 Pontilex
1036 3574 1115 3624 ruldnr

141 3661 169 3711 de
182 3659 343 3721 reputantur.
