2586 3988
475 269 697 318 mortuorunm.
1037 253 1074 316 ll

126 377 203 437 item
219 376 391 456 Gregorius
399 375 426 434 ll
440 373 472 436 in
486 373 611 455 epistola
631 373 669 435 ad
685 375 817 436 Leonem
835 371 1002 435 Isauricum
1016 370 1075 434 ait:

93 463 403 536 «Quemadmodum
435 461 571 526 Pontifex
604 461 830 544 introspiciendi
866 463 898 524 in
930 461 1076 523 Palatium

90 577 104 612 n
128 561 316 635 potestatem
339 571 401 616 non
425 552 533 630 habet3
548 553 592 615 sic
613 571 670 615 nec
692 554 856 635 Imperator
878 552 911 612 in
929 550 1075 612 Ecclesiae

91 665 105 701 o
129 642 378 724 introspiciendi.
396 665 412 702 n
430 643 530 724 Ergo,
546 650 603 704 etc.

134 754 149 791 o
170 733 239 804 Ouo
254 733 387 814 placito,
403 732 501 812 inquit
515 732 680 813 Zollinger,
695 732 741 794 usi
757 737 828 794 sunt
843 732 992 814 Apostoll,
1007 733 1077 794 clim

92 845 106 878 o
129 840 193 884 non
209 821 310 884 niodd
324 820 418 882 tidem
430 821 645 904 praedicarent,
661 820 713 884 sed
727 821 919 903 disciplinam
934 819 1078 884 informa-

94 933 108 968 o
131 917 200 972 rent
219 910 384 974 liberrimt
405 911 572 993 potestate?
593 911 721 993 intelligi
746 911 831 974 nullo
851 910 943 973 modo
961 917 1077 994 potest,

94 1023 108 1058 ι
131 999 296 1082 quomodo
311 1001 468 1082 princeps,
489 1001 541 1082 qui
556 1019 609 1083 per
622 1000 824 1082 baptismum,
839 1000 981 1064 Ecclesiae
992 1000 1080 1082 juris

99 1111 112 1147 o
133 1089 262 1152 dictioni
280 1109 316 1152 se
330 1089 466 1170 subjicit,
482 1089 650 1172 quidquam
662 1090 739 1170 juris
753 1090 895 1153 adversus
908 1107 976 1153 eam
988 1087 1079 1170 iuris-

101 1201 114 1236 n
135 1177 308 1242 dictionem
323 1181 497 1260 acquirat.»
516 1179 580 1258 (dos
593 1179 760 1241 ecclessiib.
776 1185 807 1242 5.
823 1181 904 1256 toll.

136 1269 185 1330 Sic
210 1277 320 1332 autem
349 1267 439 1331 halret
461 1269 625 1331 concilium
649 1269 817 1332 Parisiense
833 1274 930 1334 tata:
954 1272 995 1352 (p.
1017 1273 1077 1349 32).

102 1380 116 1416 ι
136 1359 365 1440 Amplectimur
385 1375 493 1420 omnes
512 1365 541 1420 et
561 1359 696 1440 singulas
718 1359 946 1420 constitutiones
959 1359 1081 1440 dogma·

99 1469 113 1504 n
136 1447 211 1510 tiens
226 1447 274 1508 nti
292 1454 320 1508 et
344 1447 409 1508 illas
427 1465 496 1528 quse
515 1447 708 1509 unioersolcm
729 1446 872 1509 Ecclesire
892 1445 1081 1528 disciplinam

98 1557 113 1593 n
135 1543 323 1618 respiciunt,
345 1536 599 1618 specialiterque
620 1540 638 1598 d
660 1536 855 1600 conclusione
874 1536 998 1599 Concilii
1016 1537 1081 1599 Tri-

99 1647 114 1682 »
137 1624 226 1687 dent.
248 1627 345 1707 usque
365 1625 396 1686 in
410 1624 592 1688 hodiernum
612 1625 693 1688 diem
707 1626 830 1708 prolate
843 1632 872 1688 et
885 1626 1082 1708 promulgate·

100 1736 115 1770 o
138 1723 226 1778 sunt.
245 1715 439 1777 Dcclaramus
457 1715 548 1776 etiam
571 1735 606 1777 ac
620 1714 765 1778 docemus
786 1734 836 1778 eas
850 1715 986 1778 secutori
998 1737 1080 1777 sonc-

102 1825 116 1860 ι)
140 1805 223 1866 tione
240 1821 301 1866 non
323 1803 505 1885 indigerent
527 1811 672 1886 tanquam
687 1823 794 1867 norma
815 1804 1034 1868 credendorum
1053 1813 1082 1867 et

102 1913 117 1948 o
141 1893 340 1955 conscientie
362 1892 466 1974 regula
488 1892 527 1956 ab
556 1893 698 1956 omnibus
724 1895 975 1976 suscipiantur.»
1014 1895 1078 1958 vid.

104 1979 232 2064 insuper
246 1981 354 2044 concil.
371 1981 483 2044 Biturr.
499 2001 530 2064 p.
547 1987 596 2045 28.
610 1986 618 2020 ¹

375 2097 440 2156 llere
455 2099 545 2157 Placili
565 2101 628 2174 regii
642 2107 716 2176 origo
731 2109 755 2158 et
770 2101 888 2160 historia.

147 2213 197 2272 34.
224 2207 377 2291 Quidquid
390 2209 493 2274 dicant
507 2211 678 2286 Stolmans,
695 2211 871 2288 Febronius,
888 2215 953 2275 Van
968 2213 1079 2294 Espen,

107 2305 136 2361 et
156 2299 279 2361 illorum
299 2317 462 2382 sequaces,
481 2319 555 2364 usus
578 2300 680 2362 Placiti
703 2319 764 2362 non
788 2301 843 2363 luit
862 2315 1023 2384 usurpatus
1045 2302 1082 2364 ab

107 2390 186 2450 mini
193 2387 345 2450 memor-id.
355 2389 506 2452 l'etuslior
516 2390 599 2452 enim
611 2409 671 2452 non
680 2399 725 2452 est
734 2389 892 2452 schismate
900 2391 1079 2454 Occidentis.

46 2521 50 2532 .
110 2477 184 2539 Cum
198 2495 236 2540 eo
251 2486 388 2560 tempore
402 2479 668 2542 circumferrentur
683 2479 913 2542 constitutiones
927 2482 945 2541 a
958 2479 1083 2544 dirersis

109 2567 363 2630 contendentibus
376 2567 414 2630 de
433 2577 563 2650 papatu,
578 2577 783 2651 opportunum
797 2568 920 2633 Urbano
933 2571 972 2632 Vl
985 2570 1081 2633 risum

110 2654 180 2733 luit,
196 2665 230 2719 ut
243 2659 406 2737 antequirm
415 2659 582 2720 executioni
592 2657 1082 2724 demandarenturconstitutiones

111 2746 291 2820 Pontiliciae,
305 2746 444 2828 Episcopi
461 2748 668 2810 examinarent
681 2767 719 2810 an
735 2767 751 2810 a
765 2767 836 2810 uero
846 2749 990 2813 Pontifice
1015 2770 1082 2832 pro

112 2832 192 2898 lectae
214 2843 339 2910 essent;
365 2835 516 2918 simulque
543 2837 761 2919 prohibuerunt
788 2839 940 2920 principes
968 2839 1080 2922 vulgari

111 2922 229 2987 decreta
243 2921 425 2986 Pontificum
441 2925 554 3007 alisque
570 2945 625 2989 suo
638 2944 790 2990 consensu
803 2945 857 2990 seu
868 2928 990 3010 placito.

148 3016 219 3076 llaec
232 3020 279 3075 cst
299 3031 369 3075 vera
390 3014 499 3076 l’lnciti
517 3016 592 3098 regii
610 3017 697 3099 origo
715 3035 723 3078 ε
745 3015 807 3079 imd
822 3019 964 3099 Lequeux
977 3019 1082 3084 asserit

110 3119 141 3166 sc
154 3103 273 3166 nullum
287 3120 471 3184 cognoscere
481 3105 649 3188 prinoipem
663 3105 714 3188 qui
729 3106 908 3187 generaliter
921 3108 995 3172 illud
1009 3129 1081 3192 prae

109 3193 221 3275 ceperit
234 3198 306 3254 ante
320 3192 506 3255 Ludovicum
521 3197 575 3270 XI,
592 3214 673 3258 anno
689 3201 766 3258 ll8tt
780 3199 825 3274 (n0
840 3198 899 3278 20).

138 3347 146 3375 ¹
164 3343 230 3395 Sane
248 3341 289 3394 lex
301 3341 466 3396 ecclesiastica
479 3346 581 3397 ellectus
593 3346 676 3398 civiles
695 3345 818 3399 ordinarie
833 3363 882 3400 non
900 3354 980 3416 potest
991 3349 1082 3403 habere

110 3415 154 3466 nisi
174 3415 205 3465 ab
228 3415 377 3466 auctoritate
396 3415 461 3466 cirili
479 3425 633 3484 acceptetur,
650 3419 694 3470 sed
717 3419 881 3470 conscientias
907 3419 983 3486 ligere
1003 3429 1082 3487 potest

110 3486 202 3552 ubsque
210 3486 355 3552 hujusmodi
365 3489 542 3554 acceptatione,
551 3489 660 3556 alioquin
671 3489 783 3557 princeps
791 3491 925 3552 secularis,
934 3494 1082 3544 constitutus

111 3558 195 3608 fuisset
215 3557 333 3608 Ecclesiae
352 3567 443 3625 caput,
457 3561 523 3626 qnod
545 3567 582 3612 est
603 3561 689 3612 contra
710 3563 851 3628 evangelica
871 3563 965 3613 verba:
991 3564 1083 3614 Eleates

111 3629 192 3753 depotq
206 3643 295 3752 creperico
311 3635 413 3695 pentes,
439 3637 483 3684 etc
505 3631 530 3686 t.
553 3632 620 3684 card.
642 3631 765 3695 Gonaset,
791 3633 903 3698 depcrit.
922 3635 962 3684 der
981 3634 1080 3697 princ..

110 3715 134 3765 p.
197 3717 234 3762 ,c
261 3738 268 3751 .
