2546 3992
184 195 244 254 181
410 201 548 250 urrunnu
569 197 773 247 commouens
793 194 941 241 conourcr.

225 310 315 388 Resp.
330 303 495 387 Episcopus
507 300 616 384 positos
632 317 690 360 csse
706 295 820 379 quidem
834 295 851 356 ἁ
866 292 987 376 Spiritu
1001 291 1035 354 S.
1057 307 1168 370 repere
1250 375 1251 388 ἵ

185 394 349 462 Ecclesiam
374 391 453 470 Ilei,
481 390 534 454 sed
556 388 707 452 mediante
730 387 761 448 S.
787 383 944 446 Pontilicc.
970 381 1052 444 Sicut
1075 380 1167 441 enim
1250 393 1251 430 ἒ

186 483 319 548 Ecclesia
335 479 495 544 condendo
513 495 646 542 canones
667 476 699 538 in
717 473 857 552 conciliis
878 472 973 534 dicit:
997 469 1097 532 Visum
1119 477 1169 530 est

188 569 323 656 Spiritui
336 571 371 633 S.
386 579 416 634 et
430 568 520 640 nobis,
536 573 567 630 et
583 573 683 629 tamen
700 581 834 627 canones
850 579 912 624 non
929 559 996 622 idco
1014 566 1169 622 vorantur

186 664 235 744 jus
257 661 429 724 immediate
450 658 603 732 divinum,
622 655 664 718 ita
684 652 825 735 Episcopi
848 651 922 714 dum
945 653 964 711 b
981 650 1063 726 Papa
1084 647 1170 710 reci·

189 752 276 836 piunt
292 749 541 831 jurisdictionem,
556 751 718 830 censentur
731 743 854 824 quidem
864 739 951 823 positi
970 741 987 801 a
1002 738 1118 820 Spiritu
1132 739 1168 800 S.

189 839 227 904 ad
241 839 389 921 regendas
402 855 471 900 suas
481 835 642 910 dioeceses,
658 831 711 895 sed
726 849 787 892 non
802 829 870 892 ideo
884 827 1056 890 immediate
1070 829 1087 888 b
1099 827 1170 908 Spi-

190 929 249 992 ritu
264 931 295 992 S.
311 927 460 1008 recipiunt
468 922 719 1004 jurisdictionem.

230 1031 360 1110 Objicies
373 1034 404 1092 2⁰
420 1028 559 1110 Episcopi
574 1045 635 1090 non
649 1033 719 1090 sunt
732 1025 843 1088 vicarii
857 1028 947 1106 Papae
963 1045 971 1084 :
986 1022 1067 1104 atqui
1090 1021 1173 1084 tales

192 1125 292 1183 essent
305 1120 330 1182 si
344 1137 362 1182 a
375 1121 456 1201 Papo
469 1119 638 1199 reciperent
647 1115 898 1196 jurisdictionem.
913 1115 1010 1194 Ergo,
1024 1121 1083 1174 etc.

232 1223 322 1304 Resp.
339 1223 375 1283 D.
392 1220 488 1283 Bouix
502 1217 600 1298 (ibid,
614 1239 645 1300 p.
666 1222 738 1298 tn:
758 1220 908 1281 «Stare...
931 1217 1021 1279 simul
1040 1225 1172 1297 possunt

194 1334 209 1371 a
234 1309 297 1373 heac
310 1310 371 1372 duo
387 1330 396 1371 ι
411 1308 492 1391 quod
507 1301 641 1371 Christus
653 1307 780 1370 voluerit
792 1309 851 1370 uti
864 1308 946 1388 Papd
958 1304 1070 1386 singuli
1084 1307 1173 1386 Epis

195 1426 209 1459 n
234 1399 303 1481 copi
325 1417 410 1462 suam
437 1397 678 1479 jurisdictionem
704 1398 896 1479 acciperent,
920 1401 951 1458 et
973 1393 1174 1476 quodetiam

129 1481 130 1484 ’
196 1513 211 1548 o
236 1487 362 1552 voluerit
375 1487 527 1552 ordinarid
540 1486 680 1549 cunstitui
695 1487 714 1549 b
731 1487 811 1568 Papt
825 1486 1005 1568 EpiscopoS,
1027 1501 1091 1547 non
1105 1489 1173 1546 tan·

197 1601 211 1636 o
236 1595 329 1658 quam
342 1577 478 1641 vicarios
490 1576 530 1638 ad
544 1583 651 1638 nutum
666 1575 862 1652 revocabiles,
878 1575 930 1638 sed
945 1583 1091 1656 tanquam
1106 1595 1174 1656 pas·

197 1691 212 1726 a
238 1673 318 1728 tores
330 1685 366 1728 ac
379 1666 546 1747 principes,
563 1665 616 1746 qui
631 1667 753 1747 proprio
776 1667 899 1728 nomine
917 1663 1094 1727 commissas
1114 1664 1175 1726 sibi

198 1779 213 1816 a
237 1755 386 1818 Ecclesiae
398 1760 547 1835 regerent,
561 1773 618 1816 neo
631 1754 840 1816 deberentoiai
845 1753 971 1834 exjustis
978 1756 1063 1816 causet
1073 1773 1176 1816 remo-

200 1869 213 1904 n
239 1845 316 1920 veri;
332 1843 396 1906 haec
409 1842 481 1914 duo,
498 1842 634 1924 inquam,
654 1843 825 1906 nullatcnus
842 1844 919 1905 inter
932 1861 964 1905 se
978 1851 1176 1925 repugnant,

200 1957 214 1994 n
239 1949 275 1995 ao
288 1931 415 2016 proinde
432 1931 531 1993 inanis
553 1939 598 1993 est
615 1931 786 2012 objectio.»
812 1932 887 1996 Vide
907 1933 1002 2014 magis
1022 1933 1177 1994 evolutam

201 2025 280 2086 banc
293 2023 491 2104 quaestionem
504 2021 585 2102 apud
599 2021 741 2084 eumdem
755 2020 852 2101 (ibid,
868 2042 899 2104 p.
916 2026 990 2100 101,
1005 2024 1085 2104 eto).

242 2112 331 2175 Plura
357 2113 414 2174 alia
439 2111 624 2192 objiciuntur
650 2129 783 2193 quorum
809 2111 918 2175 solutio
944 2111 1095 2175 invenitur
1120 2131 1173 2197 ap

202 2205 238 2265 D.
255 2202 351 2264 Bouix
367 2201 433 2282 (it,
448 2222 480 2284 p.
496 2202 613 2284 'll-Sl).

243 2307 315 2384 873,
337 2305 458 2376 Quaerit.
477 2293 513 2354 ὅ·
535 2305 582 2366 An
602 2303 743 2386 Episcopi
763 2303 1002 2384 jurisdictionem
1017 2305 1178 2368 immedia-

206 2400 284 2468 tam,
308 2391 353 2455 vel
379 2393 478 2456 solbm
498 2391 658 2454 mediatam
678 2391 809 2456 babeant
827 2395 859 2455 in
877 2411 948 2458 suos
967 2393 1180 2458 dioecesunosl

204 2515 244 2568 -5
261 2481 333 2544 Vide
346 2501 437 2564 supra
450 2485 539 2561 (888).

245 2587 336 2669 Resp.
355 2586 583 2670 Aquibusdam.
595 2604 667 2649 cum
680 2587 876 2649 auctoralibri
891 2589 939 2650 cni
953 2587 1057 2652 titulus
1073 2609 1080 2649 :
1096 2589 1179 2651 Pou-

208 2675 285 2738 voirs
294 2676 438 2758 lipitimea
446 2676 485 2738 du
493 2677 626 2758 premier
637 2683 667 2738 ct
678 2676 718 2738 da
727 2676 828 2738 second
836 2677 931 2755 ordre,
943 2677 1082 2742 contendi
1093 2680 1180 2760 Epis·

208 2781 301 2846 copus
315 2785 376 2826 non
387 2784 452 2829 esse
462 2765 652 2829 immediatos
661 2773 795 2848 pastores
805 2765 939 2830 fidelium
954 2769 1026 2849 ipsis
1039 2767 1180 2830 commis

209 2870 328 2932 sorum,
353 2853 406 2915 scd
419 2855 557 2936 parochis
574 2855 765 2918 solummodo
779 2858 950 2938 pertinere,
970 2857 1038 2937 juro
1060 2857 1178 2934 divino,

210 2941 331 3004 illorum
351 2959 456 3004 curam
471 2943 693 3021 immediatam,
712 2944 753 3007 ita
772 2950 807 3007 ut
826 2945 981 3028 Episcopis
1002 2945 1075 3007 ninrl
1096 2945 1179 3008 aliud

211 3028 544 3114 ierdremaneatqubm
558 3033 760 3113 invigilarent
777 3033 945 3097 sacerdotes
963 3053 1053 3098 suum
1068 3053 1181 3096 munus

212 3119 360 3200 expleant,
371 3128 401 3182 et
409 3120 586 3183 eorumdem
598 3121 811 3202 negligentiam
820 3122 959 3204 supplere
966 3127 1014 3202 (V.
1025 3125 1180 3204 chueux,

214 3210 422 3363 ffiffloe
441 3217 542 3272 autem
560 3215 605 3270 est
622 3227 720 3286 error,
740 3216 770 3274 et
790 3211 975 3275 contrarium
988 3218 1035 3275 est
1054 3213 1181 3274 omnino
1250 3303 1251 3314 ἵ

256 3405 285 3462 1ο
305 3401 441 3478 Parocbi,
457 3407 491 3463 ut
503 3401 580 3464 inira
593 3400 790 3484 probabimus
803 3407 911 3481 (ruat,
931 3409 1012 3483 ete),
1032 3412 1102 3468 sunt
1114 3411 1183 3469 tan·

216 3491 280 3550 tbm
295 3490 489 3553 institutionis
502 3489 720 3567 ecclesiasticas,
729 3509 786 3553 nec
798 3499 868 3554 anto
881 3501 1024 3574 quartum
1036 3496 1183 3559 saeculum

217 3579 414 3642 exstiterunt:
433 3597 489 3660 per
509 3585 639 3659 quatuor
655 3577 738 3640 enim
752 3581 852 3660 priora
868 3581 995 3661 wcula,
1015 3584 1184 3648 saecnlotrs
