2570 4006
521 275 607 321 LIBER
627 275 744 322 retunt.

559 444 722 523 asni.»

150 589 219 646 ibi.
245 584 335 668 (Cum
354 585 385 645 in
399 583 457 646 illo
469 583 488 664 ξ
500 589 607 663 apator
624 580 660 642 de
677 579 853 660 imupinibtu
876 586 905 640 et
927 576 1120 657 induipentiis

42 763 45 766 ,
168 679 340 764 prohibitis,
355 679 487 762 sufficiat
500 678 548 740 itio
561 678 673 759 referre
685 679 804 754 n'ffl,
819 675 872 756 qui
884 675 926 736 aio
937 693 966 736 se
979 672 1066 734 habet
1081 675 1102 742 :t

195 833 211 870 a
278 815 329 873 tn
342 809 600 890 indulgentiarum
614 807 681 869 libri
695 824 814 882 omnes,
828 805 931 873 diaria.
946 801 1120 873 summarie,

151 922 167 961 ι
191 899 296 974 libelii,
312 899 392 976 tolia,
409 907 479 970 etc,
503 896 658 978 inquibus
682 913 786 957 earurn
805 893 1015 956 concessiones
1029 889 1123 951 conti-

152 1011 169 1050 »
193 995 321 1060 nentur,
336 1006 398 1049 non
418 986 546 1048 edantur
558 985 672 1067 ubsque
691 983 811 1047 licentii
824 983 855 1046 S.
878 977 1124 1062 Congregationir

153 1098 167 1137 a
183 1077 463 1158 indulgentiarum.

577 1223 703 1302 salv.

193 1363 263 1424 rat.
285 1380 302 1421 a
327 1356 462 1436 Ουωᾱανη
475 1355 516 1418 od
528 1356 605 1416 ritus
618 1373 712 1415 sorroa
724 1350 886 1435 spectantia
897 1369 962 1432 quie
970 1345 1124 1431 prohibitu

157 1494 160 1500 ·
577 1467 592 1502 n
616 1451 696 1504 sunt.
846 1487 849 1494 .

193 1621 209 1661 a
235 1603 265 1662 t⁰
280 1597 510 1661 Benedictiones
522 1613 630 1658 omnes
644 1591 871 1663 aeclesiasticae,
885 1589 942 1652 nisi
956 1585 1127 1669 approbata

154 1711 170 1750 ι
195 1687 377 1756 tuerintbS.
394 1685 452 1747 Rit.
470 1685 724 1764 Congregatione;

195 1800 210 1838 n
223 1783 254 1840 2⁰
266 1775 510 1839 Exorcisnrorunr
520 1773 669 1845 tonnulae,
680 1771 805 1834 diversae
814 1769 896 1833 abiis
907 1787 976 1850 quta
990 1765 1125 1848 praesori-

155 1889 170 1928 n
195 1867 308 1929 buntur
331 1866 363 1926 in
377 1863 489 1945 regulis
513 1863 638 1924 Ritnalis
652 1859 796 1938 Rotnani,
812 1865 843 1922 et
861 1856 1037 1923 earumdem
1054 1873 1127 1919 usus

156 1978 171 2015 n
195 1956 308 2037 absque
323 1955 433 2035 praevio
446 1951 588 2014 examine
601 1968 704 2013 noram
715 1949 886 2024 Ordinario;

195 2049 266 2107 756.
289 2066 304 2103 n
322 2047 353 2107 3⁰
368 2042 492 2104 Litaniae
505 2057 630 2116 omnes,
645 2046 753 2120 praeter
767 2039 990 2119 antiquissimas
1001 2044 1030 2102 et
1044 2059 1126 2103 eorn-

157 2158 172 2196 υ
196 2151 321 2204 munes,
337 2149 405 2214 quae
419 2131 450 2192 in
466 2128 638 2205 Brevioriis,
655 2126 842 2202 Missalibus,
858 2127 1082 2193 pontificalibus
1094 2151 1129 2195 ao

157 2247 172 2285 n
196 2223 364 2286 Ritualibus
374 2220 577 2282 continentur.
591 2223 622 2278 et
634 2223 741 2298 praeter
755 2217 932 2279 Litaniasda
946 2218 981 2280 B.
994 2221 1127 2301 Virgine,

61 2385 67 2396 Ι
158 2335 173 2374 r
197 2310 310 2394 quaein
326 2311 356 2371 S.
373 2307 451 2372 AEde
469 2309 635 2369 Lauretanb
648 2305 801 2366 decantari
816 2305 923 2368 solent.
945 2329 960 2366 n

198 2402 282 2462 Circa
295 2398 354 2461 boo
367 2403 469 2460 tamen
485 2403 556 2457 nota
569 2413 698 2476 sequens
714 2395 875 2457 Decretum
889 2396 933 2458 Pii
948 2398 1009 2460 lx:

203 2512 218 2550 o
238 2487 361 2550 Litaniae
378 2503 505 2560 omnes,
530 2491 637 2565 praeter
650 2483 873 2564 antiquissimas
886 2491 916 2546 et
933 2505 1127 2566 communes,

159 2602 175 2644 n
199 2597 267 2660 quae
281 2577 311 2638 in
322 2575 484 2644 Breviorio.
496 2573 677 2644 Missaiibus,
690 2571 913 2635 Pontificaiibus
924 2581 955 2636 et
964 2575 1131 2641 Ritualibus

161 2691 175 2728 n
200 2667 402 2740 continentur,
425 2671 454 2726 et
474 2670 582 2745 praeter
601 2661 731 2723 Litanias
750 2661 789 2723 de
813 2663 847 2722 B.
873 2663 914 2724 M.
939 2665 989 2741 V.,
1010 2684 1079 2747 qnae
1100 2669 1130 2730 in

160 2778 176 2818 n
201 2759 231 2819 S.
244 2755 320 2818 AEde
330 2755 496 2815 Lauretant
508 2751 659 2812 decantari
669 2749 776 2823 solent,
790 2750 1129 2819 nmtdonturainireni·

161 2866 176 2905 n
200 2847 280 2906 sione
293 2851 322 2904 et
335 2841 542 2924 approbatione
561 2837 728 2910 Ordinurii·
739 2857 795 2900 nee
806 2839 924 2921 publice
935 2841 967 2903 in
978 2844 1129 2924 Eociasiis,

162 2956 177 2992 a
202 2931 330 3014 publicis
352 2930 488 2993 oratoriis
511 2935 541 2991 et
565 2927 805 3010 processionibus
820 2930 997 3010 recitentur,
1018 2934 1130 3017 absque

162 3042 177 3082 n
203 3021 322 3082 lieentia
343 3025 373 3082 et
395 3017 609 3099 approbatione
638 3016 670 3077 S.
694 3016 817 3079 Rituum
841 3019 1128 3102 congregationis.»

164 3110 249 3186 (Vide
264 3107 333 3170 Iton.
348 3105 397 3170 des
407 3107 528 3168 scientes
541 3103 710 3181 eccttsiast,
722 3114 755 3166 n⁰
769 3109 818 3176 nt,
830 3125 861 3188 p.
877 3110 960 3190 564.)
970 3110 1131 3175 Citantnrt

163 3199 199 3260 D.
213 3199 319 3274 Bouix,
338 3197 379 3258 De
390 3193 482 3258 Curii
496 3191 639 3260 Rotnani.
654 3212 685 3274 p.
702 3197 843 3268 559-566,
860 3197 939 3260 varia
952 3197 1133 3264 documenta

164 3286 221 3349 sibi
241 3284 471 3350 contradictoria
484 3283 563 3344 cirea
578 3281 793 3362 legitimitatem
808 3285 992 3349 Litaniarum
1008 3291 1060 3351 SS.
1073 3293 1132 3353 No-

165 3375 256 3438 minis
278 3377 361 3438 Jesu.
379 3373 452 3434 vide
470 3372 560 3433 etiarn
583 3371 725 3448 Ferraria,
750 3381 779 3434 v·
794 3373 943 3451 Litunioe;
958 3377 1011 3439 sed
1028 3377 1131 3455 hodie,

165 3463 294 3527 instante
310 3465 457 3545 Episcopo
472 3461 580 3524 Montis
595 3459 702 3522 Albani
716 3480 787 3524 oum
807 3463 943 3544 pluribus
957 3466 1022 3528 aliis
1037 3469 1133 3531 Antis-

169 3553 269 3617 titibus
291 3555 395 3616 Romae
423 3550 609 3614 adstantibus
639 3551 797 3613 mansione
819 3555 1052 3617 canonizationis
1079 3559 1131 3620 SS.

170 3643 333 3716 *tortorum
346 3641 519 3722 tapponioe,
534 3639 666 3720 praefatis
679 3640 734 3701 SS.
755 3641 892 3702 Nominis
909 3643 982 3704 Jesu
995 3643 1128 3718 Lituniis,

989 3751 1035 3804 {2¹
