2574 3994
509 252 596 296 trusa
617 250 735 295 raruus.
1060 232 1118 292 193

140 367 155 406 ο
183 347 345 429 quisquam
367 347 458 409 sumit
474 345 531 408 sibi
552 345 721 422 honorem,
741 341 794 407 sed
807 343 859 423 qui
879 344 1033 405 vocaturb
1055 344 1118 405 Deo

140 459 155 495 o
180 444 326 518 tanquam
353 439 462 500 Aaron.
487 457 502 493 n
527 434 585 497 Sed
599 434 653 516 qui
671 431 783 495 invadit
803 431 901 494 officia
919 431 1118 494 ecclesiastica

138 524 207 586 sind
222 525 425 602 institutione,
441 524 534 586 sumit
546 523 603 586 sibi
623 521 789 600 honorem,
804 538 862 584 nec
874 529 996 584 vocatur
1010 522 1028 582 a
1041 523 1115 584 Deo.

139 616 242 694 Ergo,
259 621 317 676 etc.

184 703 303 764 Probat.
318 710 351 766 2⁰
361 707 405 766 Ex
417 701 744 780 Concil'lridentlsess
756 703 806 763 23·
817 717 885 762 can.
896 698 965 778 Ἷ.)ε
981 699 1036 761 rSi
1051 700 1119 780 quis

139 811 156 849 r
183 789 295 852 dixerit
309 811 361 856 eos
374 791 427 873 qui
445 809 501 854 nec
515 793 553 854 ab
566 791 766 853 ecclesiastica
780 795 811 851 el
823 787 960 851 cononiccl
977 796 1119 870 potestate

143 900 157 938 s
181 879 324 956 ordinali,
341 899 398 944 nec
415 880 594 955 missisunt,
611 880 663 942 sed
677 878 798 941 aliunde
816 877 953 952 veniunt,
969 876 1119 958 legitimos

139 988 157 1025 o
183 987 249 1030 csse
263 970 344 1031 verbi
359 977 389 1030 et
403 977 661 1031 sacramentorum
680 969 847 1044 ministr05,
863 966 1024 1028 anathema
1037 965 1084 1027 sit.
1100 989 1115 1025 u

141 1057 237 1118 Porro
263 1059 366 1120 missio
393 1057 558 1140 procedens
590 1058 628 1118 ab
667 1056 866 1119 ecclesiasticl
896 1061 1040 1137 potestate
1076 1063 1121 1118 est

141 1145 271 1226 ipsamet
286 1148 432 1210 institutio
446 1146 592 1208 canonica
605 1146 642 1207 de
657 1150 718 1228 qual
732 1145 895 1226 loquimur.
912 1147 1013 1226 Ergo,
1027 1151 1084 1207 etc.

182 1235 301 1296 Probat.
318 1239 351 1298 3⁰
362 1239 404 1296 Ex
419 1254 485 1316 cap.
499 1240 527 1305 l,
540 1235 577 1296 de
592 1233 787 1314 repulisjfflis
797 1235 827 1293 in
838 1237 869 1294 6ο
882 1251 889 1293 :
903 1255 919 1290 a
933 1232 1119 1295 Beneficium

140 1343 157 1390 r
185 1323 421 1386 ecclesiasticum
437 1341 499 1386 non
517 1331 612 1405 polest
625 1323 687 1384 siud
700 1321 836 1383 cuoom'cd
851 1321 1036 1382 institutione
1050 1341 1119 1402 pos-

139 1434 157 1471 o
183 1412 284 1474 sideri.
305 1435 319 1471 n
338 1413 432 1474 Porrd
455 1413 512 1474 boc
525 1413 640 1474 dictum
656 1419 700 1473 est
713 1411 752 1472 de
767 1409 936 1482 beneticiiS‚
954 1412 1119 1490 praesertim

141 1501 212 1582 quia
229 1501 335 1563 iisdem
350 1501 520 1564 annectitur
534 1500 667 1562 otlicium
681 1499 929 1562 ecclesiasticum.
954 1500 1045 1580 Ergo,
1060 1506 1118 1564 etc.

176 1589 363 1652 Corollaria.
378 1593 475 1651 -Ex
496 1589 677 1671 praecedenti
694 1588 890 1670 responsione
910 1587 1051 1650 concludi
1069 1607 1121 1671 po

140 1684 200 1740 test
213 1678 286 1758 quid
300 1678 339 1739 sit
351 1677 544 1742 sentiendum
564 1701 571 1738 :

181 1761 250 1820 372.
261 1764 291 1820 1⁰
304 1758 341 1820 de
353 1759 549 1820 investituris.
564 1757 750 1820 investiturae
761 1757 885 1820 nomine
899 1757 1120 1838 intelligebatur

141 1846 255 1908 abusus
263 1846 363 1923 medil
371 1852 457 1908 aetate
467 1847 613 1914 intactus,
625 1846 1009 1928 quoprineipessaeculares
1019 1847 1121 1911 electis

141 1932 180 1995 ad
200 1935 347 1997 beneficia
370 1936 498 2014 majora,
517 1953 625 2016 nempe
639 1935 676 1996 ad
696 1935 894 2016 Episcopatus
908 1941 938 1997 et
953 1934 1114 2012 Abbalias,

143 2021 298 2085 tradebant
317 2024 460 2086 baculum
478 2025 627 2104 pastorale
646 2029 676 2084 et
693 2023 852 2085 annulum.
875 2026 1029 2086 Damnate
1044 2035 1120 2087 -sunt

142 2119 243 2174 autem
264 2112 450 2174 lnrestiturae
463 2114 481 2172 a
495 2114 526 2172 S.
544 2111 688 2191 Gregorio
703 2113 754 2172 t'll
767 2118 798 2173 et
811 2111 923 2174 Calixto
937 2115 962 2174 li
977 2113 1008 2173 in
1022 2113 1120 2194 primo

98 2235 102 2242 -
142 2200 274 2262 Concilio
290 2201 481 2262 Lateranensi
499 2199 688 2262 crcumenico
705 2200 752 2279 (V.
775 2199 895 2276 Andre,
910 2203 945 2260 V·
960 2201 1119 2262 Iovestt'tu-

141 2291 205 2367 res)
221 2309 230 2348 :
249 2289 318 2351 licet
337 2289 419 2351 enim
438 2289 525 2351 multi
545 2289 765 2350 contenderent
784 2288 841 2349 illis
859 2288 953 2369 signis
970 2288 1120 2369 designari

143 2389 258 2449 tantum
271 2386 512 2466 jurisdictionem
528 2387 702 2450 saecularem
717 2393 790 2448 tuno
805 2387 950 2468 temporis
967 2385 1120 2450 beneficiis

142 2475 348 2537 ecclesiasticis
371 2493 543 2552 annexam,
568 2474 738 2537 timendum
759 2482 822 2536 erat
845 2493 903 2550 ne,
928 2477 964 2536 eh
984 2475 1117 2556 ratione,

142 2564 196 2642 ipsi
213 2564 365 2644 principes
380 2563 552 2625 viderentur
567 2563 705 2626 conferre
723 2565 812 2625 etiam
827 2569 1004 2645 potestatem
1022 2565 1118 2629 eccle-

142 2651 289 2714 siasticam
313 2651 359 2713 his
373 2651 528 2714 beneficiis
542 2652 740 2714 inhaerentem
755 2653 937 2734 (Lequeux,
954 2662 986 2714 n·
1001 2657 1067 2733 78).

180 2743 249 2803 373.
273 2775 312 2785 -
334 2745 366 2802 2⁰
388 2743 431 2803 lle
444 2743 517 2803 lure
535 2741 667 2822 Repello
681 2762 692 2801 .·
705 2741 765 2803 hoc
775 2743 844 2820 jus,
862 2750 997 2824 tempore
1018 2743 1117 2808 Ludo·

141 2828 194 2890 rici
217 2833 302 2907 xlv,
327 2829 530 2912 reponebatur
550 2831 741 2911 potissimirm
762 2833 793 2891 in
813 2848 849 2893 eo
868 2831 968 2912 qudd,
995 2840 1117 2898 vacante

141 2917 210 2979 sede
232 2918 422 3000 Episcopali,
448 2921 508 2980 ilex
531 2918 755 2980 administraret
777 2919 914 2998 ejusdem
937 2921 1015 2982 sedis
1039 2923 1117 2986 bona

141 3009 331 3086 temporalia,
351 3007 514 3086 omniaque
535 3005 681 3068 beneficia
703 3007 741 3068 ad
764 3008 902 3090 Episcopi
925 3009 1116 3074 collationem

141 3095 317 3174 pertinentia
327 3093 478 3156 conferret
487 3141 495 3162 ,
504 3094 838 3176 quorumeliamplura,
852 3095 1117 3163 archidiaconatus

141 3200 259 3262 nempe,
276 3183 705 3260 Decanatus,i'oenitentiaria,
722 3192 794 3256 ete,
807 3203 955 3247 annexam
966 3185 1114 3254 habebant

137 3269 376 3352 iurisdictionem
390 3279 419 3332 et
433 3289 538 3334 curam
557 3273 728 3335 animarum
742 3273 937 3336 ordinariam.

177 3357 329 3421 Ludovico
343 3361 407 3421 XIV
422 3358 538 3429 hocius
551 3359 712 3424 extendere
727 3361 845 3424 volente
858 3362 896 3424 ad
910 3381 1017 3428 omnes
1031 3373 1115 3450 regni

140 3447 183 3508 sui
198 3445 342 3509 dioeceses
355 3455 445 3509 ettam
459 3461 547 3510 antea
560 3465 714 3533 exemptas
728 3470 746 3512 a
759 3451 840 3512 dicto
851 3452 920 3529 juro
932 3499 940 3528 ,
952 3455 1116 3519 reclaman-

140 3536 280 3617 utusque
299 3555 335 3598 ex
356 3536 391 3598 iis
411 3537 563 3618 pluribus,
579 3547 741 3600 convocata
759 3538 902 3615 luerunt,
920 3558 1001 3602 anrro
1021 3547 1112 3625 1681,

140 3624 259 3685 cernitis
279 3625 538 3706 :congregatique
555 3625 672 3688 Praelau'
684 3629 730 3688 ita
757 3627 912 3705 negotium
932 3645 1113 3708 componete
