2578 4008
170 253 230 319 aab
392 269 533 318 nanuum
553 267 654 314 rorms
674 267 756 312 ruars
776 264 925 314 etuourm.

159 385 224 449 -per
234 385 389 429 recursum
400 365 436 428 ad
446 365 613 447 prinoipem
627 365 825 446 temporalem
835 412 843 442 ,
852 374 937 428 sotus
947 365 1147 448 superiorum

171 453 439 518 ecclesiasticorum
462 453 613 516 retractari
634 453 787 515 deberent.
805 455 843 514 Et
861 455 932 518 verb
952 455 1148 518 saecularibus

171 543 357 606 intoleranda
378 543 533 624 usurpatio
555 541 715 616 videretur,
736 542 818 624 quod
841 550 927 606 aetus
946 543 1040 607 civilis
1053 543 1150 606 admi-

172 634 353 696 nistrationis
380 632 418 694 ab
445 631 598 713 Episcopis
621 630 868 694 reformarentur.
885 634 968 714 Ergo
992 635 1009 696 b
1031 631 1149 696 fortiori

171 728 396 785 monstruosum
411 721 486 802 quid
500 728 529 782 et
543 720 715 782 damnabile
734 720 837 784 haberi
860 721 950 784 debet
969 721 1050 804 qudd
1063 729 1150 784 aetus

173 812 370 892 superiorum
394 809 666 872 ecclesiastieorum
690 809 892 872 reformentur
916 813 933 874 lt
953 811 1151 875 saec-alaribus

173 900 405 981 magistratibus.
421 901 529 961 Nonne
543 899 625 961 enim
640 901 719 961 sieut
733 906 961 963 monstruosum
974 906 1054 962 esset
1065 900 1150 982 qudd

173 989 273 1052 anima
287 989 428 1052 subderet
441 989 571 1070 corpori,
587 988 629 1050 sio
643 993 687 1049 est
701 987 773 1069 quid
784 988 948 1051 absurdum
964 989 1045 1070 qudd
1060 989 1151 1070 spiri·

174 1079 261 1140 tualis
274 1078 399 1140 societas
413 1077 569 1159 temporali
584 1077 761 1156 subjaceat?
776 1078 829 1140 Cui
844 1078 928 1140 enim
941 1077 1057 1141 dictum
1071 1077 1148 1141 luit:

155 1201 158 1210 ›
179 1191 193 1224 a
214 1169 418 1248 Quacumque
433 1166 623 1248 alligaveritis
635 1185 726 1248 super
740 1173 851 1229 terram
860 1215 867 1242 ,
877 1175 967 1230 erunt
976 1168 1066 1250 ligata
1075 1174 1104 1230 et
1118 1167 1150 1230 in

175 1279 189 1316 n
213 1257 290 1318 otreio
303 1277 318 1315 n
333 1256 602 1336 (Matth.,o.18,v.
617 1256 693 1335 ¹18)'l
709 1256 1148 1320 Cuihaeoverbadireotasunt:

179 1369 193 1404 a
210 1349 377 1408 Pasoeoves
391 1365 485 1420 meso,
497 1364 586 1427 pasce
596 1364 690 1426 agnos
699 1363 803 1408 meos»
818 1348 860 1422 (S.
873 1349 997 1424 loann,
1006 1367 1033 1408 v.
1047 1349 1150 1410 l5-l'l.

176 1455 202 1498 e.
224 1437 300 1515 bil?
319 1436 450 1516 Regibus
469 1442 521 1496 aut
543 1435 731 1517 principibus
749 1435 965 1498 saecularibus?
984 1439 1031 1497 An
1050 1437 1153 1518 potius

176 1529 263 1587 Petro
277 1531 307 1586 et
322 1525 469 1605 Apostolis
483 1543 518 1586 ao
534 1542 639 1586 eorum
655 1525 885 1587 Successoribus
894 1525 908 1587 i
918 1524 1047 1598 Quinam
1061 1525 1150 1606 positi

175 1615 316 1676 sueruntb
331 1615 361 1674 S.
372 1614 484 1694 Spiritu
492 1631 596 1693 regere
605 1613 767 1675 Ecclesiam
777 1615 830 1675 Dei
845 1615 926 1694 (Act.
936 1617 1090 1696 Apost.,c.
1099 1618 1150 1692 ab,

175 1723 203 1766 v.
220 1703 296 1777 ast?
310 1701 472 1783 Episcopi?
486 1721 524 1762 an
536 1702 726 1781 magistratus
741 1702 864 1766 civiles?
878 1739 912 1749 -
925 1702 1014 1766 Dedit
1027 1701 1151 1785 quidem

177 1791 310 1852 Christus
330 1791 471 1853 lloelesiae
494 1809 556 1852 suae
579 1791 748 1871 Apostolos,
771 1793 992 1873 Eouupelt'stus,
1018 1792 1151 1854 Pastores

176 1880 348 1943 etDostores
358 1927 367 1956 ,
384 1888 418 1940 ut
431 1901 486 1940 noo
500 1880 744 1961 circutuferomur
756 1881 835 1941 oruat'
849 1889 931 1942 vento
942 1880 1084 1942 doctrinm
1094 1880 1151 1958 (td

176 1969 267 2050 pr.,
282 1988 310 2030 o.
326 1974 345 2030 l
359 2016 366 2044 ,
379 1989 406 2029 v.
426 1971 490 2048 ll),
506 1969 655 2051 numquid
671 1976 701 2032 et
714 1970 847 2034 adhunc
863 1970 957 2033 finem
966 1968 1048 2032 dedit
1060 1970 1151 2033 etlam

176 2058 498 2140 mmmmmffi?

217 2149 253 2209 Et
265 2149 336 2209 verb
351 2147 514 2224 Gallicani,
535 2165 570 2208 ex
585 2147 631 2209 his
644 2147 761 2210 verbis:
778 2149 909 2230 Repetam
927 2169 1023 2210 meum
1040 2161 1153 2212 nonest

176 2237 211 2299 de
225 2235 394 2298 boemundo
408 2238 449 2314 (S.
462 2239 564 2312 ioan,
581 2255 608 2299 e.
620 2241 657 2299 ts
668 2258 711 2313 ,v.
723 2237 935 2315 26),oonoludi
949 2237 1052 2300 volunt
1066 2257 1154 2321 supe·

176 2328 271 2389 riores
284 2327 499 2389 ecclesiasticos
517 2325 631 2387 nullam
654 2325 764 2388 habere
786 2333 964 2408 potestatem
987 2327 1017 2388 in
1032 2334 1154 2411 tempo·

176 2417 266 2492 ralia;
283 2423 313 2478 et
327 2435 381 2478 our
398 2434 457 2476 non
469 2415 558 2476 etiam
570 2414 678 2477 exinde
691 2415 879 2478 concludunt
893 2417 1082 2496 magistratus
1096 2436 1151 2480 sae-

177 2507 292 2569 culares
308 2505 379 2567 nihil
395 2503 582 2586 praetendere
596 2503 706 2566 debere
720 2504 752 2566 in
770 2505 952 2587 spiritualia,
969 2505 1082 2588 quaeda
1096 2507 1152 2570 hoo

177 2595 293 2657 mundo
323 2613 383 2656 non
410 2599 497 2669 sunt,
524 2611 581 2655 neo
603 2593 730 2674 proinde
755 2595 912 2677 temporali
939 2599 969 2657 et
991 2595 1152 2659 mundante

178 2684 314 2767 potestati
329 2683 416 2746 subdi
430 2680 547 2744 valent?

117 2777 121 2784 '
217 2773 276 2835 Sed
296 2772 377 2853 quod
401 2773 532 2832 maxime
557 2771 724 2852 lugendum
749 2779 812 2848 est,
834 2773 954 2854 ipsimet
973 2773 1073 2838 cleriei
1096 2775 1153 2838 ali-

178 2861 299 2942 quando
316 2879 376 2922 non
392 2861 574 2927 erubeseunt
596 2861 633 2922 ad
657 2862 816 2943 probrosas
836 2861 1006 2941 hujusmodi
1028 2864 1153 2948 appella·

177 2953 274 3014 tiones
289 2967 443 3012 recurrere
458 2955 493 3012 ut
505 2969 575 3012 suas
590 2953 695 3012 eontra
709 2951 851 3013 Praelatos
861 2951 1038 3015 rebelliones
1049 2961 1165 3017 lusan·

177 3047 237 3114 tur,
264 3058 326 3100 non
353 3046 489 3102 verentes
518 3039 561 3101 sio
593 3039 721 3120 pedibus
746 3039 924 3102 conculcare
952 3059 1014 3103 suae
1052 3044 1154 3106 arratris

177 3129 318 3192 Ecclesia
332 3129 413 3210 leges
427 3147 495 3210 quae
505 3128 574 3190 talia
587 3129 742 3210 prohibet,
758 3130 820 3192 imo
834 3129 897 3191 suis
911 3129 1153 3196 anathematibus

178 3218 427 3301 plectit¹.Diount
435 3219 478 3279 sio
487 3235 519 3280 se
529 3219 732 3299 agerevirtute
742 3219 913 3280 libertatum
921 3219 1154 3300 pullieunurum:

210 3393 218 3420 ⁸
242 3389 296 3439 Non
319 3387 373 3439 sine
397 3387 491 3453 ingenti
515 3387 607 3454 gaudio
640 3387 746 3453 legimus
770 3388 843 3439 hodie
866 3389 891 3440 in
915 3389 994 3441 diario
1019 3391 1152 3457 t'ttntoers,

178 3460 209 3512 29
224 3466 287 3526 sept.
304 3459 373 3519 1858,
389 3459 454 3524 qarbd
466 3497 472 3518 ‚
486 3459 544 3509 dum
563 3459 587 3510 in
600 3460 662 3510 urbe
680 3460 797 3524 Santiago
814 3461 894 3526 capite
914 3461 1022 3526 regionis
1038 3464 1154 3517 Ameriam

179 3531 240 3584 Cbili
258 3539 414 3597 nuncupatae,
429 3531 478 3582 duo
491 3533 607 3584 Canonisi
621 3533 651 3582 ad
664 3532 811 3597 gubernium
825 3533 991 3598 appellassent
1008 3535 1038 3586 de
1052 3543 1153 3586 senten-

180 3603 212 3652 tit
225 3611 310 3653 contra
323 3619 365 3654 eos
385 3604 415 3652 ab
431 3603 619 3670 brebiepisuopo
638 3603 747 3667 ejusdem
766 3601 871 3652 civitatis
891 3603 955 3662 latai,
970 3611 994 3655 et
1005 3607 1153 3671 gubernium

84 3671 85 3674 ’
182 3686 229 3723 uon
239 3675 320 3724 solirm
333 3675 481 3740 suscepisset
494 3691 578 3724 eorum
592 3671 797 3740 appellationem,
811 3673 993 3733 sadebusivam
1007 3678 1152 3730 declarasset
