<?xml version="1.0" encoding="UTF-8"?>
<!DOCTYPE html PUBLIC "-//W3C//DTD XHTML 1.0 Transitional//EN"
    "http://www.w3.org/TR/xhtml1/DTD/xhtml1-transitional.dtd">
<html xmlns="http://www.w3.org/1999/xhtml" xml:lang="en" lang="en">
 <head>
  <title>
</title>
<meta http-equiv="Content-Type" content="text/html;charset=utf-8" />
  <meta name='ocr-system' content='tesseract 3.04.00' />
  <meta name='ocr-capabilities' content='ocr_page ocr_carea ocr_par ocr_line ocrx_word'/>
</head>
<body>
  <div class='ocr_page' id='page_1' title='image "./manualetotiusju03craigoog_0160.png"; bbox 0 0 2588 3994; ppageno 0'>
   <div class='ocr_carea' id='block_1_1' title="bbox 478 188 1073 248">
    <p class='ocr_par' dir='ltr' id='par_1_1' title="bbox 478 188 1073 248">
     <span class='ocr_line' id='line_1_1' title="bbox 478 188 1073 248; baseline -0.007 0"><span class='ocrx_word' id='word_1_1' title='bbox 478 201 702 248; x_wconf 79' lang='lat' dir='ltr'><strong>monmounnn.</strong></span> <span class='ocrx_word' id='word_1_2' title='bbox 1018 188 1073 247; x_wconf 76' lang='lat'><strong>137</strong></span> 
     </span>
    </p>
   </div>
   <div class='ocr_carea' id='block_1_2' title="bbox 103 295 1101 1637">
    <p class='ocr_par' dir='ltr' id='par_1_2' title="bbox 138 295 1012 383">
     <span class='ocr_line' id='line_1_2' title="bbox 138 295 1012 383; baseline -0.007 -21"><span class='ocrx_word' id='word_1_3' title='bbox 138 325 152 362; x_wconf 73' lang='grc' dir='ltr'><strong>ο</strong></span> <span class='ocrx_word' id='word_1_4' title='bbox 175 304 290 366; x_wconf 94' lang='lat' dir='ltr'><strong>LXXX.</strong></span> <span class='ocrx_word' id='word_1_5' title='bbox 314 305 349 365; x_wconf 91' lang='lat' dir='ltr'><strong>In</strong></span> <span class='ocrx_word' id='word_1_6' title='bbox 364 308 426 364; x_wconf 91' lang='lat' dir='ltr'><strong>toto</strong></span> <span class='ocrx_word' id='word_1_7' title='bbox 439 307 555 383; x_wconf 84' lang='lat' dir='ltr'><strong>partem</strong></span> <span class='ocrx_word' id='word_1_8' title='bbox 570 317 632 362; x_wconf 92' lang='lat' dir='ltr'><strong>non</strong></span> <span class='ocrx_word' id='word_1_9' title='bbox 647 304 692 360; x_wconf 85' lang='lat' dir='ltr'><strong>est</strong></span> <span class='ocrx_word' id='word_1_10' title='bbox 709 295 835 360; x_wconf 84' lang='lat' dir='ltr'><strong>dubium</strong></span> <span class='ocrx_word' id='word_1_11' title='bbox 851 295 1012 360; x_wconf 79' lang='lat' dir='ltr'>contineri.</span> 
     </span>
    </p>

    <p class='ocr_par' dir='ltr' id='par_1_3' title="bbox 103 387 1075 564">
     <span class='ocr_line' id='line_1_3' title="bbox 139 387 1075 472; baseline -0.003 -20"><span class='ocrx_word' id='word_1_12' title='bbox 139 414 154 452; x_wconf 82' lang='lat' dir='ltr'><strong>n</strong></span> <span class='ocrx_word' id='word_1_13' title='bbox 177 394 306 456; x_wconf 93' lang='lat' dir='ltr'><strong>LXXXI.</strong></span> <span class='ocrx_word' id='word_1_14' title='bbox 328 395 363 454; x_wconf 94' lang='lat' dir='ltr'><strong>In</strong></span> <span class='ocrx_word' id='word_1_15' title='bbox 379 390 511 472; x_wconf 81' lang='lat' dir='ltr'><strong>generali</strong></span> <span class='ocrx_word' id='word_1_16' title='bbox 526 388 723 452; x_wconf 76' lang='lat' dir='ltr'><strong>concessione</strong></span> <span class='ocrx_word' id='word_1_17' title='bbox 741 404 804 448; x_wconf 94' lang='lat' dir='ltr'><strong>non</strong></span> <span class='ocrx_word' id='word_1_18' title='bbox 820 387 944 449; x_wconf 79' lang='lat' dir='ltr'><strong>ventunt</strong></span> <span class='ocrx_word' id='word_1_19' title='bbox 957 403 993 448; x_wconf 86' lang='lat' dir='ltr'><strong>ea</strong></span> <span class='ocrx_word' id='word_1_20' title='bbox 1007 405 1075 467; x_wconf 86' lang='lat' dir='ltr'><strong>quae</strong></span> 
     </span>
     <span class='ocr_line' id='line_1_4' title="bbox 103 477 974 564; baseline -0.003 -23"><span class='ocrx_word' id='word_1_21' title='bbox 103 506 117 541; x_wconf 79' lang='lat' dir='ltr'><strong>o</strong></span> <span class='ocrx_word' id='word_1_22' title='bbox 139 482 206 564; x_wconf 83' lang='lat' dir='ltr'><strong>quis</strong></span> <span class='ocrx_word' id='word_1_23' title='bbox 221 499 282 544; x_wconf 94' lang='lat' dir='ltr'><strong>non</strong></span> <span class='ocrx_word' id='word_1_24' title='bbox 297 487 375 545; x_wconf 89' lang='lat' dir='ltr'><strong>esset</strong></span> <span class='ocrx_word' id='word_1_25' title='bbox 387 478 590 543; x_wconf 76' lang='lat' dir='ltr'><strong>venisimiIIten</strong></span> <span class='ocrx_word' id='word_1_26' title='bbox 604 478 635 540; x_wconf 92' lang='lat' dir='ltr'><strong>in</strong></span> <span class='ocrx_word' id='word_1_27' title='bbox 651 477 751 560; x_wconf 80' lang='lat' dir='ltr'><strong>specio</strong></span> <span class='ocrx_word' id='word_1_28' title='bbox 764 493 974 540; x_wconf 60' lang='lat' dir='ltr'><strong>concessurum</strong></span> 
     </span>
    </p>

    <p class='ocr_par' dir='ltr' id='par_1_4' title="bbox 105 564 1075 724">
     <span class='ocr_line' id='line_1_5' title="bbox 140 564 1075 649; baseline 0.001 -20"><span class='ocrx_word' id='word_1_29' title='bbox 140 595 154 629; x_wconf 80' lang='lat' dir='ltr'><strong>n</strong></span> <span class='ocrx_word' id='word_1_30' title='bbox 178 573 318 634; x_wconf 80' lang='lat' dir='ltr'><strong>LXXXII.</strong></span> <span class='ocrx_word' id='word_1_31' title='bbox 343 571 398 644; x_wconf 86' lang='lat' dir='ltr'><strong>Qui</strong></span> <span class='ocrx_word' id='word_1_32' title='bbox 413 575 518 632; x_wconf 82' lang='lat' dir='ltr'><strong>oontra</strong></span> <span class='ocrx_word' id='word_1_33' title='bbox 528 569 579 648; x_wconf 85' lang='lat' dir='ltr'><strong>jus</strong></span> <span class='ocrx_word' id='word_1_34' title='bbox 592 571 754 644; x_wconf 81' lang='lat' dir='ltr'><strong>momatur,</strong></span> <span class='ocrx_word' id='word_1_35' title='bbox 765 564 879 629; x_wconf 84' lang='lat' dir='ltr'>bonam</span> <span class='ocrx_word' id='word_1_36' title='bbox 893 564 985 628; x_wconf 85' lang='lat' dir='ltr'><strong>fidem</strong></span> <span class='ocrx_word' id='word_1_37' title='bbox 996 584 1075 649; x_wconf 83' lang='lat' dir='ltr'><strong>prae·</strong></span> 
     </span>
     <span class='ocr_line' id='line_1_6' title="bbox 105 659 479 724; baseline -0.003 -5"><span class='ocrx_word' id='word_1_38' title='bbox 105 683 117 719; x_wconf 81' lang='lat' dir='ltr'><strong>o</strong></span> <span class='ocrx_word' id='word_1_39' title='bbox 139 660 267 722; x_wconf 76' lang='lat' dir='ltr'><strong>sumitur</strong></span> <span class='ocrx_word' id='word_1_40' title='bbox 279 678 343 724; x_wconf 88' lang='lat' dir='ltr'><strong>nou</strong></span> <span class='ocrx_word' id='word_1_41' title='bbox 356 659 479 722; x_wconf 84' lang='lat' dir='ltr'><strong>habere.</strong></span> 
     </span>
    </p>

    <p class='ocr_par' dir='ltr' id='par_1_5' title="bbox 103 743 1076 922">
     <span class='ocr_line' id='line_1_7' title="bbox 139 743 1076 828; baseline 0.002 -20"><span class='ocrx_word' id='word_1_42' title='bbox 139 771 154 808; x_wconf 81' lang='lat' dir='ltr'><strong>o</strong></span> <span class='ocrx_word' id='word_1_43' title='bbox 178 751 308 812; x_wconf 91' lang='lat' dir='ltr'><strong>XXXIII.</strong></span> <span class='ocrx_word' id='word_1_44' title='bbox 334 750 418 812; x_wconf 88' lang='lat' dir='ltr'><strong>Bona</strong></span> <span class='ocrx_word' id='word_1_45' title='bbox 450 746 526 810; x_wconf 82' lang='lat' dir='ltr'><strong>fidas</strong></span> <span class='ocrx_word' id='word_1_46' title='bbox 548 764 611 810; x_wconf 90' lang='lat' dir='ltr'><strong>non</strong></span> <span class='ocrx_word' id='word_1_47' title='bbox 636 745 747 828; x_wconf 84' lang='lat' dir='ltr'><strong>patitur</strong></span> <span class='ocrx_word' id='word_1_48' title='bbox 766 749 801 807; x_wconf 94' lang='lat' dir='ltr'><strong>ut</strong></span> <span class='ocrx_word' id='word_1_49' title='bbox 821 743 916 807; x_wconf 83' lang='lat' dir='ltr'><strong>semel</strong></span> <span class='ocrx_word' id='word_1_50' title='bbox 937 751 1076 810; x_wconf 81' lang='lat' dir='ltr'><strong>exactum</strong></span> 
     </span>
     <span class='ocr_line' id='line_1_8' title="bbox 103 838 405 922; baseline 0.003 -24"><span class='ocrx_word' id='word_1_51' title='bbox 103 861 117 898; x_wconf 79' lang='lat' dir='ltr'><strong>a</strong></span> <span class='ocrx_word' id='word_1_52' title='bbox 141 838 247 901; x_wconf 72' lang='lat' dir='ltr'><strong>Iterum</strong></span> <span class='ocrx_word' id='word_1_53' title='bbox 258 839 405 922; x_wconf 79' lang='lat' dir='ltr'><strong>exigatur.</strong></span> 
     </span>
    </p>

    <p class='ocr_par' dir='ltr' id='par_1_6' title="bbox 104 923 1074 1093">
     <span class='ocr_line' id='line_1_9' title="bbox 139 923 1074 1010; baseline 0.003 -23"><span class='ocrx_word' id='word_1_54' title='bbox 139 949 155 987; x_wconf 77' lang='lat' dir='ltr'><strong>n</strong></span> <span class='ocrx_word' id='word_1_55' title='bbox 177 928 332 992; x_wconf 89' lang='lat' dir='ltr'><strong>LXXXIV.</strong></span> <span class='ocrx_word' id='word_1_56' title='bbox 356 927 433 990; x_wconf 82' lang='lat' dir='ltr'><strong>Ciim</strong></span> <span class='ocrx_word' id='word_1_57' title='bbox 447 925 520 1010; x_wconf 86' lang='lat' dir='ltr'><strong>quid</strong></span> <span class='ocrx_word' id='word_1_58' title='bbox 541 927 603 989; x_wconf 81' lang='lat' dir='ltr'><strong>unt</strong></span> <span class='ocrx_word' id='word_1_59' title='bbox 618 924 665 987; x_wconf 78' lang='lat' dir='ltr'><strong>vit</strong></span> <span class='ocrx_word' id='word_1_60' title='bbox 679 925 856 1008; x_wconf 79' lang='lat' dir='ltr'><strong>prohibetur</strong></span> <span class='ocrx_word' id='word_1_61' title='bbox 869 923 977 1004; x_wconf 78' lang='lat' dir='ltr'><strong>alicui,</strong></span> <span class='ocrx_word' id='word_1_62' title='bbox 993 923 1074 990; x_wconf 88' lang='lat' dir='ltr'><strong>adid</strong></span> 
     </span>
     <span class='ocr_line' id='line_1_10' title="bbox 104 1015 532 1093; baseline 0 -17"><span class='ocrx_word' id='word_1_63' title='bbox 104 1038 118 1076; x_wconf 72' lang='lat' dir='ltr'><strong>n</strong></span> <span class='ocrx_word' id='word_1_64' title='bbox 139 1015 208 1093; x_wconf 84' lang='lat' dir='ltr'><strong>alit,</strong></span> <span class='ocrx_word' id='word_1_65' title='bbox 225 1035 288 1079; x_wconf 92' lang='lat' dir='ltr'><strong>non</strong></span> <span class='ocrx_word' id='word_1_66' title='bbox 301 1015 390 1080; x_wconf 86' lang='lat' dir='ltr'><strong>debet</strong></span> <span class='ocrx_word' id='word_1_67' title='bbox 404 1015 532 1079; x_wconf 78' lang='lat' dir='ltr'><strong>admitti.</strong></span> 
     </span>
    </p>

    <p class='ocr_par' dir='ltr' id='par_1_7' title="bbox 104 1105 1076 1277">
     <span class='ocr_line' id='line_1_11' title="bbox 139 1105 1076 1190; baseline 0.007 -27"><span class='ocrx_word' id='word_1_68' title='bbox 139 1128 155 1163; x_wconf 76' lang='lat' dir='ltr'><strong>o</strong></span> <span class='ocrx_word' id='word_1_69' title='bbox 179 1106 321 1168; x_wconf 89' lang='lat' dir='ltr'><strong>LXXXV.</strong></span> <span class='ocrx_word' id='word_1_70' title='bbox 345 1107 519 1170; x_wconf 82' lang='lat' dir='ltr'><strong>Contractus</strong></span> <span class='ocrx_word' id='word_1_71' title='bbox 542 1123 579 1168; x_wconf 83' lang='lat' dir='ltr'><strong>ax</strong></span> <span class='ocrx_word' id='word_1_72' title='bbox 597 1105 797 1170; x_wconf 79' lang='lat' dir='ltr'><strong>convontIone</strong></span> <span class='ocrx_word' id='word_1_73' title='bbox 817 1107 917 1190; x_wconf 78' lang='lat' dir='ltr'><strong>Iegem</strong></span> <span class='ocrx_word' id='word_1_74' title='bbox 937 1107 1076 1190; x_wconf 83' lang='lat' dir='ltr'><strong>aooipero</strong></span> 
     </span>
     <span class='ocr_line' id='line_1_12' title="bbox 104 1193 370 1277; baseline 0.023 -23"><span class='ocrx_word' id='word_1_75' title='bbox 104 1219 118 1254; x_wconf 76' lang='lat' dir='ltr'><strong>a</strong></span> <span class='ocrx_word' id='word_1_76' title='bbox 140 1193 370 1277; x_wconf 80' lang='lat' dir='ltr'><strong>dignoscuntur.</strong></span> 
     </span>
    </p>

    <p class='ocr_par' dir='ltr' id='par_1_8' title="bbox 104 1285 1075 1458">
     <span class='ocr_line' id='line_1_13' title="bbox 140 1285 1075 1369; baseline 0.009 -27"><span class='ocrx_word' id='word_1_77' title='bbox 140 1307 155 1342; x_wconf 78' lang='lat' dir='ltr'><strong>n</strong></span> <span class='ocrx_word' id='word_1_78' title='bbox 180 1286 336 1348; x_wconf 93' lang='lat' dir='ltr'><strong>LXXXVI.</strong></span> <span class='ocrx_word' id='word_1_79' title='bbox 358 1288 509 1348; x_wconf 81' lang='lat' dir='ltr'><strong>Damnum</strong></span> <span class='ocrx_word' id='word_1_80' title='bbox 528 1285 611 1368; x_wconf 87' lang='lat' dir='ltr'><strong>quod</strong></span> <span class='ocrx_word' id='word_1_81' title='bbox 631 1285 701 1368; x_wconf 88' lang='lat' dir='ltr'><strong>quis</strong></span> <span class='ocrx_word' id='word_1_82' title='bbox 723 1288 778 1349; x_wconf 81' lang='lat' dir='ltr'><strong>sut</strong></span> <span class='ocrx_word' id='word_1_83' title='bbox 795 1285 885 1369; x_wconf 78' lang='lat' dir='ltr'><strong>outpt</strong></span> <span class='ocrx_word' id='word_1_84' title='bbox 901 1287 1005 1364; x_wconf 84' lang='lat' dir='ltr'><strong>sentit,</strong></span> <span class='ocrx_word' id='word_1_85' title='bbox 1021 1287 1075 1350; x_wconf 92' lang='lat' dir='ltr'><strong>sibi</strong></span> 
     </span>
     <span class='ocr_line' id='line_1_14' title="bbox 104 1372 561 1458; baseline 0.011 -28"><span class='ocrx_word' id='word_1_86' title='bbox 104 1395 118 1430; x_wconf 71' lang='lat' dir='ltr'><strong>a</strong></span> <span class='ocrx_word' id='word_1_87' title='bbox 141 1372 230 1436; x_wconf 81' lang='lat' dir='ltr'><strong>debet</strong></span> <span class='ocrx_word' id='word_1_88' title='bbox 244 1392 307 1436; x_wconf 91' lang='lat' dir='ltr'><strong>non</strong></span> <span class='ocrx_word' id='word_1_89' title='bbox 321 1373 387 1439; x_wconf 90' lang='lat' dir='ltr'><strong>aliis</strong></span> <span class='ocrx_word' id='word_1_90' title='bbox 401 1375 561 1458; x_wconf 82' lang='lat' dir='ltr'><strong>imputare.</strong></span> 
     </span>
    </p>

    <p class='ocr_par' dir='ltr' id='par_1_9' title="bbox 141 1463 1074 1548">
     <span class='ocr_line' id='line_1_15' title="bbox 141 1463 1074 1548; baseline 0.006 -26"><span class='ocrx_word' id='word_1_91' title='bbox 141 1485 156 1522; x_wconf 85' lang='lat' dir='ltr'><strong>n</strong></span> <span class='ocrx_word' id='word_1_92' title='bbox 180 1463 349 1528; x_wconf 89' lang='lat' dir='ltr'><strong>LXXXVII.</strong></span> <span class='ocrx_word' id='word_1_93' title='bbox 371 1463 538 1527; x_wconf 84' lang='lat' dir='ltr'><strong>Infamibus</strong></span> <span class='ocrx_word' id='word_1_94' title='bbox 556 1469 650 1547; x_wconf 82' lang='lat' dir='ltr'><strong>pontae</strong></span> <span class='ocrx_word' id='word_1_95' title='bbox 667 1483 729 1528; x_wconf 93' lang='lat' dir='ltr'><strong>non</strong></span> <span class='ocrx_word' id='word_1_96' title='bbox 743 1471 865 1548; x_wconf 86' lang='lat' dir='ltr'><strong>pateant</strong></span> <span class='ocrx_word' id='word_1_97' title='bbox 877 1465 1074 1546; x_wconf 84' lang='lat' dir='ltr'><strong>Dignitatum.</strong></span> 
     </span>
    </p>

    <p class='ocr_par' dir='ltr' id='par_1_10' title="bbox 140 1550 1101 1637">
     <span class='ocr_line' id='line_1_16' title="bbox 140 1550 1101 1637; baseline 0.005 -25"><span class='ocrx_word' id='word_1_98' title='bbox 140 1573 156 1611; x_wconf 76' lang='lat' dir='ltr'><strong>o</strong></span> <span class='ocrx_word' id='word_1_99' title='bbox 179 1553 361 1616; x_wconf 90' lang='lat' dir='ltr'><strong>LXXXVIII.</strong></span> <span class='ocrx_word' id='word_1_100' title='bbox 386 1555 507 1616; x_wconf 79' lang='lat' dir='ltr'><strong>Certum</strong></span> <span class='ocrx_word' id='word_1_101' title='bbox 522 1559 581 1632; x_wconf 84' lang='lat' dir='ltr'><strong>est,</strong></span> <span class='ocrx_word' id='word_1_102' title='bbox 602 1550 715 1637; x_wconf 80' lang='lat' dir='ltr'><strong>quodis</strong></span> <span class='ocrx_word' id='word_1_103' title='bbox 728 1555 888 1618; x_wconf 82' lang='lat' dir='ltr'><strong>committit</strong></span> <span class='ocrx_word' id='word_1_104' title='bbox 911 1555 942 1617; x_wconf 91' lang='lat' dir='ltr'><strong>in</strong></span> <span class='ocrx_word' id='word_1_105' title='bbox 957 1553 1074 1636; x_wconf 81' lang='lat' dir='ltr'><strong>tegam,</strong></span> <span class='ocrx_word' id='word_1_106' title='bbox 1098 1551 1101 1556; x_wconf 80' lang='lat'>&#39;</span> 
     </span>
    </p>
   </div>
   <div class='ocr_carea' id='block_1_3' title="bbox 104 1641 1077 1792">
    <p class='ocr_par' dir='ltr' id='par_1_11' title="bbox 104 1641 1077 1792">
     <span class='ocr_line' id='line_1_17' title="bbox 104 1641 1077 1792; baseline 0.004 -92"><span class='ocrx_word' id='word_1_107' title='bbox 104 1663 118 1700; x_wconf 70' lang='lat' dir='ltr'><strong>a</strong></span> <span class='ocrx_word' id='word_1_108' title='bbox 140 1660 201 1792; x_wconf 49' lang='grc' dir='ltr'><strong>ἓιίἑ</strong></span> <span class='ocrx_word' id='word_1_109' title='bbox 209 1641 284 1722; x_wconf 78' lang='lat' dir='ltr'><strong>togis</strong></span> <span class='ocrx_word' id='word_1_110' title='bbox 297 1643 387 1706; x_wconf 80' lang='lat' dir='ltr'><strong>verba</strong></span> <span class='ocrx_word' id='word_1_111' title='bbox 405 1641 630 1726; x_wconf 83' lang='lat' dir='ltr'><strong>complectens,</strong></span> <span class='ocrx_word' id='word_1_112' title='bbox 647 1651 750 1708; x_wconf 81' lang='lat' dir='ltr'><strong>contra</strong></span> <span class='ocrx_word' id='word_1_113' title='bbox 765 1645 839 1727; x_wconf 81' lang='lat' dir='ltr'><strong>Iegis</strong></span> <span class='ocrx_word' id='word_1_114' title='bbox 857 1645 960 1708; x_wconf 79' lang='lat' dir='ltr'><strong>nititur</strong></span> <span class='ocrx_word' id='word_1_115' title='bbox 974 1645 1077 1707; x_wconf 88' lang='lat' dir='ltr'><strong>volun·</strong></span> 
     </span>
     <span class='ocr_line' id='line_1_18' title="bbox 104 1747 275 1792; baseline 0.006 -2"><span class='ocrx_word' id='word_1_116' title='bbox 104 1752 118 1790; x_wconf 74' lang='grc' dir='ltr'>ι</span> <span class='ocrx_word' id='word_1_117' title='bbox 201 1747 245 1792; x_wconf 86' lang='lat' dir='ltr'><strong>m.</strong></span> <span class='ocrx_word' id='word_1_118' title='bbox 262 1757 275 1790; x_wconf 83' lang='lat' dir='ltr'><strong>a.</strong></span> 
     </span>
    </p>
   </div>
   <div class='ocr_carea' id='block_1_4' title="bbox 0 0 1307 3994">
    <p class='ocr_par' dir='ltr' id='par_1_12' title="bbox 0 0 1307 3994">
     <span class='ocr_line' id='line_1_19' title="bbox 0 0 1307 3994; baseline 0 0"><span class='ocrx_word' id='word_1_119' title='bbox 0 0 1307 3994; x_wconf 95' lang='lat' dir='ltr'><strong> </strong></span> 
     </span>
    </p>
   </div>
  </div>
 </body>
</html>
