2578 4008
206 209 265 278 ‘dil
429 233 567 278 aluums
587 233 690 279 rarius
710 231 791 276 aunis
811 227 959 275 cluonrer.
1212 300 1215 308 Ι

204 331 432 410 suspensivum,
466 328 519 390 sed
546 327 748 390 devolutivum
770 325 861 387 hahet
884 321 1036 386 effectum.
1067 315 1170 384 Bencd
1188 403 1196 416 ..

28 389 29 396 Ν
80 479 81 486 t
147 441 150 448 ’
205 417 883 501 ,trunesynouuuuta‚cap.s‚n⁰m.

247 511 407 570 cat.-5⁰
423 515 445 569 A
462 506 616 570 sententiis
631 503 861 566 interlocutoriis
877 521 936 564 non
952 501 1175 584 licetappeliare
1209 573 1215 586 ,

205 603 274 658 ante
284 595 467 658 definitivam
482 595 674 668 sententiam,
690 593 746 655 nisi
762 591 933 672 hujusmodi
949 590 1105 654 sententiar
1120 591 1193 676 viru¹

202 683 361 748 delinitivae
376 685 520 756 habeant,
536 684 580 747 vel
598 684 652 745 nisi
667 702 824 764 pravemer
840 701 895 763 per
912 680 1097 762 definitivam
1120 699 1192 742 sen·-

206 775 327 835 tentr'am
343 774 475 854 reparari
490 773 536 836 rel
551 773 589 834 alt
602 771 667 853 ipst
680 770 832 833 definitiva
850 767 992 851 appellari
1012 787 1073 830 non
1088 768 1176 850 possit

203 861 461 939 (Conc.Trident.‚
471 881 528 925 ses.
541 865 589 938 13,
598 879 664 942 cap,
676 865 705 935 l,
716 859 751 922 de
765 859 845 940 resi.
857 857 1098 922 textasuemter
1108 858 1177 938 (Des

201 950 299 1031 peiora
318 950 430 1028 eccles,
446 970 476 1032 p.
492 953 580 1032 403),
599 947 760 1031 prohibitio
781 946 904 1010 Coracilii
923 947 1059 1010 Trident.
1079 946 1178 1010 locum

10 1031 25 1110 ἵ.
45 1099 81 1128 ..,
103 1099 141 1128 :·-
205 1057 267 1102 non
291 1040 379 1106 habet
399 1039 543 1106 incausis
556 1037 762 1106 ecclesiasticis
775 1039 859 1099 mere
873 1035 1017 1100 civilibus.

244 1133 390 1191 eta—er
400 1131 433 1190 ln
449 1127 546 1191 causis
560 1126 684 1190 notoriis
699 1145 760 1189 non
774 1125 862 1188 datur
876 1125 1046 1207 appellatio.
1059 1105 1101 1187 lta
1114 1125 1190 1211 nn„

206 1217 407 1280 communiter
422 1237 459 1279 ex
477 1235 544 1298 cap.
567 1217 639 1280 Com
653 1215 694 1277 rit
710 1219 740 1293 5,
756 1234 878 1297 excap.
896 1214 1034 1276 Pervenit
1049 1217 1085 1275 l3
1100 1221 1127 1276 et
1140 1233 1175 1276 ex

132 1329 134 1332 ·
164 1327 166 1330 ·
202 1323 268 1387 cap.
281 1305 445 1380 Consuluit,
457 1307 502 1368 tit.
514 1309 564 1379 28,
576 1306 625 1367 liv.
639 1309 670 1380 2,
686 1303 909 1367 Decretalium:
930 1326 945 1361 u
955 1305 1030 1365 Girm
1046 1303 1176 1385 appella·
1210 1309 1215 1314 '

52 1405 53 1408 ’
74 1389 82 1442 ἶ
203 1394 331 1457 u-tionis
345 1395 514 1457 remedium
527 1413 590 1456 non
606 1394 645 1456 sit
658 1391 695 1455 ad
705 1392 913 1455 defensionem
928 1391 1109 1474 iniquitatis,
1125 1391 1176 1454 sed

201 1504 217 1542 a
241 1483 277 1546 ad
286 1481 1119 1565 praesidiuminnocentiaeinstitutumtcap.Conspeciuli
1126 1485 1176 1560 el,

201 1591 216 1629 n
241 1571 276 1632 de
288 1572 424 1653 appetit,
437 1594 453 1631 »
471 1572 624 1652 Excipitur
636 1589 722 1633 casus
737 1570 766 1632 in
782 1588 844 1652 quo
858 1569 1000 1632 delictum
1026 1569 1178 1633 noterium

201 1659 302 1740 aliquo
322 1660 413 1722 modo
433 1659 554 1722 delendi
573 1667 690 1741 posset,
712 1665 747 1722 ut
766 1659 790 1720 si
813 1659 881 1741 quis
899 1657 1056 1740 occidisset
1075 1658 1106 1720 in
1124 1677 1179 1740 pu·

201 1745 294 1822 blico,
311 1748 364 1810 aed
379 1749 520 1830 allegaret
532 1747 677 1811 occidisse
691 1748 728 1811 ad
743 1752 789 1811 sul
803 1747 1022 1810 defensionem.
1159 1819 1161 1824 ,

240 1839 311 1899 653.
320 1842 392 1899 —70
401 1839 431 1900 Si
444 1855 534 1900 causa
545 1835 648 1900 luisset
658 1837 758 1899 decisa
770 1855 828 1918 opc
833 1837 1009 1916 juramenti,
1018 1835 1064 1898 vel
1078 1834 1177 1900 decisa

201 1923 304 1988 fuisset
324 1943 382 2008 opc
401 1926 566 2006 juramenti
589 1925 784 2009 suppleturi,
807 1943 860 1988 seu
883 1926 936 1988 uni
957 1924 1136 2006 litigantium
1158 1943 1177 1989 a

199 2013 299 2092 judice
313 2015 344 2076 in
359 2015 604 2098 supplementum
615 2015 828 2096 probationum
843 2014 949 2090 delati,
965 2023 995 2078 et
1009 2021 1081 2077 tune
1093 2015 1179 2079 locus

200 2121 265 2164 esse
279 2109 381 2185 posset
397 2103 606 2186 appellationi;
629 2105 675 2166 vel
699 2103 802 2166 luisset
820 2103 920 2165 decisa
941 2122 1000 2186 ope
1011 2104 1177 2182 juramenti

199 2189 345 2264 deriserit,
362 2192 391 2255 id
406 2202 450 2256 est
466 2193 548 2275 quod
563 2212 623 2256 una
638 2213 707 2275 pars
721 2193 805 2256 alteri
819 2192 930 2264 defert,
947 2200 977 2254 et
990 2199 1062 2256 tunc
1075 2195 1179 2275 appel—

199 2278 252 2342 lari
269 2281 417 2364 nequiret.
434 2283 470 2344 V.
484 2283 590 2358 Bouix,
606 2283 650 2344 De
663 2281 749 2360 lud„
764 2289 786 2344 t.
802 2285 832 2354 2,
849 2301 879 2363 p.
896 2285 966 2344 266.

238 2376 307 2434 654.
334 2407 374 2418 -
389 2375 421 2434 8⁰
448 2371 566 2434 Vicario
590 2371 741 2452 generali,
768 2371 903 2445 notario,
930 2370 1036 2432 nuntio
1065 2372 1177 2448 cunae,

198 2461 298 2524 aliisve
313 2459 502 2536 officialibus
518 2460 558 2522 ob
574 2461 653 2522 male
671 2466 790 2542 gestum
809 2459 969 2522 officiuma
984 2460 1086 2540 J'udiee
1100 2480 1179 2524 con·

198 2549 361 2627 demnatis‚
378 2568 440 2613 non
450 2548 627 2612 conceditur
641 2549 801 2632 appellatio
814 2549 853 2611 ad
866 2549 1006 2612 effectum
1020 2551 1179 2632 suspensi-

197 2659 279 2701 vum.
292 2641 327 2702 V.
346 2639 454 2716 Bouix‚
470 2638 515 2701 De
528 2637 612 2712 lud„
627 2645 649 2701 t.
666 2643 696 2710 2.
712 2658 743 2721 p.
759 2643 829 2702 rte.

237 2731 308 2791 655.
319 2764 359 2774 -
369 2733 401 2793 9⁰
419 2727 629 2792 «Generaliter
639 2729 670 2790 in
688 2729 831 2792 omnibus
845 2729 881 2792 iis
893 2749 961 2812 quac
971 2729 1123 2812 pertinent
1136 2731 1178 2795 ad

196 2837 211 2874 a
236 2835 341 2879 curam
352 2817 525 2880 animarum
539 2824 568 2880 et
582 2824 694 2880 rectam
712 2826 969 2882 sacramentomm
987 2817 1178 2884 administra·

195 2925 211 2964 a
235 2904 371 2980 tionem,
395 2906 539 2970 adversita
560 2907 771 2984 visitationem,
793 2909 1032 2986 correctionem,
1060 2911 1179 2974 coerci-

195 3015 210 3054 υ
234 2993 369 3074 tionem,
385 3002 414 3060 et
430 3015 641 3078 quascumque
654 2997 727 3059 alias
741 2998 926 3078 provisiones
939 2997 1078 3080 Episcopi
1094 2999 1181 3064 Dioe-

194 3105 210 3141 n
233 3083 347 3163 casani,
360 3084 451 3149 etiam
466 3085 564 3167 quoad
580 3093 753 3169 exemptos,
764 3087 826 3148 sive
839 3087 996 3150 saeculares
1009 3087 1070 3150 sive
1084 3105 1179 3171 regu·

195 3195 209 3233 u
233 3171 322 3250 lares,
337 3195 353 3234 a
370 3174 530 3257 appellatio
545 3193 605 3237 non
624 3175 713 3239 habet
732 3174 872 3238 ellectum
893 3177 1114 3259 suspensivum.
1134 3180 1176 3242 V.

197 3261 313 3325 Bullarn
331 3261 380 3326 Ad
396 3263 557 3326 militantia
575 3265 729 3336 Ecclesia,
749 3265 861 3328 llened.
884 3267 960 3342 XIV,
980 3265 1030 3346 §a
1050 3265 1092 3342 (in
1113 3264 1181 3332 hnc

83 3421 95 3428 Ἴ,
196 3351 280 3413 Bulla
296 3353 435 3418 accurate
453 3361 671 3417 enumerantur
687 3353 760 3416 rarii
783 3373 870 3418 casus
891 3353 921 3418 in
940 3355 1052 3438 quibus
1064 3355 1179 3438 appel-

195 3439 262 3503 latio
276 3459 338 3504 non
352 3441 511 3526 suspendit
525 3441 665 3507 mandata
675 3443 721 3506 vel
732 3443 845 3524 judicia
860 3445 1101 3527 Episcopomm.)

232 3533 301 3592 656.
321 3565 362 3578 -
383 3536 415 3594 p
434 3534 459 3592 A
482 3533 629 3596 sententia
651 3532 741 3596 etiarn
761 3531 913 3596 delinitim
934 3540 1040 3598 contra
1078 3550 1178 3600 reum

50 3631 51 3634 ¹
68 3631 72 3650 ¹*
192 3625 403 3684 contumacem
416 3621 531 3703 prolata
544 3622 702 3706 appellatio
717 3640 778 3684 non
792 3628 838 3684 est
850 3623 1021 3705 recipienda
1035 3623 1178 3702 (Decret.
