2588 3994
466 273 700 341 Paniscorum-‚-
1033 261 1071 320 89

83 403 98 442 n
122 381 163 444 da
190 381 360 465 privilegiis
383 381 633 447 remuneratoriis
655 381 695 446 ob
715 379 883 463 justitiam,
908 384 943 444 ut
965 377 1071 443 dicunt

87 491 103 528 n
125 476 336 536 cominuniter
351 474 416 534 Du.

123 565 222 624 l'ltl.n
237 562 399 624 ltevoratio
411 561 637 645 privilegiorum
651 563 762 626 aliaest
774 581 920 646 expressa,
933 561 990 624 alia
1000 562 1069 624 verb

85 672 100 708 o
126 651 230 712 tacita.
253 650 360 723 Quoad
388 671 556 733 expressam
575 652 753 734 regulariter
773 649 939 734 loquendo,
962 649 1069 712 sufficit

87 763 101 796 s
125 739 263 802 clausula
289 741 442 821 generalis
459 761 517 802 non
542 741 723 804 obstantibus
738 739 926 826 priuitepiis,
944 751 1016 806 etc..
1037 745 1070 800 ut

88 852 102 884 r
127 836 309 892 reuocentur
323 830 427 892 omnia
440 830 595 913 privilegia
613 831 644 892 in
658 831 853 894 eontrarium.
876 828 1069 909 Excipientur

88 937 102 974 o
126 924 258 980 tamen:
277 922 309 980 l⁰
329 919 485 1000 privilegia
507 937 652 983 concessa
672 939 726 1002 per
739 920 864 983 modum
886 922 1067 994 contractus,

89 1028 103 1062 s
127 1006 189 1070 sire
202 1025 334 1069 onerosa
348 1009 409 1070 sint
427 1009 489 1071 sive
505 1010 726 1072 remunerativo
742 1010 782 1072 oh
793 1009 939 1090 iustitiam
954 1008 997 1086 (ut
1017 1024 1068 1067 su-

90 1116 105 1152 s
128 1095 313 1176 pradictum
328 1099 394 1176 est),
414 1098 447 1159 iu
465 1097 577 1180 quibus
591 1099 705 1162 inentia
720 1099 857 1181 specialis
875 1097 927 1160 fiat
945 1095 1067 1158 merito·

90 1205 104 1240 r
128 1203 197 1246 runi
213 1185 246 1246 in
263 1187 453 1268 particulari;
469 1192 501 1250 2⁰
522 1188 675 1269 privilegia
688 1207 757 1270 qua
773 1187 938 1250 clausulam
958 1186 1069 1247 habent

89 1295 103 1330 o
126 1273 210 1354 qrrod
227 1292 289 1336 non
300 1276 506 1358 intelligantur
517 1277 673 1359 derogata,
686 1279 743 1340 nisi
756 1278 870 1338 mentio
883 1274 1068 1357 particularis

88 1384 103 1418 n
129 1362 201 1438 flat;
226 1367 259 1426 3⁰
282 1365 437 1446 privilegia
461 1367 677 1448 Regularium‚
701 1385 771 1449 quae
796 1366 885 1428 etiam
908 1363 1068 1445 specialem

90 1473 104 1507 o
128 1455 319 1528 mentionem
342 1457 518 1537 requirunt,
540 1457 611 1538 quia
634 1463 705 1519 sunt
728 1455 950 1520 remunerativo
971 1461 1001 1515 et
1021 1453 1068 1513 ui-

90 1563 104 1597 n
127 1539 240 1605 dentur
254 1543 420 1606 clausulam
441 1543 551 1608 habere
571 1545 791 1627 derogatoriam
816 1543 923 1608 suturae
947 1561 1067 1606 reuoca-

89 1648 104 1688 n
128 1629 222 1694 tionis
238 1633 295 1694 nisi
314 1651 422 1696 eorum
446 1635 561 1698 mentio
575 1635 712 1717 specialis
725 1633 791 1711 liat,
806 1641 839 1698 ut
862 1633 990 1696 affirmat
1009 1635 1066 1695 Ro-

89 1741 103 1776 n
129 1717 191 1796 dc,
207 1729 294 1785 etc...
305 1726 338 1784 4⁰
348 1723 623 1805 privilegiainserta
633 1725 663 1785 ln
676 1725 804 1806 Corpore
810 1723 906 1806 juris.
917 1723 1067 1804 quiatuna

89 1829 104 1865 n
127 1817 201 1872 sunt
223 1829 302 1874 rerae
320 1812 422 1894 leges,
447 1819 476 1875 et
495 1820 528 1875 ut
551 1821 729 1876 revocentur
748 1814 913 1896 requiritur
935 1813 1067 1876 clausula

88 1919 104 1954 n
127 1901 269 1980 specialis
278 1919 335 1962 aon
348 1900 529 1963 obstantibus
543 1902 574 1963 in
587 1903 779 1977 contrariam,
792 1911 849 1966 etc.
858 1950 876 1965 ..

131 2009 148 2047 o
173 1994 290 2053 Omnes
303 1992 373 2053 verb
392 1989 523 2074 praelatae
537 1991 730 2054 limitationes
744 1991 953 2074 intelliguntur
966 1992 1066 2055 locum

89 2107 104 2144 ι
127 2081 243 2146 hahere
262 2081 286 2142 si
302 2099 364 2143 non
378 2088 495 2143 constet
508 2079 546 2143 de
566 2082 715 2144 contraria
736 2090 837 2144 mente
855 2082 1065 2162 derogantis...

88 2196 103 2233 n
127 2170 217 2238 Unde
231 2171 256 2232 si
272 2171 303 2231 in
318 2169 384 2252 lege
397 2171 580 2234 revocatoria
593 2171 670 2232 adsit
682 2171 818 2232 clausula
831 2190 867 2233 ex
882 2171 962 2234 certat
978 2171 1068 2232 soien-

91 2286 105 2323 n
131 2263 174 2324 rio
189 2268 241 2324 aut
250 2278 286 2322 ex
301 2260 510 2344 motuproprr'a
523 2267 574 2323 aut
586 2259 779 2342 depotestatt's
789 2259 985 2342 plenitudine,
995 2267 1068 2323 tunc

91 2377 105 2412 n
132 2357 292 2415 revocatur
306 2367 399 2412 ornue
413 2349 601 2432 privilegium
617 2357 899 2432 quantumcumque
918 2347 1067 2429 qualifica-

90 2465 104 2502 n
128 2449 195 2506 tum
205 2440 339 2521 exceptis
352 2440 500 2516 onerosis,
509 2437 847 2521 autquandorevocatio
861 2435 1080 2520 praejudicaret

91 2553 106 2590 o
126 2532 187 2611 juri
203 2531 220 2592 ii
234 2529 323 2592 tertio
337 2529 495 2611 acquisito.

131 2625 202 2684 trs.
224 2641 240 2678 n
266 2617 353 2691 Quod
371 2619 476 2681 attinet
495 2617 532 2681 ad
550 2618 772 2681 revocationem
792 2615 936 2688 tacitam:
952 2616 1068 2701 privile

90 2733 106 2768 s
129 2711 180 2792 gia
194 2716 266 2771 ante
278 2725 421 2771 concessa
438 2707 647 2789 intelliguntur
663 2715 799 2771 reuocata
812 2725 866 2787 per
892 2725 1067 2789 quamcum-

92 2821 106 2860 ι
130 2817 193 2882 que
212 2797 312 2878 legem
332 2797 532 2860 universalem
556 2797 588 2858 in
608 2799 811 2872 contrarium,
828 2797 917 2860 etiam
939 2797 1009 2860 siin
1032 2803 1067 2861 ert
1091 2872 1096 2880 ¹

88 2906 192 2951 onon
221 2887 300 2948 adsit
322 2886 456 2949 clausula
479 2887 681 2964 remeaturis,
710 2887 833 2968 quando
860 2905 924 2970 ipsa
952 2885 997 2948 lex
1021 2886 1066 2950 vel

88 3001 103 3036 n
130 2995 246 3042 nonum
271 2975 463 3059 privilegium
482 2975 549 3038 aliis
571 2993 751 3038 concessum
775 2994 837 3038 non
860 2983 960 3059 posset
981 2977 1069 3041 eflec-

88 3091 104 3131 n
129 3076 196 3131 turn
220 3066 374 3128 intentum
398 3065 518 3144 sortiri,
540 3064 597 3127 nisi
625 3065 769 3128 revocatis
796 3065 958 3147 privilegiis
980 3076 1068 3131 antea

90 3181 105 3216 o
128 3155 295 3220 concessis.
319 3156 386 3216 Non
410 3155 603 3236 praesumitur
621 3155 705 3217 enim
727 3155 878 3236 legislator
899 3154 973 3218 reite
993 3175 1066 3219 con-

91 3269 105 3304 o
128 3246 203 3309 alere
222 3245 323 3326 legem
340 3244 479 3308 inutilem
496 3251 549 3307 aut
569 3244 736 3307 concedere
758 3244 945 3326 privilegium
966 3246 1068 3310 eluso-

92 3357 106 3394 o
128 3337 228 3410 rium,
241 3335 302 3396 sive
312 3334 544 3414 gene1¹ale‚sire
554 3334 731 3416 particulare
741 3333 813 3396 illud
824 3335 861 3395 sit
890 3335 1066 3400 Hoetarnen

94 3447 108 3484 n
129 3422 365 3504 intelligendum
375 3430 431 3499 est,
442 3421 564 3504 quando
578 3423 730 3506 privilegia
744 3425 828 3505 prius
841 3441 983 3486 concessu
999 3433 1068 3487 nota

93 3537 107 3573 n
129 3521 201 3578 sunt
223 3511 352 3596 principi
377 3512 634 3594 quemadmodum
656 3513 846 3594 praesumitur
870 3512 908 3573 de
926 3513 1068 3576 omnibus

94 3627 107 3663 n
130 3603 297 3686 privilegiis
313 3602 432 3663 insertis
446 3603 476 3663 in
498 3602 625 3684 Corpore
637 3601 733 3682 juris.
750 3602 865 3674 Quone
883 3609 987 3661 contra
1006 3619 1067 3662 non

94 3717 108 3752 n
131 3691 328 3778 presumitis
340 3689 454 3756 dealiis
466 3707 535 3775 qua
549 3685 1067 3774 existunteetrajns;undetrorum
