2496 3992
437 235 658 292 cummim
966 217 1024 281 667

66 363 125 416 totle
136 360 268 426 intringere
282 356 321 410 vel
343 355 366 410 ei
387 371 449 408 ausu
469 354 598 407 temerario
618 351 750 404 contraire.
765 351 792 403 Si
803 349 860 418 grus
876 355 959 402 antem
981 347 1030 402 laos

67 439 188 486 attentare
200 433 389 496 praesumpserit,
403 425 598 492 indignationem
613 424 794 488 omnipotentis
806 423 847 475 llei
861 431 884 473 ct
898 423 1029 474 Baulorum

68 504 134 557 Petri
149 511 173 556 et
183 501 253 554 Pauli
265 501 437 566 Apostolorum
451 499 514 564 ejus,
528 511 555 550 ee
566 496 662 548 noverit
673 495 839 546 incursurum.

100 578 187 628 lletusn
201 573 284 626 ilorne
296 573 361 636 apud
374 571 399 624 S.
417 569 527 630 Petrum,
541 583 607 618 anno
619 567 795 618 incarnationis
814 567 948 618 llominiras
961 565 1022 616 aaut

74 647 98 703 a
109 647 167 700 idus
178 643 297 705 octobris,
315 643 476 697 Pontilioetus
488 639 569 692 Nostri
581 653 647 690 enno
658 637 736 700 xilv,

407 780 503 833 urnas
515 777 586 832 Garsi.
601 777 704 837 litant,
721 774 910 828 Pro-Deterior.

148 888 214 945 laco
227 888 360 956 tl’lumlsi.
456 887 485 938 Ν.
498 885 569 938 carel.
585 886 750 936 pransurum
764 883 896 936 cernerer.

416 993 472 1052 tiso
486 995 516 1046 ee
527 993 612 1048 carna.
626 991 769 1044 flamininus
780 989 850 1044 amu
862 987 981 1057 Cognoui.

410 1117 612 1174 aPPEme
645 1119 699 1174 lll.

114 1213 302 1271 Cousrsrurro
321 1229 483 1270 uoenarres
498 1229 586 1271 antus
601 1215 645 1271 tlt:
663 1215 828 1272 EGELESH
843 1213 995 1280 auulsas,

270 1315 329 1357 Edita
344 1315 363 1356 in
373 1327 424 1358 sesa.
435 1319 507 1368 quarta
518 1313 557 1358 SS.
569 1326 646 1358 oecum.
663 1315 748 1358 Concilii
766 1315 866 1358 Vaticani.
888 1349 902 1377 0

153 1385 206 1428 Pius
218 1395 332 1430 errseorus
347 1395 432 1429 suavus
446 1393 560 1430 seavomne
572 1385 620 1432 oar.
633 1395 699 1428 arceo
709 1394 850 1430 irenaeusne
859 1385 966 1436 coneum,

382 1451 410 1482 se
425 1448 550 1482 reinerum
565 1448 602 1482 ner
611 1449 732 1484 arnonus.

111 1531 198 1579 Pastor
206 1533 314 1579 aeternus
322 1533 346 1578 et
362 1529 491 1592 episeopus
511 1527 649 1578 animarum
666 1533 813 1590 nostrarum,
833 1531 861 1578 ut
878 1528 1033 1578 salutiferum

79 1593 258 1655 redemptionis
268 1605 390 1655 suaeopue
406 1606 514 1654 perenne
526 1592 651 1652 redderet,
669 1597 779 1640 sanctem
809 1591 931 1642 aedilieare
950 1592 1033 1641 Eccle-

79 1657 140 1705 siarn
150 1655 268 1714 decrevit,
283 1655 310 1703 ln
321 1669 370 1718 oue
385 1656 461 1704 veluti
475 1654 501 1702 in
511 1655 583 1704 domo
599 1656 640 1704 llei
650 1655 755 1704 viventis
768 1655 854 1704 lldelee
864 1669 949 1704 amares
962 1655 1034 1703 unius

79 1719 138 1767 ildei
152 1724 176 1767 et
192 1719 317 1766 charitatis
330 1717 430 1766 nnerrlo
447 1718 638 1767 continerentur.
655 1719 815 1781 Quapropter,
832 1721 975 1780 priusquam
985 1719 1034 1768 ela·

79 1781 228 1840 mitteretur,
238 1781 333 1844 rogavit
344 1782 441 1830 Patrem
457 1795 559 1842 nunpro
574 1781 696 1843 apostolis
711 1787 813 1840 tanturn,
836 1783 879 1830 sed
894 1786 919 1829 et
933 1795 976 1844 pro
998 1780 1034 1828 cis

80 1845 122 1906 qui
131 1844 248 1892 credituri
260 1848 330 1892 erant
340 1845 490 1906 perverbum
499 1858 586 1892 eorum
597 1846 622 1892 in
631 1845 719 1907 ipsum,
730 1854 756 1892 ut
765 1857 930 1893 omnesunnm
941 1849 1033 1902 essent,

81 1907 146 1956 sicut
163 1907 215 1966 ipsa
227 1907 301 1955 Filius
313 1912 338 1954 el
353 1908 424 1956 Pater
438 1921 515 1955 arnum
530 1915 588 1956 sunt
604 1910 625 1956 ¹.
640 1908 850 1965 Quemadmodum
873 1907 948 1969 igitur
962 1912 1034 1968 lpos·

81 1971 149 2026 tolos,
159 1983 219 2030 quos
228 1969 274 2017 silri
282 1972 312 2018 ale
320 1971 411 2017 mundo
422 1971 540 2031 elegerat,
554 1969 628 2028 misit,
638 1972 701 2019 sieut
711 1971 762 2032 ipse
772 1971 940 2018 missuserata
949 1971 1034 2018 Patre:

79 2033 114 2080 ita
126 2033 150 2080 in
167 2033 277 2080 Ecclesia
293 2046 339 2080 sua
354 2035 464 2080 Pastorcs
480 2037 503 2078 ct
520 2033 635 2080 [lectores
650 2035 771 2094 usquead
797 2034 1034 2081 consummationem

81 2094 166 2144 smnuli
177 2109 231 2142 esse
244 2094 329 2142 volarit.
346 2094 374 2140 tlt
388 2107 446 2141 reru
457 2094 616 2153 Episcopatus
626 2095 678 2156 ipse
693 2110 757 2142 unus
767 2094 913 2142 etioalivisus
928 2099 1000 2146 esset.
1013 2101 1036 2142 ct

80 2159 283 2220 percoluerentes
291 2155 337 2203 sibi
347 2154 451 2204 inuicem
462 2157 604 2204 secerdotes
614 2159 767 2205 credentium
777 2157 907 2205 multitudo
916 2158 1035 2214 universa,

80 2221 106 2268 in
116 2219 172 2267 fidei
185 2225 209 2267 ct
222 2217 401 2266 communionis
410 2219 505 2266 unitate
514 2223 708 2267 conservaretur.
721 2220 822 2267 Beatum
834 2220 930 2268 l'ctrurn
940 2219 1036 2268 anseris

80 2283 203 2344 Apostolie
219 2293 371 2344 praeponens,
382 2279 409 2328 in
424 2280 477 2342 ipsu
492 2279 601 2329 instituit
617 2289 761 2343 perpetuum
783 2281 909 2342 utriusque
937 2281 1036 2332 unitatis

82 2345 233 2408 principium
249 2358 278 2391 ae
292 2343 390 2391 visibile
401 2343 597 2401 tundamentum,
615 2357 690 2406 super
699 2342 771 2404 errius
783 2344 951 2392 tortitudinem
964 2351 1035 2394 nter-

81 2422 141 2456 num
156 2413 322 2455 exstrueretur
332 2405 459 2467 tempium.
469 2410 494 2454 et
510 2407 624 2455 Ecclesiae
640 2408 702 2454 coelo
723 2406 851 2455 inlcrcnda
862 2407 999 2456 sublimitus
1011 2422 1036 2455 ru

82 2469 155 2530 hujus
171 2469 228 2517 fidei
242 2469 357 2516 llrmitate
369 2473 529 2530 consurgeret
540 2471 560 2517 ¹.
576 2469 604 2518 Et
615 2469 732 2531 qnoniam
746 2475 822 2522 nortae
839 2470 910 2518 interi
928 2471 957 2518 ad
970 2483 1037 2519 ever·

81 2533 187 2590 teuelam‚
198 2532 218 2580 si
236 2531 287 2580 lleri
304 2534 394 2591 posset,
411 2533 545 2581 Ecclesiam
558 2537 641 2580 contra
654 2533 708 2594 ejus
723 2533 908 2581 tundamentum
919 2532 1037 2581 divinitus

81 2595 189 2660 positum
205 2595 289 2656 majori
305 2594 330 2641 iu
343 2593 461 2642 dieeodio
479 2595 590 2655 uncique
604 2595 753 2658 insurgunt;
772 2595 820 2644 llos
838 2595 919 2656 itaque
942 2597 973 2643 ad
998 2610 1037 2644 ca·

80 2655 1037 2721 tlrollcigregiscustodiam,incolumitatem,augmentaturumapprobante

82 2721 199 2781 Concilio,
210 2719 375 2768 necessarium
386 2733 441 2768 esee
453 2719 603 2780 judicamus.
616 2721 752 2770 doctrinam
760 2723 791 2768 do
806 2720 968 2782 institutione,
984 2737 1037 2784 per·

84 2783 209 2840 petuitatc,
225 2796 254 2831 ao
270 2789 354 2830 natura
363 2782 427 2829 sacri
442 2783 573 2845 apostolici
591 2783 718 2845 primatus.
734 2783 758 2832 in
775 2798 822 2844 qrso
837 2784 910 2834 totius
923 2785 1038 2834 Ecclesiae

82 2845 125 2893 vis
139 2859 169 2893 ac
183 2845 295 2894 soliditas
312 2844 430 2902 consistit,
445 2846 539 2894 cunetis
555 2845 671 2894 lislelrbus
693 2847 842 2894 credendam
854 2853 878 2896 et
894 2848 1036 2906 tenendam,

85 2909 221 2956 secundum
236 2907 362 2968 antiquam
378 2913 451 2970 atque
470 2913 622 2956 constantem
646 2909 793 2958 universalis
807 2911 925 2960 Ecclesiae
955 2909 1038 2968 fidem,

85 2985 229 3033 proponere.
240 2977 313 3032 etque
323 2972 470 3029 contrarios,
485 2971 607 3020 dominico
621 2973 690 3036 gregi
705 2973 767 3021 adeo
777 2973 927 3035 perniciosos
941 2987 1039 3023 errores

89 3034 239 3100 proscribere
251 3039 275 3084 et
284 3039 458 3083 condemnare.

482 3179 603 3226 ceput*
631 3181 652 3225 1.

104 3283 143 3329 DE
163 3283 333 3329 apostotici
358 3283 503 3329 autentus
519 3283 549 3328 IN
571 3283 669 3329 BEATO
684 3285 781 3331 Pereo
802 3285 1017 3336 institutione.

117 3383 239 3431 [locemus
250 3383 330 3445 itaquae
340 3384 365 3432 et
380 3383 547 3440 declaramus.
560 3381 633 3445 juxta
645 3384 771 3450 Evangelii
795 3386 931 3436 testimonie
965 3389 1041 3440 rima-

84 3448 137 3496 tum
149 3444 328 3507 jurisdictionis
342 3445 368 3493 in
382 3448 524 3494 universam
539 3446 580 3494 liei
599 3448 734 3503 Ecclesiam
752 3447 894 3500 immediate
907 3455 933 3502 et
946 3404 1041 3504 sirecte

112 3579 132 3620 i.
149 3577 182 3621 Cl.
195 3579 255 3622 toan.
267 3587 321 3622 tt'tt.
336 3579 355 3621 t.
368 3578 393 3620 20
405 3591 435 3634 tq.

112 3631 133 3676 Ι.
142 3631 164 3676 S.
177 3631 216 3674 Leo
226 3633 254 3676 lt,
266 3644 330 3676 serra.
345 3632 380 3676 ltl.
392 3631 426 3688 tel.
436 3632 486 3686 tlt.)
498 3643 543 3688 cap.
555 3631 575 3678 i.
588 3633 610 3678 ln
620 3631 675 3680 olem
687 3635 766 3682 listells
777 3635 820 3686 aot.
