2586 3988
505 243 727 290 massonam.
1063 229 1101 288 29

122 345 206 410 talem
220 347 503 432 promulgationem
518 333 621 408 notitia
631 345 705 426 legis
717 344 805 408 tacite
816 343 854 407 ad
863 361 988 406 omnem
1001 343 1102 406 ltccle·

121 437 192 498 siam
203 437 366 520 pervenire
377 435 483 500 valeat.
497 435 585 516 Atqui
601 435 696 497 resita
710 451 743 496 se
757 433 862 496 habet:
879 436 1009 496 «Romae
1018 433 1099 494 enim

119 547 133 583 a
155 527 346 588 conveniunt
359 543 470 588 omnes
483 523 545 588 lere
560 523 712 600 nationes,
724 523 765 584 ait
779 525 810 586 S.
828 523 892 604 Lig.
908 521 1100 601 (ialal-Et

119 637 135 672 a
156 633 264 678 omnes
275 615 397 678 Praelati
409 614 520 676 habent
532 613 573 674 ibi
585 631 656 674 suos
664 618 874 694 procuratores
883 613 934 694 qui
949 611 1100 674 ordinaria

118 725 133 763 a
156 711 298 784 satagunt
312 723 388 768 suos
408 702 589 785 principales
602 701 640 764 de
654 703 740 764 novis
755 701 865 778 Bullia,
881 719 949 782 quae
966 701 1099 782 promul-

119 815 133 850 a
155 803 278 874 gantur,
309 793 457 856 certiores
477 792 619 854 lacere.»
645 793 703 852 Per
723 790 818 852 diaria
839 789 928 852 etiam
952 791 1099 872 spargitur

120 881 202 943 tacite
211 883 333 966 ubique
342 883 476 964 cognitio
486 881 674 943 decretorum
684 879 919 962 pontificiorum.
934 881 1030 960 Ergo,
1041 887 1097 941 etc.

154 975 186 1033 3σ
205 971 256 1032 nb
279 991 369 1034 anno
395 975 491 1048 tuat,
513 989 574 1052 quo
598 971 745 1031 ltlartinus
769 971 807 1030 lV
831 969 1100 1031 excommunicavit

121 1060 298 1123 lliehaelem
315 1062 526 1142 Paleologum,
544 1077 598 1141 per
613 1059 792 1120 sententiam
807 1057 998 1119 solummodo
1012 1057 1099 1120 Urbi-

121 1152 192 1211 renti
208 1152 358 1228 (Orvietot
376 1149 614 1233 promulgatam,
629 1167 726 1229 usque
750 1147 787 1209 ad
801 1146 978 1208 hodiernam
998 1146 1097 1224 diem,

121 1237 241 1300 invaluit
255 1259 337 1304 usus
351 1237 562 1322 promulgandi
578 1239 681 1299 llomae
694 1239 812 1298 tantum
821 1237 901 1316 leges
915 1235 1097 1318 pontificias:

119 1330 206 1407 pon-o
215 1328 280 1391 dici
290 1331 510 1410 nequitpertot
519 1327 802 1388 saeculallomanam
813 1325 976 1386 Ecclesiam
986 1330 1100 1386 errasse

119 1416 195 1478 circa
223 1419 280 1498 jus
319 1417 474 1494 naturale,
507 1423 558 1478 aut
583 1417 665 1478 circa
698 1413 889 1496 disciplinam
917 1413 1098 1495 generalem.

118 1503 293 1586 Ergo‚etc.

155 1600 188 1654 4⁰
211 1596 281 1657 Diei
299 1595 404 1676 nequit
426 1611 492 1656 esse
518 1593 549 1656 in
575 1597 720 1676 potestate
738 1591 910 1674 principum
933 1597 984 1654 aut
1010 1593 1100 1656 etiam

119 1682 347 1766 Episcopouum
365 1683 396 1744 in
411 1681 574 1744 Ecclesiam
595 1682 753 1744 rebellium
776 1681 922 1763 impedire
936 1686 1100 1763 quominus

121 1769 151 1830 S.
172 1772 318 1834 Pontifex
339 1781 478 1854 procuret
501 1772 708 1834 executionem
732 1770 834 1852 legum
862 1771 992 1832 maxime
1019 1769 1100 1834 bono

119 1857 328 1924 Ecclesiarum
353 1861 608 1922 necessariarum:
625 1859 718 1922 Porrd
736 1878 784 1920 res
805 1859 845 1920 ila
860 1877 891 1922 se
914 1859 1053 1933 haberet,
1075 1860 1098 1922 si

120 1952 296 2012 necessario
322 1949 402 2030 leges
428 1949 589 2030 pontificiae
611 1948 642 2009 in
666 1947 793 2027 singulis
817 1949 977 2029 provinciis
1001 1948 1099 2029 publi·

122 2038 229 2101 candae
243 2039 361 2114 forent,
378 2039 476 2100 utrim
490 2037 641 2118 obligandi
657 2037 838 2098 obtinerent.
854 2038 903 2100 Sic
913 2039 983 2100 Pius
995 2039 1030 2098 Vl
1040 2057 1099 2100 non

122 2129 270 2206 potuisset
284 2127 428 2188 damnare
448 2127 698 2188 Constitutionem
713 2126 829 2187 civilem
846 2126 921 2187 Cleri
937 2127 1096 2204 Gallicani;

124 2231 179 2278 nec
195 2218 258 2279 Leo
273 2220 299 2278 X
316 2234 432 2278 errores
451 2216 592 2292 Lutheri;
613 2224 643 2278 et
656 2217 700 2278 sic
713 2215 744 2276 in
776 2216 944 2278 innumeris
960 2216 1026 2278 aliis
1045 2218 1100 2278 cir·

123 2307 325 2368 cumstantiis.
341 2307 432 2386 Ergo,
449 2313 505 2366 etc.

162 2399 194 2457 5ο
217 2395 288 2456 lded
307 2395 393 2472 juxta
416 2393 599 2456 adversarios
620 2391 767 2477 publicari
785 2389 897 2454 debent
919 2391 951 2452 in
974 2392 1100 2472 singulis

125 2485 286 2562 provinciis
301 2483 382 2565 leges
396 2483 576 2566 pontificiae,
591 2485 663 2564 quia
679 2483 722 2544 sic
742 2481 884 2544 usitatum
903 2479 959 2543 suit
974 2481 1003 2542 in
1019 2483 1098 2564 prio·

124 2571 206 2634 ribus
218 2573 351 2650 sarculis,
368 2581 398 2634 et
412 2573 482 2652 quia
496 2572 649 2648 Ecclesia,
665 2570 819 2632 Novellam
833 2571 992 2633 lastiniani
1009 2589 1099 2654 supra

125 2659 243 2722 citatam
265 2661 306 2724 tlt
318 2662 515 2742 succendere,
540 2660 724 2743 approbavit.
748 2659 806 2722 Sed
830 2663 860 2721 l⁰
885 2660 1032 2722 incertum
1055 2669 1099 2724 est

124 2747 1099 2832 utriumsempeninpri‹›ribussaeculis‚SS.Pontificescurarerint

124 2855 177 2900 stra
190 2839 311 2901 decreta
323 2839 469 2921 publicari
485 2839 516 2900 in
531 2840 657 2921 singulis
672 2839 833 2921 provinciis
845 2858 852 2899 :
865 2845 961 2902 textus
981 2839 1097 2920 allegati

125 2924 206 3008 loqui
221 2932 340 2990 tantum
360 2928 500 2990 videntur
521 2927 559 2991 de
576 2928 778 3010 publicatione
802 2927 886 2990 locali
905 2935 935 2990 el
953 2929 1094 2992 restricta.

122 3015 186 3076 lmd
199 3017 317 3078 etiamsi
332 3026 481 3079 constaret
491 3019 544 3080 SS.
561 3017 721 3080 Pontifices
730 3019 850 3080 curasse
862 3017 974 3098 ubique
985 3017 1095 3100 vulgari

122 3121 175 3166 sua
196 3103 332 3178 decreta,
350 3105 539 3187 probandum
565 3115 642 3169 essct
666 3107 790 3188 insuper
811 3107 848 3168 ab
870 3108 942 3188 ipsis
967 3105 1098 3171 habitum

122 3189 214 3255 luisse
228 3201 262 3255 ut
278 3196 405 3257 omnino
420 3197 634 3270 necessariam,
651 3195 822 3273 hujusmodi
842 3196 1096 3278 divulgationem

121 3281 215 3343 Porrd
241 3287 426 3345 contrarium
447 3285 511 3347 erui
536 3303 623 3366 posse
646 3286 761 3348 ridetur
781 3304 817 3347 ex
844 3285 978 3368 ipsismet
1000 3286 1098 3346 verbis

122 3367 228 3432 Siricii'
240 3373 327 3446 Papae
341 3371 378 3434 ad
394 3375 562 3436 Himerium
578 3375 718 3456 archiep.
733 3377 989 3437 Tarraconensem
1007 3393 1015 3436 r
1033 3395 1047 3432 a
1062 3375 1098 3435 Et

122 3478 348 3539 aquamquam
375 3471 482 3524 statuta
510 3462 595 3526 Sedis
620 3465 808 3545 apostolicae,
834 3465 932 3545 inquit
939 3509 999 3538 .....
1023 3461 1097 3526 nulli

123 3567 137 3606 ι
160 3549 351 3610 sacerdotum
362 3551 480 3612 llomiui
493 3553 630 3634 ignorare
640 3554 678 3613 sit.
687 3553 831 3624 liberum,
843 3555 946 3614 utilius
957 3561 1096 3613 tamen...

124 3656 138 3698 ι
160 3639 185 3700 si
205 3656 244 3702 ea
264 3657 334 3720 quae
352 3638 391 3703 ad
410 3648 476 3704 te...
496 3641 619 3724 speciali
642 3644 767 3706 nomine
789 3642 968 3722 generaliter
988 3641 1098 3717 scripta

439 3745 446 3752 ·
913 3742 977 3800 arr
