2570 4006
496 251 500 259 ’
545 273 631 320 uram
652 273 770 320 narnus.
1086 261 1149 321 ata

175 395 189 433 a
215 371 335 436 tlonsuli
351 373 509 456 placuerit,
528 372 604 435 adeo
617 377 652 434 ut
663 373 773 434 certior
786 371 882 436 lactus
895 372 934 436 de
947 371 1028 436 illius
1041 373 1149 437 volun-

176 485 190 521 υ
215 469 290 540 tate,
306 461 346 524 illi
361 463 576 524 conuenienter
589 461 689 542 Legati
705 479 817 523 nomen
831 468 861 524 et
872 461 923 541 jus
936 463 1080 525 continuo
1094 463 1148 526 sim

177 573 189 613 r
213 550 422 631 depositurus,
438 551 589 632 simulque
603 551 743 612 omnium
757 568 826 631 quae
838 552 855 612 it
869 568 919 613 me
933 559 1087 632 gerentur,
1108 552 1146 614 le

175 659 190 696 r
215 640 334 720 gationo
345 639 598 714 finitt,codicillos
608 639 784 701 relicturum
795 639 825 701 in
835 639 1151 722 manibusejusquem

86 762 88 767 -
175 748 190 786 r
214 728 341 790 voluerit
354 730 475 792 Primus
489 729 598 791 Consul
608 749 616 804 ;
628 727 700 789 item
714 735 902 791 servaturum
915 737 1027 790 statuto
1041 737 1070 790 et
1083 749 1147 790 con-

175 837 190 876 r
213 817 984 899 saetcdinesRerpadlr'roe,etnunquanrjurisdictioni
993 835 1029 880 ac
1035 817 1152 898 juribus

174 926 190 965 r
215 905 359 968 Gubernii
373 905 599 988 derogaturum.
611 907 644 968 ln
659 923 790 987 quorum
804 905 1010 969 testimonium
1025 925 1141 989 praesen

175 1017 191 1056 a
215 1001 276 1056 tem
291 1013 390 1058 meum
406 996 639 1078 promissionem
655 995 775 1075 publice
789 995 913 1076 perlegi.
929 1015 945 1054 a
1004 1042 1007 1050 .

216 1087 295 1164 Ergo
308 1087 425 1154 tontimr
440 1084 579 1166 promisit
599 1085 727 1164 legatus
741 1101 774 1146 se
789 1102 851 1146 non
869 1084 1084 1166 derogaturum
1103 1087 1152 1165 ju·

176 1173 340 1235 risdietioni
363 1192 397 1235 ac
418 1173 537 1252 juribus
551 1171 713 1249 Gubernii,
730 1190 762 1233 se
782 1178 970 1234 servaturum
991 1181 1103 1235 statuto
1124 1181 1152 1236 et

176 1261 391 1324 consuetudines
413 1261 617 1343 Reipublicae,
641 1280 699 1322 non
722 1261 789 1322 card
814 1261 953 1322 Ecclesiae
967 1260 1149 1333 Gallicane:

179 1368 233 1412 nec
243 1350 304 1412 ullo
316 1351 406 1412 modo
415 1357 538 1432 apparet
547 1350 629 1430 qudd
643 1349 722 1411 hanc
735 1349 968 1431 promissionem
979 1351 1152 1429 iuramento

177 1457 231 1500 suo
247 1439 420 1500 tirrnnrerit.

216 1507 274 1572 Sed
285 1509 401 1585 Romae,
415 1510 455 1572 ait
467 1513 503 1573 1).
518 1509 717 1590 Prompsault,
729 1508 941 1592 interpolatum
951 1509 1071 1572 luithoc
1082 1509 1139 1573 ior.

176 1603 395 1668 molarium.-
412 1604 448 1660 lt
458 1619 513 1663 cur
526 1600 714 1678 interpolatio
726 1618 788 1660 non
802 1597 966 1680 fuitpotilrs
977 1607 1096 1681 peracta
1107 1603 1138 1662 in

174 1691 381 1772 diariogallico
392 1689 541 1751 Moniteur
552 1687 861 1768 nuncupatoiNonne
872 1687 1139 1752 hocunicumiuis.

174 1780 319 1844 setinhoc
327 1776 960 1858 Diariocommentinum‘lPlusneponderis
970 1778 1136 1858 apudpium

175 1869 359 1933 sacerdotem
377 1868 465 1928 debet
478 1867 588 1928 holere
603 1865 688 1926 diarii
710 1865 859 1926 Moniteur
884 1867 1024 1942 narratio,
1045 1870 1135 1948 quim

173 1959 314 2024 allocutio
328 1960 358 2018 S.
375 1957 537 2032 Pontificis,
554 1955 605 2036 qui
620 1954 778 2033 praelatum
794 1953 1005 2017 formularium
1020 1974 1135 2019 memo.

174 2053 258 2118 ratin
273 2049 503 2111 llorrsistorlotl
518 2044 574 2103 mai
586 2046 672 2112 1802,
687 2051 716 2101 el
729 2041 883 2118 publicum
898 2043 965 2104 iecit
980 2044 1036 2104 tale
1046 2046 1134 2124 quale

173 2142 264 2206 modo
281 2134 460 2198 retulimus?
475 2135 517 2193 De
531 2131 587 2202 his,
603 2149 628 2188 v.
648 2127 798 2200 Analecta,
814 2133 852 2192 38
867 2131 900 2202 l.,
915 2132 973 2193 col.
989 2135 1078 2196 2341.

208 2229 316 2296 Potuit,
327 2228 445 2308 inquies
458 2223 713 2299 iortt,Cardinalis
725 2226 851 2304 legatus
859 2223 1069 2286 formularium
1079 2244 1140 2286 non

168 2316 286 2378 mittere
301 2317 453 2396 integrum
467 2314 506 2376 ad
520 2315 551 2375 S.
567 2311 757 2374 Pontificem.
774 2311 873 2372 Potuit
887 2310 1022 2392 quidem,
1037 2309 1148 2388 faleor,¹

168 2405 220 2466 sed
236 2423 297 2467 non
313 2403 378 2466 sine
392 2403 472 2484 turpi
493 2401 668 2479 mendacio,
688 2399 844 2482 Dignitatis
863 2405 954 2462 tantm
974 2401 1081 2480 parlim
1095 2401 1147 2464 di·'

168 2513 243 2575 gno,
262 2493 406 2575 quodque
419 2491 546 2574 proinde
560 2489 710 2552 Cardinali
730 2491 841 2570 Legato
856 2495 978 2550 nonest
994 2488 1143 2570 imputare

168 2583 241 2644 dum
254 2583 311 2644 nisi
325 2582 363 2644 de
377 2601 413 2644 eo
427 2580 552 2644 omnino
566 2586 693 2642 constet.

209 2671 267 2734 Sed
278 2672 367 2734 verba
374 2669 585 2751 jurisdictioni
598 2677 627 2730 et
634 2668 757 2749 juribus
769 2665 913 2731 dirimit
926 2665 1007 2728 idem
1022 2675 1137 2747 sonant¹

172 2761 272 2842 pergit
284 2762 321 2821 D.
337 2759 528 2840 Prompsault
542 2759 565 2834 (i
568 2757 609 2834 d.,
623 2777 655 2839 p.
666 2759 708 2836 Ἰ),
724 2775 760 2820 ac
771 2755 863 2820 verba
875 2754 1000 2838 juribus
1013 2763 1042 2818 et
1056 2756 1143 2820 liter·

171 2849 281 2908 tatibus
293 2847 432 2909 Erelrsr'oe
448 2845 619 2909 Gallicano.

208 2938 297 3017 ltcsp.
321 2937 387 2998 lloc
401 2953 463 2996 non
484 2951 549 2996 esse
567 2951 692 3010 verum;
716 2934 876 2996 nonenim
898 2953 996 2998 unum
1018 2939 1048 2998 et
1061 2933 1142 2999 idem

168 3033 239 3089 sunt
253 3023 387 3087 Ecclesia
397 3029 427 3084 et
440 3023 541 3084 Civilis
555 3023 656 3084 Status
671 3041 679 3082 ε
695 3027 727 3084 et
744 3039 806 3084 non
823 3041 921 3086 unum
935 3023 1057 3085 elidem
1077 3041 1142 3086 essa
1260 3080 1265 3089 .

169 3113 233 3176 haeo
246 3113 308 3176 duo
323 3111 511 3174 existimabat
524 3113 652 3191 Legatos
664 3157 672 3187 ,
684 3109 737 3191 qui
751 3111 956 3192 promittendo
971 3130 1003 3176 se
1017 3131 1079 3174 non
1093 3112 1144 3174 de·
1262 3116 1267 3125 '

168 3210 345 3283 rogaturum
352 3199 474 3282 juribus
485 3197 638 3274 Gubernii,
653 3199 751 3261 noluit
763 3205 865 3262 tamen
874 3201 1024 3282 spondere
1034 3219 1066 3263 sc
1081 3219 1143 3263 nou
1258 3265 1259 3268 ,

168 3290 380 3371 derogaturum
388 3287 510 3368 juribus
522 3295 551 3348 et
564 3285 752 3348 libertatibus
764 3287 909 3350 Ecclesiae
925 3289 1100 3353 Gallicanae.

209 3377 361 3460 Quidquid
383 3375 510 3438 sitdovl
525 3375 608 3438 istius
622 3376 908 3456 argumentationis,
931 3383 976 3454 et,
998 3395 1142 3442 concesso

169 3468 275 3544 etiam,
298 3485 360 3528 non
373 3464 504 3526 admisso
522 3463 604 3546 quod
619 3463 784 3526 Cardiualis
803 3465 932 3546 Legatus
953 3469 1057 3527 roveri
1071 3485 1141 3547 pro-

170 3556 283 3618 miserit
293 3573 325 3616 se
339 3571 401 3616 non
415 3552 628 3634 derogaturum
636 3552 754 3631 juribus
763 3560 793 3613 et
806 3553 991 3614 libertatibus
1000 3555 1142 3619 Ecclesiae
1258 3613 1259 3616 ,

170 3643 340 3720 Gallicanae,
355 3641 429 3721 quid
443 3640 512 3702 inde
525 3640 665 3702 concludi
678 3640 926 3722 potasti—Sane
940 3640 1139 3706 missionemt
