2574 3994
187 293 246 356 058
405 311 541 358 usnuana
561 310 663 358 socrus
682 311 765 356 sunvs
786 310 934 358 canonrcr.

186 408 301 474 Sudicit
322 417 423 476 tamen
452 411 534 496 qudd
558 413 590 475 S.
620 409 756 474 Pontilex
781 411 931 476 existimet
952 409 1058 474 adesse
1080 412 1159 475 suffi-

186 501 314 563 cientem
329 519 451 564 causam
474 509 506 565 ut
529 502 624 584 ipsius
635 500 749 581 judicio
770 500 809 562 sit
822 499 974 564 standum.
990 503 1029 563 V.
1045 501 1155 576 Bouis,

186 590 231 654 De
243 591 405 674 Episcopo,
422 597 445 654 1.
462 593 496 667 1,
512 611 543 674 p.
559 593 629 653 372.

225 685 293 744 527.
314 681 436 754 Quaerit.
452 685 484 744 4⁰
500 684 547 743 An
562 682 729 763 Episcopus
739 679 834 762 possit
847 678 975 744 invitum
992 679 1158 764 parochum

185 768 223 831 ab
236 773 297 832 unt
312 769 453 852 parochia
467 770 504 832 ad
518 769 608 832 aliam
621 767 807 832 transferre?

223 861 313 940 Hesp.
330 859 384 921 Vel
398 860 496 939 agitur
508 858 547 920 de
560 859 692 942 parocho
712 857 864 920 amovihili
879 863 970 940 prout
982 866 1055 922 sunt
1067 858 1159 922 hodie

184 947 215 1009 in
230 948 324 1010 Gallia
338 947 572 1025 succursalistae3
588 948 634 1009 vel
647 947 765 1030 questio
778 953 823 1008 est
841 945 880 1009 de
895 947 1026 1028 parocho
1040 948 1157 1012 inamo-

184 1035 288 1098 vihili:
309 1037 333 1098 si
348 1037 449 1118 prius,
465 1037 542 1100 sieut
565 1037 647 1098 inviti
663 1043 789 1119 possunt
811 1037 943 1098 amoveri
963 1055 980 1099 a
1001 1035 1155 1114 Parochid,

184 1125 224 1186 ita
237 1125 276 1186 ab
289 1129 325 1187 00
338 1125 375 1188 ad
391 1144 498 1188 novam
513 1125 687 1208 parochiam
695 1124 850 1187 transferri
862 1133 989 1206 possunt
1000 1145 1007 1202 ;
1018 1127 1158 1190 sacerdos

183 1214 284 1292 enim,
306 1231 367 1276 non
382 1214 515 1295 legitime
529 1214 710 1297 impeditus,
733 1221 853 1276 tenetur
873 1221 1028 1296 acceptare
1051 1216 1156 1278 minis-

183 1304 291 1366 terium
304 1305 506 1366 animarumsi
522 1303 563 1366 illi
578 1303 617 1365 ah
628 1305 787 1386 Episcopo,
796 1303 843 1366 cui
859 1303 890 1364 in
901 1307 956 1366 sua
968 1303 1157 1368 ordinatione

183 1391 384 1455 obedientiam
399 1394 554 1475 promisit,
568 1393 758 1475 praeficiatur.
775 1394 812 1454 V.
829 1391 906 1454 infra
920 1395 1001 1470 (EEE,
1016 1397 1112 1469 1008),
1128 1403 1158 1457 et

183 1479 214 1542 S.
243 1481 384 1561 Liguor.,
410 1481 461 1543 lib.
485 1487 523 1560 6,
549 1494 583 1544 n⁰
605 1486 675 1546 828.
702 1481 733 1544 Si
755 1483 921 1564 posterius,
945 1499 1007 1542 non
1030 1490 1157 1563 possunt

183 1569 305 1649 quidem
320 1571 403 1634 inviti
418 1571 572 1634 transferri
587 1572 653 1634 sine
663 1570 744 1652 gravi
759 1571 885 1643 motivo,
901 1569 954 1632 sed
971 1571 1072 1651 plures
1087 1580 1157 1634 sunt

182 1675 269 1720 casus
283 1659 314 1721 in
329 1659 439 1742 quibus
453 1661 496 1722 sic
506 1660 660 1722 transferri
674 1659 773 1722 valent
789 1679 796 1720 ε
811 1658 920 1740 legitur
930 1659 1013 1720 enim
1028 1661 1059 1720 in
1074 1660 1156 1722 Con-

182 1746 251 1808 cilio
265 1749 489 1830 Carthaginensi
509 1751 547 1810 lV
567 1768 576 1810 r
599 1749 749 1811 «Placuit
772 1753 805 1810 ut
827 1747 1013 1830 quicumque
1033 1747 1153 1828 clerici,

182 1857 197 1894 0
220 1837 267 1898 vel
280 1836 398 1900 diaconi
414 1856 469 1920 pro
483 1839 709 1901 necessitatibus
716 1837 919 1900 Ecclesiarum
934 1837 1156 1920 nonohtempe·

182 1945 197 1982 0
220 1926 350 1988 caverint
369 1927 525 2009 Episcopis
545 1926 713 1989 volentibus
735 1945 787 1989 eos
801 1925 840 1988 ad
862 1923 1010 1988 honorem
1032 1927 1156 2010 amplio-

182 2034 197 2071 0
221 2031 286 2076 rem
305 2015 337 2076 in
360 2019 415 2077 sud
434 2015 567 2078 Ecclesia
581 2033 777 2096 promovere,
793 2033 850 2078 nec
868 2013 910 2076 illi
928 2014 1100 2077 ministrent
1122 2017 1154 2080 in

181 2123 197 2163 0
221 2103 316 2185 gradu
333 2122 389 2167 suo
403 2103 486 2168 unde
505 2103 646 2167 recedere
669 2105 873 2167 noluerunt.»
900 2105 969 2186 (hp.
992 2105 1153 2186 Lequeuu,

181 2200 215 2253 n·
235 2196 316 2273 100.)

219 2283 346 2363 Insuper
365 2279 494 2360 dicitur,
512 2281 544 2342 in
559 2299 627 2364 cap.
645 2281 805 2358 Qaoesitum
824 2285 860 2356 5,
876 2279 912 2345 de
928 2301 1028 2344 rerum
1039 2303 1155 2366 permu-

181 2371 316 2433 tatione:
334 2391 350 2430 c
368 2371 398 2432 Si
418 2372 586 2452 Episcopus
603 2389 724 2433 causam
745 2371 909 2453 inspexerit
930 2374 1152 2453 necessariam,

179 2482 194 2519 0
219 2461 297 2522 licite
311 2460 419 2542 poterit
432 2458 470 2520 de
493 2478 556 2520 uno
571 2459 637 2521 loco
651 2459 688 2520 ad
703 2459 795 2522 alium
818 2459 981 2522 transferre
996 2479 1152 2542 personas,
1266 2499 1267 2538 ,

178 2571 194 2607 0
218 2557 251 2611 01
265 2569 334 2630 quae
351 2549 404 2611 uni
419 2548 485 2610 loco
499 2555 570 2609 sunt
584 2547 686 2610 minus
706 2549 811 2626 utiles,
827 2549 897 2609 alibi
912 2567 944 2610 se
958 2549 1075 2612 valeant
1094 2553 1153 2613 uti-

178 2658 194 2696 0
218 2637 276 2700 lihs
299 2655 449 2700 exercere.
472 2658 488 2695 0
513 2638 578 2699 Ηο0
597 2637 771 2719 contingere
794 2644 911 2719 potest.
930 2657 958 2700 v.
982 2657 1012 2718 g.
1037 2639 1061 2700 si
1084 2641 1155 2720 quis

178 2729 342 2789 causaverit
355 2725 531 2789 scandalum
546 2726 577 2787 in
596 2726 723 2808 populo,
742 2727 766 2788 si
782 2727 954 2788 inimicitias
968 2733 997 2789 et
1011 2745 1153 2809 persecu-

178 2815 275 2877 tiones
289 2817 431 2897 patiatur‚
456 2823 533 2890 etc.;
556 2815 637 2877 unde
656 2817 727 2878 chm
745 2817 913 2897 Episcopus
927 2815 1154 2897 Limburgensis

178 2903 343 2984 parochum
353 2906 404 2985 qui
420 2923 437 2966 0
451 2921 483 2966 00
496 2903 677 2966 alienaverat
689 2903 886 2986 parochianos
900 2921 970 2966 suos
980 2908 1034 2966 sua
1047 2910 1154 2986 aspona

178 2989 318 3068 indole,a
332 2993 471 3073 parochia
482 2993 548 3072 ejus
557 2991 729 3056 dimovisset
742 3040 750 3066 ,
763 2993 914 3074 proposita
922 2992 1044 3055 luerunt.
1053 2997 1153 3058 Sacros

178 3079 325 3161 congreg.
343 3081 466 3142 Concilii
486 3082 578 3143 dubia
599 3081 756 3163 sequentia
771 3103 779 3142 ι
797 3082 1155 3144 l⁰hnsustinentu1·de-

176 3175 292 3230 cretum
314 3169 474 3231 amotionis
494 3169 586 3232 latum
604 3170 1150 3252 000008010000011[0000000000

176 3260 208 3319 2⁰
222 3276 260 3319 an
271 3258 330 3319 sint
344 3257 533 3320 infirmandae
547 3261 808 3340 poenaecanonicae
823 3259 945 3322 inllictae
959 3261 991 3321 in
1005 3261 1098 3322 casui

215 3348 406 3428 Responsum
420 3345 495 3409 luit:
510 3347 582 3408 ohd
597 3351 651 3410 1ιΙῐΙι
661 3347 845 3428 Affirmotioi
855 3366 868 3422 ,·
880 3347 917 3410 ad
931 3353 987 3410 2⁰¹⁰
1004 3349 1154 3414 scribatur
1264 3389 1265 3420 1

175 3457 191 3498 0
215 3438 364 3520 Episcopo
377 3444 411 3498 ut
425 3435 610 3498 sacerdotem
624 3436 756 3498 absolvat
769 3455 804 3498 ac
818 3437 1002 3511 rehabilitet,
1019 3457 1153 3520 eumque
1264 3481 1265 3510 t

175 3547 191 3584 0
216 3525 369 3606 provideat
383 3525 421 3588 de
435 3527 493 3588 alie
506 3527 653 3606 paroecia,
669 3543 723 3588 seu
742 3525 890 3587 beneficio
907 3525 1044 3588 redditos
1058 3529 1153 3609 aequi-
1264 3513 1265 3542 ¹

176 3635 191 3674 0
215 3614 350 3676 valentis.
369 3637 384 3673 0
411 3613 500 3694 Apud
520 3613 666 3674 Analecta
687 3616 889 3691 (00001858,
909 3613 968 3676 001.
984 3619 1150 3695 ‘l9l-'ltlil;

176 3701 242 3762 vide
256 3703 353 3764 adhuc
367 3721 447 3764 mora
469 3709 498 3762 at
511 3702 589 3762 ouril
608 3705 701 3778 1801,
717 3701 775 3762 001.
792 3702 868 3780 599,
884 3701 936 3763 ubi
952 3703 1078 3766 relectus
1092 3705 1152 3768 alia
