2506 3984
199 171 259 234 030
419 187 558 233 renuam
578 187 680 234 rorrus
703 189 786 236 rums
807 190 957 237 cmomcr.

206 308 220 346 o
240 286 292 368 qui
306 283 414 348 saltem
434 284 547 365 injure
561 283 708 347 canonico
725 285 763 347 sit
780 285 907 364 doctor,
930 287 979 350 rel
996 287 1190 361 licentiatus,

201 397 216 434 n
240 371 377 436 aetolicis
396 374 537 454 quantiam
555 373 625 454 fieri
643 380 738 454 potest
758 373 885 436 idoneus.
902 396 918 434 a
936 377 985 438 Ex
1002 375 1057 438 his
1072 377 1190 438 verbis:

201 463 246 526 cel
269 462 383 524 olida...
404 461 536 538 idonens,
559 461 707 543 quidquid
726 463 801 524 olim
819 462 951 526 dixerint
974 463 1084 546 aliqui
1107 483 1190 528 cano-

202 552 305 629 nistae,
330 550 457 614 minime
471 550 540 612 licet
552 549 733 613 concludere
747 551 877 614 liberum
890 570 957 614 esse
969 554 1131 635 Capitulo
1147 555 1190 615 eli·

203 661 273 724 gere
287 659 343 702 non
357 639 513 716 doctorem,
534 638 645 702 relictis
664 638 839 702 doctoribus
852 639 959 722 gremii
981 641 1034 706 sui
1057 642 1189 714 idoneis

203 729 340 812 plurimae
354 731 437 791 enirn
450 726 893 810 prodieruntdeclarationesS.
909 731 1012 812 Cong.
1029 732 1137 794 Cone.
1154 733 1190 792 in-

203 819 331 882 validam
354 819 386 880 in
400 817 459 880 hoc
481 835 553 879 casu
573 816 770 879 decernentes
793 817 986 881 electionem.
1004 818 1095 882 Vide
1120 821 1191 902 apud

205 910 240 970 D.
264 908 359 969 Bouix
381 907 440 987 (ne
461 905 617 987 Capitulis,
641 925 672 988 p.
689 909 766 982 net,
788 909 870 984 etc).
893 906 984 970 Unde
1006 908 1067 970 ubi
1093 908 1192 971 doctor

206 995 332 1059 idoneus
346 997 376 1057 in
388 997 457 1074 jure
474 995 621 1057 canonico
637 995 825 1074 (nouantem
839 994 992 1058 sufficeret
1007 997 1105 1078 quod
1121 1005 1192 1060 esse

204 1084 308 1146 doctor
322 1086 353 1147 in
367 1083 517 1166 theologia
536 1083 582 1146 vel
596 1084 627 1146 in
639 1084 707 1163 iure
720 1083 809 1162 civili)
823 1084 950 1146 inveniri
965 1093 1088 1166 potest,
1108 1087 1192 1148 etiam

205 1179 288 1236 extra
295 1174 445 1255 gremium
459 1171 597 1254 Capituli,
608 1173 634 1234 is
642 1179 687 1234 est
697 1172 865 1236 necessario
874 1173 1050 1254 eligendus.
1064 1175 1193 1247 Quando

205 1269 306 1325 tamen
330 1269 400 1325 sunt
426 1261 550 1344 quidam
569 1260 708 1324 doctores
731 1261 849 1340 injure
869 1263 1022 1324 canonico
1044 1265 1109 1326 sed
1137 1284 1192 1326 noo

207 1351 319 1429 idonei,
330 1357 429 1434 potest
441 1350 612 1432 Capitulum
626 1349 771 1432 deputare
785 1368 846 1412 non
856 1349 1025 1414 doctorem.
1045 1353 1085 1415 S.
1098 1353 1190 1433 Gong.

206 1441 311 1514 Cone„
327 1443 366 1502 ἓξ
380 1445 454 1522 sept.
472 1443 565 1516 llll,
581 1439 662 1521 apud
678 1437 790 1515 Bouix‚
806 1437 861 1516 ila,
876 1458 907 1520 p.
919 1441 990 1502 569.

249 1533 337 1592 1233.
360 1529 417 1591 Per
436 1529 578 1590 doctorem
593 1529 639 1590 vel
662 1527 847 1590 liemtintom
865 1527 1092 1610 intelligendus
1112 1536 1159 1592 est
1172 1532 1192 1590 is

208 1619 260 1700 qui
281 1617 454 1698 hujusmodi
476 1616 588 1698 gradus
610 1617 739 1679 obtinuit
756 1617 787 1677 in
800 1616 998 1680 Universitate
1018 1618 1190 1700 publiciter

209 1708 382 1770 auctoritaie
405 1707 436 1768 S.
453 1704 538 1768 Sedis
551 1709 660 1768 ereottt.
681 1705 757 1768 Vide
770 1707 911 1781 Lauren„
932 1724 982 1787 ap.
1006 1707 1113 1770 Bonis
1129 1710 1188 1784 (tn.

209 1815 239 1878 p.
256 1797 335 1872 568).
351 1829 390 1840 -
408 1795 484 1856 Cirm
502 1801 604 1856 autem
617 1795 649 1855 in
672 1793 766 1857 Gallia
778 1793 923 1856 rarissimi
942 1795 1005 1856 sint
1019 1795 1102 1858 tales
1124 1797 1188 1859 doc-

209 1893 302 1960 tores,
326 1883 476 1944 rarissime
498 1882 635 1945 doctores
663 1883 710 1946 vel
728 1883 869 1946 licentiati
888 1889 959 1946 sunt
981 1883 1140 1966 eligendi,
1163 1893 1188 1946 et

210 1971 318 2036 sufficit
327 1971 408 2054 qudd
422 1972 572 2054 eligantur
585 1972 661 2034 olida
675 1972 782 2034 idonei.

577 2149 732 2208 PUNCTUll
746 2151 812 2208 tltt.

264 2288 304 2334 llll
323 2286 513 2333 crrrrunrnls
536 2285 672 2332 vtcantns
696 2285 812 2331 nnnnlr
833 2285 939 2332 Assutrr
960 2285 998 2330 DE
1018 2285 1136 2336 annum

621 2374 766 2419 centrum.

251 2510 339 2571 ll3l.
362 2505 530 2568 Concilium
543 2503 676 2572 Trident.
692 2503 818 2567 omnind
832 2505 899 2568 silet
907 2509 985 2570 eirca
996 2507 1076 2572 hane
1090 2529 1184 2590 quas

211 2599 342 2673 tionem;
358 2597 447 2658 Sacra
467 2600 568 2657 autem
589 2593 768 2674 Congregat.
789 2595 903 2656 Concil.
919 2595 1020 2658 statuit
1039 2598 1071 2659 in
1092 2597 1180 2660 Nert-

214 2685 297 2763 tant,
312 2685 360 2746 die
379 2688 418 2746 ll
429 2683 495 2764 julii
517 2685 615 2745 l6l3:
635 2683 740 2744 «Cum
761 2681 835 2744 alias
856 2685 887 2747 S.
903 2685 1103 2767 Congregatio
1117 2707 1181 2750 een-

211 2797 227 2833 »
251 2775 343 2836 suerit
353 2775 383 2834 in
397 2773 551 2834 Vicarium
561 2770 761 2853 Capitularem
770 2771 840 2854 eligi
850 2791 937 2855 posse
949 2777 1040 2836 etiam
1050 2775 1177 2857 aliquem
1228 2839 1229 2856 χ

212 2886 228 2922 a
251 2869 334 2924 extra
346 2862 516 2942 Capitulum
534 2881 540 2921 :
557 2861 581 2922 si
596 2869 698 2922 tamen
718 2860 786 2941 quis
800 2860 838 2922 de
859 2863 974 2944 gremio
992 2864 1119 2946 Capituli
1138 2885 1178 2928 re
1228 2865 1229 2904 l

213 2975 228 3011 n
252 2952 383 3033 periatur
397 2951 523 3026 habilis,
546 2951 652 3025 istum,
667 2949 778 3010 ceteris
794 2951 930 3030 porteto,
946 2969 1003 3013 esse
1017 2953 1173 3034 praeferen-
1228 2951 1229 2956 ’

213 3063 229 3100 n
252 3038 376 3116 dnm...;
390 3040 567 3101 canonici...
583 3037 754 3120 supplicant
771 3037 915 3102 declarari
928 3041 1080 3123 quomodo
1093 3043 1174 3105 intel-

214 3152 229 3188 ι)
253 3127 373 3210 liganda
391 3127 451 3189 sint
468 3128 559 3190 verba
573 3127 623 3189 illa
644 3127 756 3188 crateris
775 3128 918 3209 pandam·
935 3147 974 3192 an
994 3129 1092 3206 itaut,
1106 3135 1130 3194 si
1146 3133 1173 3194 in

214 3241 228 3278 n
253 3217 388 3299 Capitulo
406 3216 523 3279 adesset
540 3217 647 3278 habilis
660 3215 730 3297 eligi
744 3223 863 3297 posset,
878 3218 993 3281 etiamsi
1012 3219 1086 3280 alius
1098 3231 1173 3284 extra

214 3330 229 3368 r
254 3307 424 3388 Capitulum
443 3311 520 3367 esset
542 3305 639 3385 magis
655 3303 774 3366 habilis.
789 3339 830 3352 -
843 3307 875 3370 S.
899 3308 1009 3389 Congr.
1031 3310 1173 3390 respondit

214 3419 229 3454 u
256 3399 296 3458 ita
324 3413 389 3457 esse
416 3392 608 3473 intelligenda
634 3399 667 3453 ut
691 3391 817 3454 sullioiat
847 3395 1047 3475 Capitularem
1072 3396 1172 3462 habere

215 3504 230 3540 a
255 3482 410 3563 qualitates
433 3481 556 3542 aSacro
578 3477 711 3540 Concilio
725 3480 897 3559 requisitas,
919 3482 1001 3562 quod
1021 3483 1058 3544 sit
1078 3483 1173 3548 doctor

217 3591 231 3626 o
254 3569 299 3630 vel
315 3569 483 3630 licentiatus
500 3567 532 3626 in
543 3565 612 3642 jure
623 3567 770 3628 canonico
782 3568 829 3628 rel
844 3569 918 3632 alias
932 3571 1068 3633 idoneus.
1083 3593 1096 3631 n
