2586 3988
10 3729 89 3944 Ι

223 266 241 323 t
443 276 584 323 utuntur
606 277 710 326 rarius
729 279 809 324 urnis
831 277 980 325 cruorum.

222 379 310 458 Papae
325 375 546 458 firmantur¹3et
558 377 602 442 sic
612 379 720 441 iterum
730 384 762 440 2⁶
772 379 871 440 differt
883 379 932 440 illa
939 377 1176 459 iurisprudentia

222 481 238 526 a
252 465 377 528 scientia
388 467 466 545 juris
480 467 624 530 naturalis
644 487 712 550 quae
726 475 771 530 est
784 467 911 549 equitio
925 467 1062 528 ordinato
1078 467 1165 548 repul
1184 501 1197 513 ·

222 575 286 616 rom
308 574 375 638 quta
397 556 460 638 ipati
483 575 581 617 rerum
602 557 711 618 accord
732 557 918 637 fundantem
941 564 971 619 el
993 560 1025 618 3⁰
1052 555 1153 618 tlillhrt
1179 559 1198 620 d

222 643 454 726 jurisprudentia
463 644 557 722 civili,
573 647 661 726 eujus
674 647 827 725 objectum
841 653 911 710 sunt
924 646 1005 727 leges
1020 647 1038 707 b
1052 654 1199 728 potestate

220 733 298 796 cirili
330 733 454 796 hrmatae
483 753 551 816 quae
578 735 690 798 directo
713 753 768 817 pro
791 735 852 798 fine
873 733 985 796 habent
1005 735 1198 799 solummodo

221 821 335 886 bonum
349 823 647 905 temporaleeivium‚
665 823 740 887 dhm
750 823 831 905 leges
845 822 1053 886 ecclesiastica
1068 841 1122 906 pro
1135 825 1198 888 bne

222 910 331 975 habent
357 911 474 976 bonum
504 911 658 996 spirituale
685 913 822 976 bdelium
855 919 1060 996 aeoernumque
1089 931 1197 978 eorum

222 1000 448 1068 beatitudinem.

660 1121 679 1206 5
698 1125 749 1186 tv.

522 1259 640 1324 maristo
647 1259 732 1342 juria
745 1259 888 1324 cononici.

258 1415 288 1473 9.
310 1412 364 1474 lus
378 1409 559 1473 canonicum
573 1410 714 1474 dividitur
728 1415 758 1474 l·
773 1412 806 1473 in
818 1411 962 1494 scriptum
979 1416 1009 1473 et
1026 1429 1081 1472 non
1101 1410 1193 1493 scrip-

221 1508 300 1561 tam:
309 1500 498 1562 Traditionos
511 1509 540 1562 et
554 1500 788 1562 consuetudines
800 1501 860 1564 vim
876 1499 950 1582 legis
964 1499 1108 1563 babentes
1121 1519 1194 1564 con-

219 1589 344 1650 stituunt
355 1589 405 1668 jus
419 1608 481 1652 non
496 1589 652 1672 seriptum.

258 1683 289 1738 2⁰
311 1680 345 1740 ln
364 1676 517 1761 pullicum
539 1687 569 1741 et
583 1679 737 1761 priuatum
750 1698 761 1740 :
775 1678 933 1742 Publiceni
953 1679 1073 1743 exhibet
1086 1679 1198 1742 consti-

219 1767 366 1830 tutionem
391 1768 540 1830 societatis
563 1767 788 1846 ecclesiastieae,
817 1767 911 1850 ipsius
934 1769 1090 1850 regimen,
1112 1769 1197 1830 ordi-

220 1874 290 1918 nem
315 1875 511 1940 personarum
528 1856 566 1920 ad
590 1857 720 1919 invicem
743 1857 775 1918 in
796 1857 945 1934 Ecclesia,
959 1858 1029 1936 iura
1050 1863 1081 1919 et
1098 1856 1197 1919 ollioia

219 1963 340 2024 earum,
357 1953 415 2008 etc.
433 1946 587 2007 Privatum
601 1953 733 2008 versatur
746 1947 826 2008 eirea
846 1945 1044 2028 obligationes
1065 1945 1198 2028 singulo-

219 2052 286 2096 rum
300 2041 390 2116 prout
402 2035 654 2116 distinguunturd
670 2035 888 2115 gubernatione
902 2035 1112 2114 ecclesiastici,
1123 2055 1151 2098 v.
1164 2056 1195 2118 g.

219 2124 298 2186 circa
312 2131 498 2186 sacramenia
512 2123 695 2206 recipienda.

258 2216 290 2274 3⁰
311 2216 345 2274 ln
359 2233 505 2276 commune
515 2221 544 2276 et
552 2213 753 2296 particulare:
765 2213 922 2276 Commune
930 2213 1040 2276 dicitur
1049 2214 1130 2296 quod
1141 2233 1196 2297 pro

217 2302 358 2366 universi
375 2301 508 2366 Ecclesia
517 2302 610 2366 latum
622 2309 703 2365 estet
713 2302 826 2380 obligat.
835 2321 953 2380 omnes,
961 2321 1067 2384 perse,
1080 2303 1194 2378 fideles,

213 2392 276 2454 ¹nisi
300 2400 416 2455 exstent
434 2392 466 2453 in
486 2393 692 2467 contrarium,
712 2391 866 2473 privilegia
889 2392 934 2455 vel
962 2391 1199 2454 consuetudines

218 2479 369 2561 legitimae.
386 2479 578 2543 Particulore
596 2488 642 2542 est
660 2478 741 2560 quod
765 2498 820 2561 pro
838 2487 920 2544 certo
940 2481 1024 2555 loco,
1040 2493 1091 2542 aut
1107 2483 1198 2542 certis

218 2569 355 2651 personis
370 2571 487 2630 tantbm
497 2575 639 2630 statutum
650 2575 711 2645 est,
725 2575 756 2630 el
766 2567 913 2630 subdividi
923 2575 1020 2651 potest
1033 2567 1064 2628 in
1074 2569 1199 2649 patriar·

217 2656 303 2720 chale
313 2706 321 2734 ‚
333 2657 499 2740 primatiole
512 2703 520 2733 ,
532 2657 713 2739 provinciale
729 2704 737 2734 ‚
754 2656 982 2734 dioecesanum‚
1006 2656 1195 2737 monachale,

218 2754 288 2820 eto,
306 2755 394 2829 prout
409 2746 461 2808 uni
475 2749 594 2808 tantirnr
608 2746 653 2809 vel
664 2744 878 2809 Patriacobatui
889 2746 950 2824 ,rel
960 2752 1031 2824 eto,
1043 2747 1195 2811 convenil.

259 2841 309 2900 lt).
326 2841 402 2898 -40
417 2837 450 2897 ln
464 2835 637 2917 antiquum,
650 2855 752 2897 nouum
767 2843 797 2898 et
810 2835 1017 2897 novissimum:
1030 2833 1197 2917 Antiquam

218 2925 292 2988 illud
307 2931 351 2988 est
369 2923 450 3006 quod
472 2944 570 3006 usque
583 2923 622 2986 ad
635 2924 790 2988 decretum
805 2925 936 2987 Gratiani
951 2923 1062 3004 viguit3
1079 2923 1197 2986 Nouum

219 3014 302 3096 quod
315 3021 457 3077 statutum
472 3011 528 3076 fuit
542 3016 558 3076 h
573 3013 715 3096 praedioto
729 3013 850 3076 decreto
862 3031 959 3096 usque
973 3012 1011 3075 ad
1025 3013 1197 3077 eonolusio·

202 3186 204 3206 ¹
248 3195 255 3225 ¹
273 3185 437 3248 Quantumris
446 3185 561 3236 different
572 3185 636 3236 inter
644 3201 671 3236 se
684 3183 806 3250 theologia
818 3189 842 3235 at
853 3182 957 3234 seientia
969 3181 1096 3239 canonica.
1108 3193 1195 3234 mutuo

217 3267 299 3309 umen
312 3259 350 3308 sui
368 3257 472 3308 invicem
485 3255 576 3308 auxilio
590 3257 718 3324 indigent,
739 3271 785 3307 nec
796 3271 845 3307 unu
858 3255 888 3306 ab
901 3253 979 3305 altari
991 3253 1100 3320 separari
1113 3257 1197 3320 potest

217 3329 271 3380 nine
285 3328 394 3395 periculo
410 3347 416 3378 :
437 3347 447 3376 r
462 3327 622 3394 Theologiam
636 3327 649 3377 d
663 3327 800 3378 canonibus
813 3326 958 3388 excludere,
972 3327 1006 3376 uit
1018 3326 1110 3378 Gorsoo
1124 3329 1152 3388 (t.
1162 3335 1194 3384 tv,

221 3419 230 3448 ι
250 3415 273 3466 p.
285 3401 328 3451 8'll
339 3438 346 3461 ‚
359 3416 382 3450 v.
393 3400 428 3462 Ξ),
437 3399 497 3449 nihil
509 3399 622 3452 aliudeat
632 3415 705 3466 quem
718 3415 777 3450 suos
790 3398 837 3450 sibi
850 3398 937 3450 oculos
950 3397 1054 3450 evellere
1067 3395 1196 3448 :similiter

221 3485 357 3521 »canones
377 3471 438 3521 velle
457 3471 584 3521 destruere
601 3478 638 3520 est
659 3485 749 3536 corpus
766 3470 891 3537 proprium
909 3468 1083 3520 ecclesiasticae
1103 3466 1195 3534 politior

221 3563 231 3592 r
252 3541 393 3592 dolorrnitor
405 3541 544 3592 hahitunre.
558 3541 673 3601 Querere
685 3541 765 3608 qualis
778 3541 879 3592 seientia
899 3542 956 3608 plus
969 3541 1098 3606 expediat,
1116 3551 1196 3589 evau-

221 3633 232 3662 ι
249 3616 329 3678 getica
343 3613 380 3664 rel
393 3613 513 3664 canoniea
526 3620 564 3664 est
576 3627 686 3679 quaerere
694 3612 759 3679 quod
773 3611 797 3662 in
811 3627 913 3678 corpore
926 3610 1063 3663 membrum
1073 3609 1104 3661 ud
1117 3608 1196 3664 dirse-

224 3703 233 3734 ι
251 3685 343 3737 tionem
356 3699 427 3736 suam
439 3684 495 3750 plus
507 3683 639 3750 exponitur
647 3683 687 3736 rel
701 3681 789 3735 oculus
799 3683 837 3736 rel
848 3683 949 3750 aliquod
961 3682 1074 3736 aliorum.
1088 3698 1100 3730 ι
