2578 4008
210 304 270 370 286
431 285 688 370 numinianum
707 319 789 368 aunis
809 318 957 368 exuamur.

212 418 359 490 ttomano,
369 433 449 480 anno
463 414 518 478 sot
532 434 562 478 :a
575 413 650 489 Quia
664 414 694 477 in
707 415 844 498 pluribus
859 417 1057 493 monasteriis,
1072 413 1184 497 inquit,

213 527 228 566 u
252 505 348 568 multa
361 523 379 568 a
398 503 580 568 Praesulibus
598 503 772 586 praejudicia
785 509 875 587 atque
889 503 1061 586 gravamina
1076 521 1185 566 monas

212 617 228 654 u
252 593 325 657 chos
339 592 496 676 pertulisse
510 593 733 676 cognoscimus,
745 598 863 675 oportet
871 595 1025 655 utVestrae
1038 592 1188 654 Fraterni‘

213 706 228 742 o
251 683 320 745 tatis
342 683 472 764 provisio
491 682 530 744 de
555 681 658 746 lutura
675 681 776 764 quiete
795 699 903 744 eornm
918 681 1030 744 salubri
1046 680 1188 764 disponat

213 795 229 832 a
253 771 478 834 ordinatione...
494 770 706 834 interdicimus
715 770 807 852 igitur
815 770 846 832 in
856 770 979 834 nomine
993 771 1028 830 D.
1045 772 1082 832 N.
1098 771 1127 832 J.
1138 772 1185 847 0.,

215 885 229 919 n
254 868 284 924 et
297 880 334 923 ex
347 859 521 924 auctoritate
541 861 576 922 B.
596 859 714 922 Petri...
729 857 924 942 prohibemus
938 865 972 921 ut
985 857 1086 922 nullus
1100 860 1187 941 Epis·

216 973 230 1008 s
256 967 404 1031 cuparum
417 955 469 1011 aut
482 947 673 1010 saccularium
682 947 758 1010 ultra
772 953 935 1030 praesumat
952 946 991 1009 dc
1009 946 1187 1026 redditibus,

217 1063 231 1096 n
255 1038 361 1112 rebus,
376 1037 422 1100 rel
435 1037 544 1100 chartis
557 1035 847 1099 monasteriorum...
864 1037 1019 1113 minuere,
1034 1035 1080 1098 vel
1102 1035 1190 1098 dolos

218 1151 231 1186 a
255 1126 301 1189 rel
323 1127 524 1190 immissiones
541 1124 677 1188 lacere...
701 1143 800 1207 neque
814 1124 921 1188 audeat
939 1124 995 1188 sibi
1015 1123 1189 1187 catlrsdram

218 1240 232 1275 a
256 1215 418 1294 collocare,
432 1215 478 1278 vel
501 1214 667 1298 quamlibet
679 1221 855 1296 potestatem
869 1213 980 1276 habere
1000 1214 1189 1296 imperandi,

218 1329 232 1364 u
257 1324 314 1368 nec
327 1305 459 1386 aliquam
473 1303 692 1367 ordinationem
703 1305 840 1386 quamvis
854 1303 1035 1366 levissimam
1048 1301 1189 1382 faciendi,

219 1419 233 1453 a
258 1393 315 1456 nisi
336 1393 373 1456 ab
393 1392 506 1456 abbate
528 1392 587 1456 loci
608 1392 697 1455 luerit
719 1399 854 1474 rogatus,
879 1399 1027 1474 quatenus
1048 1392 1189 1456 monachi

218 1507 233 1543 n
257 1501 376 1566 semper
398 1488 540 1544 maneant
559 1482 591 1543 in
614 1481 764 1544 Abbatum
784 1498 910 1544 suorum
933 1487 1087 1563 potestate.
1105 1481 1190 1544 Hanc

219 1597 233 1630 a
258 1591 330 1653 ergo
344 1571 522 1653 scriptorum
541 1575 714 1634 nostrorum
737 1571 878 1652 paginam
892 1569 975 1631 ornni
994 1569 1095 1633 futuro
1112 1576 1191 1632 tem-

218 1685 234 1720 »
259 1679 331 1744 pore
345 1661 383 1722 ab
396 1659 538 1723 omnibus
550 1659 706 1742 Episcopis
721 1658 841 1722 lirmam
854 1659 1012 1722 statuimus
1030 1659 1190 1722 illibatam-

219 1773 234 1810 ι
259 1769 319 1832 que
333 1750 454 1811 servari.

259 1859 275 1898 o
299 1838 432 1902 Universi
440 1837 579 1921 Episcopi
588 1838 787 1922 respondere:
803 1836 963 1900 abibertati
972 1835 1190 1900 Monachomm

218 1948 233 1984 n
259 1927 486 2009 congaudemus
499 1935 528 1990 et
542 1947 610 2010 quae
624 1947 708 1991 nunc
720 1928 758 1991 de
770 1927 817 1992 bis
835 1926 937 1990 statuit
951 1927 1108 1990 Beatitudo
1123 1929 1190 1991 Ves-

217 2037 234 2074 »
259 2025 320 2092 tra,
336 2015 504 2078 firmamus.
521 2039 536 2075 a

260 2105 338 2184 (Vid.
355 2105 477 2188 insuper
492 2105 607 2188 So'glia,
623 2107 713 2179 lost,
722 2105 790 2186 jur.
804 2105 939 2188 public,
955 2107 973 2188 ᾖ
988 2105 1061 2188 35.)

259 2195 338 2276 Ergo
361 2194 560 2276 antiquissimi
576 2194 653 2274 juris
671 2202 740 2256 sunt
752 2196 975 2278 exemptiones,
991 2202 1020 2258 et
1034 2194 1190 2258 verisimil-

220 2283 291 2346 lime
306 2282 395 2346 simul
409 2303 445 2347 ac
459 2283 581 2346 lundata
595 2291 666 2346 sunt
680 2284 859 2346 monasteria
873 2289 980 2360 enata,
995 2285 1122 2366 proinde
1130 2305 1191 2349 non
1264 2291 1265 2294 ’

220 2373 331 2436 dlalsis
350 2373 555 2435 Decretalibus
579 2372 761 2436 isidorianis.
783 2375 817 2435 ln
831 2373 918 2435 variis
936 2379 1037 2434 tamen
1060 2373 1133 2437 locis
1147 2376 1191 2438 vi·

220 2461 327 2524 dentur
341 2461 521 2524 monasteria
530 2461 621 2524 luisse
630 2461 786 2543 Episcopis
800 2461 932 2542 subjecta
943 2467 977 2524 ut
989 2461 1087 2544 colligi
1096 2471 1193 2545 potest

220 2570 255 2612 cx
270 2569 338 2613 can.
361 2550 489 2614 Albulas
502 2553 533 2612 et
552 2567 620 2612 can.
639 2550 831 2620 llonosteric,
851 2553 906 2630 ta,
929 2551 1189 2633 q.2(vid.tte·1t-

220 2639 328 2718 icnst.,
344 2639 395 2702 lib.
414 2644 442 2717 l,
459 2645 481 2702 t.
497 2641 547 2712 st,
565 2648 597 2701 n⁰
614 2640 692 2720 tut).

259 2730 329 2791 573.
351 2763 391 2775 -
410 2733 443 2791 2⁰
458 2731 486 2792 A
506 2727 638 2811 lepitimo
655 2727 797 2792 euersitio
813 2727 998 2812 competentis
1006 2730 1190 2794 auctoritatis

215 2815 378 2898 procedunt
396 2835 409 2880 .·
428 2818 548 2880 Constat
567 2819 707 2895 assertio,
730 2817 821 2880 modd
844 2823 874 2882 1ο
896 2819 927 2882 S.
943 2817 1079 2881 Pontifex
1099 2821 1190 2904 possit

220 2904 336 2986 aliquos
349 2906 479 2969 eximere
494 2907 725 2986 ajurisdictione
739 2907 935 2971 Praelatorum
951 2907 1143 2986 interiorum;
1164 2919 1192 2972 et

221 2993 312 3056 modd
332 2997 365 3056 2⁰
378 2995 508 3057 rationes
522 2995 704 3059 sufficientes
716 2995 823 3058 babeat
836 2996 873 3058 ad
894 2997 968 3060 tales
987 2997 1190 3078 exemptiones

219 3083 443 3146 constituendas
471 3103 479 3146 ε
507 3085 590 3166 atqui
611 3089 643 3146 t⁰
657 3086 785 3147 Summo
810 3084 944 3147 Pontifici
962 3086 1042 3148 inest
1063 3093 1192 3167 potestas
1258 3089 1260 3242 Ι

220 3169 337 3252 aliquos
350 3173 502 3236 eximendi
517 3191 535 3235 a
551 3173 760 3254 jurisdictione
777 3173 970 3236 Praelatorum
989 3173 1188 3238 interiorum:

225 3281 240 3319 a
260 3260 523 3332 Quemadmodum
539 3266 549 3342 (
557 3263 667 3341 enim),
677 3261 775 3345 inquit
788 3262 927 3325 Zaccaria
941 3262 973 3324 in
986 3263 1190 3344 Antisedronio
1256 3267 1258 3382 ¹

220 3371 235 3408 n
260 3349 406 3412 uiudicuto
421 3351 501 3427 (diss.
519 3356 565 3422 tu,
584 3369 651 3434 cap.
665 3357 697 3428 4,
712 3364 746 3412 n⁰
759 3355 796 3422 ἓ,
811 3357 834 3414 t.
851 3355 900 3428 27,
918 3349 1004 3414 Cura.
1024 3351 1190 3433 complet),

221 3461 236 3498 a
261 3439 374 3521 politici
398 3440 541 3522 principis
565 3448 611 3502 est
631 3439 760 3504 familias
782 3439 821 3504 de
839 3458 871 3503 se
891 3457 927 3502 ac
940 3439 978 3502 de
1000 3440 1096 3523 patuit
1116 3441 1192 3504 bend

21 3593 22 3596 Ἴ
221 3551 236 3586 u
260 3529 383 3592 meritas
403 3528 564 3610 privilegiis
584 3547 692 3590 ornare
713 3547 818 3610 posse,
841 3547 951 3610 easque
975 3547 1037 3592 non
1060 3529 1153 3592 modd
1174 3549 1190 3592 a
1241 3550 1246 3559 ·

221 3637 236 3673 a
261 3617 475 3680 communibus
489 3616 681 3698 vectigalibus
698 3617 844 3693 eximere,
859 3621 965 3680 vertam
979 3617 1098 3680 etiamn
1114 3637 1191 3700 prae·

222 3723 237 3759 ι
261 3703 541 3769 tectorumurbium
557 3705 1008 3786 prasinumqueprovineiarum
1019 3707 1190 3770 auctoritate

143 3839 165 3971 ἓ,
259 3863 269 3894 s
