2578 4008
518 215 603 262 anun
624 197 741 267 rnruus‘.
1059 209 1118 272 353

144 325 160 363 ι
185 323 283 368 menae
296 313 327 370 ct
346 310 522 390 Apostolicee
543 315 684 378 Ecclesia,
702 320 855 400 privilegia
876 339 993 384 cassare
1014 328 1115 384 nitun-

143 413 158 452 ι)
183 402 241 456 tur.
257 417 273 452 o
296 396 418 475 (Cursus
431 400 565 482 complet.
585 402 612 466 Τ
609 403 759 486 deoloploe,
773 413 794 468 t.
813 412 847 485 1,
863 411 921 471 col.
934 413 1017 488 tat.)

184 483 260 546 Huic
279 483 423 548 doctrinae
446 487 570 552 adhaesit
595 491 721 574 ipsemet
754 495 857 559 Clerus
887 498 1056 562 Gallicanus
1084 501 1115 562 in

142 572 272 634 comitiis
285 575 356 636 anni
378 579 451 638 1681
471 597 479 638 :
499 599 514 636 c
533 580 574 642 Le
589 581 669 662 Papo
688 588 732 645 est
754 583 783 646 lc
800 584 872 648 chef
881 585 920 648 de
940 575 1074 669 l'llglise,
1089 590 1115 652 le

142 684 156 718 o
181 672 279 724 centro
291 663 326 725 dc
350 664 473 743 l’unile',
498 673 528 729 et
541 668 561 729 il
579 687 661 733 asur
682 690 759 735 nous
778 693 838 737 une
852 675 979 738 cutorite
997 676 1034 738 de
1052 679 1113 760 pri-

143 775 155 804 n
184 753 282 814 nrautd
300 753 380 816 etde
401 755 574 832 juridiction
597 777 656 840 que
670 761 751 823 J.-t}.
768 761 841 826 luia
862 764 982 827 donnce
996 763 1072 828 dens
1085 767 1113 829 le

142 865 155 893 o
183 861 330 920 personne
340 843 378 903 de
386 843 498 907 Pierre.
511 846 541 909 Si
551 866 591 909 on
604 852 807 912 neconxenait
816 872 870 934 pas
883 852 921 915 de
930 872 982 918 ecs
994 856 1111 934 recites,

143 953 154 982 n
180 949 219 988 uu
235 931 323 993 seruit
336 933 568 1016 sctxtsniatique,
585 937 616 1016 je
631 938 698 1018 puis
715 942 816 1002 rnerne
834 940 899 1003 dinc
912 941 1076 1025 hdre'tique.
1092 965 1107 1003 o

142 1021 408 1098 (Peneis-cerdone
421 1023 460 1084 clo
473 1023 584 1106 clerpc',
600 1031 622 1086 t.
639 1031 672 1100 5,
690 1047 719 1108 p.
734 1031 821 1109 355.)

180 1111 221 1170 Ex
247 1109 301 1170 noc
322 1113 525 1192 propositione
547 1118 577 1176 et
600 1133 637 1177 ex
663 1115 750 1178 dictis
772 1119 973 1199 pcaecedentis
993 1121 1109 1184 articuli

140 1201 232 1259 nurtta
246 1197 436 1262 ‹leducuntur
452 1221 459 1262 :

178 1311 248 1370 685.
272 1309 471 1372 Gerellanum
493 1313 521 1374 I.
544 1348 583 1359 -
606 1315 681 1376 Vera
701 1313 807 1377 Christi
829 1315 979 1392 Ecclesia,
1002 1320 1109 1384 merito

140 1397 269 1459 llornonc
279 1405 323 1460 est
333 1401 550 1482 nuncupanda,
566 1403 678 1484 quippo
692 1421 785 1466 omenes
793 1403 1108 1486 fidelescdllomcncm

138 1485 301 1548 Ecclesiam
311 1490 463 1550 conuenire
476 1489 588 1550 delient.

177 1571 246 1633 686.
273 1565 471 1630 corollarium
487 1565 642 1628 ll.—Non
653 1563 791 1627 collectio
800 1563 980 1627 Pontificum
995 1566 1103 1626 Rotna-

141 1677 248 1722 norurn
261 1656 405 1720 duntaxat
423 1661 456 1718 ut
470 1652 677 1717 indefectibilis
690 1661 735 1716 est
760 1653 907 1731 habenda,
935 1663 1023 1736 prout
1042 1653 1102 1715 vult

140 1745 326 1820 Bossuetius,
349 1745 402 1806 sed
416 1745 626 1825 unusquisque
648 1745 803 1805 Romanus
817 1741 954 1805 Pontifex
974 1751 1017 1805 est
1035 1745 1103 1805 rere

140 1833 308 1900 infallibilis
321 1833 439 1915 quoties
452 1851 490 1894 ec
501 1831 648 1894 Cuttcdmf
662 1832 760 1908 docet,
783 1831 812 1892 id
829 1839 885 1909 est,
900 1833 1022 1912 quando
1037 1839 1105 1893 tan-

143 1939 234 2005 quam
250 1923 346 2004 Caput
359 1921 500 1984 Ecclesioe
514 1939 552 1983 ex
568 1923 712 2002 supreme
729 1920 824 2001 ipsius
843 1928 986 2001 potestate
1001 1919 1104 2001 loqui·

144 2019 194 2076 tur
210 2015 231 2072 ¹.
246 2013 289 2073 De
301 2010 360 2074 lide
373 2018 430 2089 est,
447 2029 483 2072 ex
496 2010 651 2073 Vaticano.

171 2121 291 2184 Etenim
313 2141 349 2184 ex
371 2121 576 2203 propositione
599 2118 779 2202 praeeedenti
806 2123 824 2181 ir
848 2121 1007 2182 Gallicanis
1030 2123 1101 2204 ipsis

131 2209 281 2286 adnxisslt,
296 2209 334 2272 de
355 2209 473 2272 sideest
492 2211 662 2271 Romanum
682 2207 858 2270 Pontificem
880 2227 944 2270 esse
963 2217 1100 2274 centrum

133 2300 334 2362 necessarium
344 2296 836 2374 totiusconrnrunioniscatholicae,
849 2297 878 2358 id
888 2305 942 2368 est,
956 2301 1100 2381 cumipse
1144 2345 1147 2352 .

133 2390 301 2451 necessario
314 2387 457 2451 servando
471 2394 513 2450 cst
523 2387 623 2449 unitas
632 2385 797 2467 praescrtinr
807 2386 838 2446 in
849 2385 917 2448 fide.
931 2387 988 2450 Sed
1000 2387 1101 2450 absur-

131 2479 205 2541 dunt
219 2487 296 2541 esset
312 2479 478 2540 necessario
491 2476 636 2539 unitatem
651 2493 716 2537 esse
730 2474 905 2536 servandam
918 2494 989 2540 curn
1003 2480 1100 2560 coqui

131 2567 163 2630 in
174 2586 307 2630 errorem
317 2567 374 2630 labi
385 2573 499 2650 posset;
511 2567 623 2648 quippe
633 2563 740 2626 exinde
750 2570 924 2646 sequeretur
933 2568 1100 2632 necessario

55 2677 59 2686 ·
122 2657 242 2738 ¹debere
259 2675 315 2720 nos
335 2675 422 2739 posse
444 2653 605 2738 aliquando
626 2654 657 2715 in
677 2671 810 2716 errorem
831 2653 949 2730 induci3
974 2657 1046 2738 ergo
1067 2657 1099 2721 in

130 2765 265 2810 errorem
280 2746 337 2807 taor
353 2764 412 2808 non
427 2753 523 2827 potest
539 2746 691 2805 Romanus
702 2742 837 2805 Pontifex
851 2750 940 2826 prout
953 2752 998 2807 est
1010 2756 1100 2829 caput

131 2835 273 2898 Ecclesiae
287 2843 316 2896 et
329 2836 383 2896 sut
397 2837 537 2914 supreme
551 2837 694 2916 potestate
707 2831 816 2909 utitur3
839 2849 911 2914 ergo
925 2833 1029 2898 saltem
1043 2837 1099 2900 sub

130 2942 170 2988 co
181 2931 317 3006 respectu
332 2929 376 2984 cst
389 2921 561 2983 infallibilis.

172 3016 209 3075 Et
222 3013 292 3075 vero
311 3012 334 3074 si
360 3011 391 3072 in
413 3027 546 3072 errorem
566 3009 624 3072 tabi
648 3015 747 3092 posset
765 3013 920 3073 Romanus
942 3014 1096 3094 Pontifex,

131 3121 206 3184 crgo
226 3101 264 3164 ab
281 3101 382 3182 aliquo
403 3097 442 3162 ad
464 3099 613 3180 gremium
632 3100 762 3161 ueritatis
784 3097 973 3162 reducendus
992 3110 1096 3167 esset:

133 3191 260 3268 proinde
281 3207 343 3252 non
372 3191 526 3250 Romanus
555 3187 691 3250 Pontifex
713 3196 789 3251 esset
814 3195 952 3251 centxunr
977 3193 1098 3256 unitatis

134 3267 352 3352 necessarium,
367 3277 419 3340 sed
443 3276 491 3338 ille
506 3275 551 3337 vel
565 3275 606 3337 illi
624 3275 767 3339 duntaxat
781 3279 798 3339 a
816 3297 878 3358 quo
891 3279 936 3341 rel
951 3281 968 3340 a
988 3281 1097 3361 quibus

166 3477 176 3507 ⁴
192 3465 295 3529 Quando
305 3466 362 3516 vcro
373 3461 518 3530 loquiturut
529 3463 618 3514 Ductor
628 3463 743 3529 privatus,
753 3466 908 3516 communitis
920 3471 1016 3516 tenetur
1027 3466 1095 3518 illuni

136 3554 209 3607 posse
220 3553 318 3590 errare:
333 3535 443 3604 quamvis
460 3534 532 3584 etiarn
551 3540 608 3585 tuno
627 3533 726 3600 quidam
739 3534 806 3584 illurn
819 3535 925 3588 habeant
939 3543 964 3586 ut
978 3537 1096 3588 infallibi-

137 3613 193 3662 lem.
207 3609 232 3660 t.
246 3609 367 3671 Ferraria,
379 3619 406 3656 ro
418 3607 503 3674 Papo,
514 3610 558 3656 art·
571 3605 596 3653 2.
607 3617 635 3654 ur
645 3605 683 3654 68.

899 3692 982 3752 ¹0!ss
