2506 3984
413 239 499 290 uara
520 240 637 290 ramus.
951 219 1010 294 5¹15

82 341 172 403 1103.
195 343 318 415 Ouaerit.
341 347 369 408 3*
394 346 539 416 Quanam
554 343 602 404 sit
623 340 838 422 coadjutorum
861 347 1017 424 potestas?

81 427 170 529 liesp.
185 434 215 492 1ο
227 432 433 496 Attendendus
446 437 587 494 esttenor
596 431 775 494 Litterarum
784 431 1014 514 pontificalium,

35 517 153 599 qulbus
171 519 330 602 deputatus
353 521 409 586 luit
428 519 589 601 Coadjutor
604 519 657 584 :Si
670 527 825 584 remaneat
842 521 970 586 dubium
984 523 1016 586 in

37 606 146 688 aliquo
160 616 274 690 puncto
291 631 299 671 t

39 781 42 786 Ι
83 700 115 758 2⁰
139 697 340 764 «Videndum
354 706 418 780 est,
432 699 530 782 inquit
540 697 816 780 Scbmalzgrueber,
833 717 872 762 au
885 699 972 762 datus
981 702 1018 764 sit

37 808 57 844 a
82 784 230 866 dementi,
246 807 286 852 an
299 791 370 853 rerd
383 790 448 854 seni
468 795 498 852 et
511 789 642 860 inirrmo,
664 787 717 851 sed
731 787 842 850 mentis
861 789 992 869 compoti
1008 810 1015 851 z

38 896 57 934 ι
83 875 111 936 si
128 877 281 958 primam,
309 879 481 962 generalem
501 883 532 942 et
552 877 678 940 liberam
703 882 880 959 potestatem
901 883 962 940 tam
986 879 1017 941 in

39 987 58 1024 a
84 965 289 1046 spiritualibus
303 971 395 1050 qudm
417 969 450 1030 in
463 967 678 1049 temporalibus
698 965 805 1040 habet,
826 967 867 1028 ita
880 966 1018 1030 utatiam
1104 1017 1106 1028 ,

40 1076 57 1112 η
84 1052 231 1118 beneficia
251 1057 283 1118 in
297 1057 419 1121 dioeoesi
440 1057 575 1120 vacantia
592 1053 730 1118 conferre
750 1061 781 1117 et
801 1055 1018 1136 resignationes

41 1164 59 1202 r>
85 1143 207 1208 illorum
235 1147 329 1228 possit
356 1147 502 1228 recipere.
528 1167 544 1204 a
570 1144 646 1206 Vide
665 1145 711 1206 tit.
742 1143 777 1206 de
799 1145 905 1206 clerico
931 1165 1016 1226 capr,

41 1245 79 1295 ηο
94 1235 193 1296 aaut
209 1232 268 1296 hoo
280 1253 386 1298 rerum
400 1239 460 1307 est,
476 1235 538 1296 sive
552 1252 634 1306 cum,
650 1231 711 1295 sive
724 1232 829 1314 absque
843 1233 945 1313 satori
959 1253 1019 1295 aar·

40 1323 169 1384 cessione
182 1322 343 1403 coadjutor
356 1323 443 1388 datus
458 1324 506 1386 sit.

89 1411 179 1476 1101.
201 1411 241 1475 Si
253 1413 425 1490 secandam,
441 1430 552 1496 nempe
565 1412 589 1474 si
604 1410 691 1474 detur
705 1409 864 1489 Coadjutor
871 1409 1020 1492 Episcopo

42 1502 111 1564 seni
126 1508 178 1564 aut
190 1500 328 1580 infirmo,
344 1501 397 1565 sed
410 1501 521 1564 mentis
545 1499 693 1583 compoti,
708 1505 781 1561 tuno
798 1497 848 1562 ille
861 1497 1021 1580 Coadjrrtor

44 1590 102 1653 etsi
120 1591 207 1655 datus
225 1610 289 1654 cam
309 1590 416 1674 saturat
441 1590 612 1653 successione
634 1595 746 1652 etcum
765 1585 853 1670 pleni
874 1594 904 1648 et
927 1587 1021 1648 tiberi

42 1688 207 1763 potestate,
224 1699 286 1743 non
300 1687 397 1764 potest
411 1679 493 1743 solus
505 1677 734 1754 administrare,
749 1675 840 1739 invito
854 1675 1019 1758 Goadjuto:

46 1770 139 1850 quia,
156 1769 253 1852 inquit
271 1772 406 1852 Faguan.
423 1771 481 1852 (ap.
508 1769 624 1844 Boniti,
646 1767 691 1830 De
711 1765 875 1849 Episcopo,
891 1769 965 1827 torn.
984 1768 1020 1843 l,

48 1877 80 1940 p.
91 1861 171 1935 511),
184 1859 368 1940 «coadjutus
377 1859 485 1921 retinet
498 1858 530 1921 in
540 1857 644 1921 babitu
658 1859 871 1938 potestatemet
881 1853 1020 1933 jurisdic-

47 1969 64 2007 η
89 1945 226 2011 tionem:
243 1954 272 2011 at
285 1948 395 2011 frustra
413 1948 574 2024 retineret,
591 1947 634 2021 si,
654 1946 745 2007 causa
758 1943 922 2020 suadente,
943 1942 1021 2024 illius

47 2058 64 2097 η
90 2056 179 2100 usum
194 2037 398 2101 nonhaberet.
414 2033 699 2112 »Undeconcludit
712 2030 792 2094 idern
799 2033 934 2110 Fagnan.
951 2049 1021 2093 cunr

50 2128 82 2189 S.
99 2128 208 2208 Congr.
226 2127 330 2201 Cano,
346 2123 555 2204 CoadJ'utorem
565 2122 691 2182 minime
705 2138 793 2202 posse
807 2138 838 2181 se
852 2119 1022 2182 immiscere

51 2217 82 2278 in
97 2216 238 2278 exercitio
251 2211 494 2289 Pontificalium,
510 2229 609 2292 neque
620 2206 901 2289 jurisdictionalium
914 2207 1023 2289 quibus

51 2304 175 2386 defungi
197 2309 296 2386 potest
315 2309 343 2364 et
365 2301 428 2364 vult
442 2301 504 2384 ipse
518 2301 685 2382 Episcopus
708 2296 853 2376 Adjutus,
870 2313 969 2376 neque
988 2313 1023 2357 ea

52 2394 134 2457 solus
153 2391 291 2474 expedire
313 2390 424 2473 quibus
442 2408 477 2454 ex
499 2387 674 2452 rationabili
688 2384 773 2448 caari
795 2383 875 2446 idem
897 2383 1023 2463 Adjutus

51 2482 228 2547 contradicit
244 2487 405 2563 :tanquam
418 2485 499 2544 certa
512 2477 578 2540 haec
590 2475 748 2558 disciplina
761 2473 962 2536 communiter
970 2471 1023 2533 ha·

52 2575 151 2636 betur.
168 2571 242 2634 Vide
256 2571 399 2648 Ferraria,
414 2581 445 2631 νῦ
460 2567 636 2649 Coodjator,
652 2564 693 2628 η’·
707 2568 746 2627 19
760 2569 789 2625 et
802 2566 855 2638 303
873 2560 1023 2624 Schmalz-

53 2663 196 2746 grueber,
212 2659 305 2735 ibid,
320 2659 363 2722 nr.
376 2663 414 2722 11
429 2665 458 2722 et
471 2661 527 2734 a&
543 2674 629 2720 secus
642 2654 667 2718 si
688 2649 931 2715 irrationabiliter
950 2668 1024 2713 oon-

53 2751 213 2815 tradiceret
238 2748 382 2830 AdJulus;
417 2747 469 2810 sed
489 2753 562 2810 tuno
588 2743 740 2806 ordinarie
767 2738 930 2822 prudenter
957 2744 1025 2820 aget

56 2840 235 2920 coadjutor,
250 2837 433 2902 recurrendo
447 2836 485 2900 ad
499 2834 608 2899 Sedem
626 2829 838 2914 Apostoliaam.

96 2935 185 2994 1105.
207 2929 409 2992 Nihilominus
431 2927 536 3008 nequit
551 2921 678 3003 Adjutus
695 2919 780 2983 alteri
794 2919 886 3001 quam
901 2915 1023 2997 Coadju-

57 3021 113 3086 tori
126 3020 265 3102 delegare
277 3037 312 3081 ea
326 3037 394 3101 quae
408 3017 472 3100 ipse
482 3033 545 3078 non
558 3013 621 3076 vult
630 3017 682 3074 aut
694 3027 755 3072 non
770 3005 984 3090 potestiaoere,
995 3013 1025 3069 et

57 3129 126 3194 quar
139 3108 299 3190 Goadjutor
312 3123 455 3190 peragere
464 3121 527 3166 non
540 3101 651 3163 renuit.
666 3101 709 3161 lta
721 3094 934 3161 communiter.
952 3093 1025 3158 Vide

58 3200 189 3264 Ferraria
206 3199 259 3282 qui
281 3197 351 3261 citat
364 3194 549 3258 decisionem
562 3193 593 3256 S.
610 3191 789 3272 congregat.
805 3187 1023 3268 Episcoporum

58 3291 97 3372 (v0
113 3289 287 3370 coadjutor,
302 3296 337 3349 n·
351 3286 412 3367 60).
972 3281 979 3286 '

98 3381 127 3444 Si
142 3384 271 3463 potestas
284 3373 458 3439 conferendi
481 3371 628 3437 beneficia
649 3387 711 3432 ηοη
725 3365 911 3449 exprimatur
924 3361 1023 3442 aliquo

58 3469 149 3536 modo
164 3469 194 3530 in
216 3466 333 3530 Litteris
347 3462 525 3541 Pontificiis,
540 3459 700 3539 coadjutor
716 3456 805 3519 datus
818 3453 967 3535 Episcopo
981 3449 1025 3512 io-

61 3561 147 3625 lirmo
160 3567 189 3622 et
198 3558 278 3631 seni,
294 3554 347 3620 sed
369 3553 480 3618 mentis
493 3549 639 3633 compoti,
655 3565 718 3611 non
726 3547 825 3628 potest
838 3541 894 3604 sibi
907 3539 966 3602 boo
976 3539 1025 3618 jus
1041 3578 1047 3589 ,

60 3667 209 3733 arrogare,
225 3647 317 3710 invito
328 3645 452 3726 adjuo3
463 3641 629 3706 subsistunt
636 3645 738 3702 tamen
751 3631 924 3698 oobationes
937 3625 976 3690 ab
989 3643 1025 3690 eo
