2586 3988
230 239 267 298 t8
451 250 592 297 uturum
613 251 717 298 rorrns
736 253 818 302 runis
838 253 986 302 crnomcr.

173 397 175 402 ·
229 362 292 418 tum
307 355 455 418 societatis
473 353 608 418 fidelium
623 403 631 432 ,
647 373 807 438 supremus
825 356 945 419 illorum
964 357 1080 438 Pastor,
1095 367 1125 422 et
1139 361 1209 424 sine

228 533 309 597 haud
322 541 466 617 possunt,
483 535 507 596 si
523 535 602 617 Papa
621 533 703 615 leges
718 541 846 616 nequeat
860 534 991 599 condere
1005 539 1075 598 vere
1089 538 1207 620 obliga-

110 665 111 668 *
227 624 318 687 tortas
340 630 409 686 ante
427 623 615 688 subditorum
630 623 865 706 acceptationem
883 643 891 684 ε
912 624 961 688 illa
978 625 1060 687 enim
1078 645 1139 690 non
1161 635 1207 689 est

229 711 459 776 fundamentum
473 712 591 776 aedificii
606 713 783 794 sociatisqui
793 713 928 776 membra
944 715 1049 796 nequit
1062 715 1207 798 colligare

229 802 260 864 in
275 821 371 865 unum
385 801 494 865 sociale
508 801 688 879 aediticium;
701 819 762 864 non
773 809 817 864 est
826 805 931 865 Pastor
939 804 991 886 qui
1004 821 1126 884 gregem
1142 824 1207 868 non

228 897 325 972 potest
337 890 463 970 ducere,
479 891 525 954 vel
537 891 686 954 abducere
700 898 789 973 prout
802 891 912 954 melitis
921 892 1062 974 expedire
1071 893 1206 974 judieat3

229 998 286 1042 nec
307 981 439 1062 denique
466 980 542 1044 ualet
561 999 740 1063 quocumque
769 979 851 1042 modo
880 981 974 1060 ligare
1001 983 1054 1063 qui
1083 985 1207 1045 nonnisi

229 1070 361 1131 volentes
374 1076 403 1132 et
416 1070 637 1133 consentientes
648 1071 698 1150 jus
711 1069 801 1131 habet
811 1069 936 1151 ligandi.
949 1072 1028 1154 llrgo
1041 1071 1122 1153 leges
1131 1092 1211 1154 pon·-

228 1158 328 1222 tifroiae
349 1160 410 1221 vim
431 1159 544 1241 ligandi
566 1157 678 1222 haltere
699 1157 810 1221 debent
833 1159 924 1222 etiam
938 1167 1007 1222 ante
1027 1163 1208 1242 acceptatio-

229 1267 311 1310 nem.

229 445 289 508 ulla
312 445 490 526 exceptione
509 451 606 526 potest
631 443 699 507 illos
718 445 822 526 ligare.
843 447 915 508 Haec
933 455 1034 510 autem
1053 467 1122 511 vera
1138 466 1209 513 essc
1281 487 1282 498 .

267 1341 300 1400 3⁰
330 1335 371 1400 ux
397 1337 533 1402 conciliis
566 1337 599 1404 in
630 1337 835 1420 propositione
871 1337 1051 1420 praecedenti
1079 1339 1207 1420 relatis,
1283 1369 1284 1416 t

229 1429 260 1490 S.
277 1427 412 1491 Pontifex
430 1427 520 1490 habet
542 1427 663 1508 plenam
678 1434 708 1488 et
726 1445 878 1489 summam
902 1435 1076 1510 potestatem
1094 1430 1207 1510 gutier-

229 1517 321 1580 nandi
332 1517 532 1580 universalem
551 1517 727 1578 Ecclesiam.
744 1516 802 1580 Sed
816 1537 878 1598 quo
892 1518 978 1579 titulo
992 1517 1089 1578 vocari
1106 1527 1209 1600 posset

226 1605 315 1689 pleno
335 1613 364 1668 et
381 1626 492 1668 summo
514 1613 643 1688 potestas
657 1624 726 1686 quae
739 1607 869 1688 amplior
883 1625 944 1668 non
961 1606 1036 1668 foret
1055 1611 1090 1668 ed
1112 1625 1207 1688 qnam

229 1695 339 1776 singuli
352 1693 469 1772 fideles,
485 1695 575 1756 etiam
590 1693 795 1772 muliercula,
811 1703 932 1777 possent
943 1695 999 1756 sibi
1012 1694 1161 1774 tribuere,
1177 1705 1209 1760 et

229 1783 267 1846 de
281 1783 357 1846 facto
371 1801 527 1860 exercere,
542 1784 566 1846 si
581 1783 680 1846 caeteri
694 1784 909 1846 consentirent.
932 1786 1030 1864 Ergo,
1045 1791 1102 1846 etc.

269 1877 301 1934 t⁰
321 1873 365 1935 Ex
379 1871 532 1934 decisione
555 1871 715 1934 Facultatis
731 1872 908 1935 Parisiensis
927 1873 1019 1948 (anno
1040 1874 1151 1948 laetu
1168 1873 1209 1936 ab

230 1963 295 2044 ipsit
313 1963 396 2026 enim
410 1961 551 2023 damnata
572 1960 626 2023 fuit
647 1959 711 2023 lraec
731 1960 852 2024 Lutheri
867 1961 1053 2044 propositio:
1073 1964 1208 2044 «Neque

229 2074 245 2111 r
269 2053 366 2134 Papa,
390 2069 489 2132 neque
507 2051 694 2132 Episcopus,
717 2068 816 2132 neque
832 2051 912 2112 ullus
934 2050 1093 2112 hominum
1117 2049 1207 2114 habet

229 2164 245 2201 r
266 2141 316 2219 jus
335 2141 426 2204 unius
446 2137 566 2221 syllabae
580 2157 671 2220 super
689 2137 890 2202 Christianum
905 2139 1060 2201 hominem
1076 2187 1083 2217 ,
1100 2141 1158 2202 nisi
1176 2141 1208 2202 id

230 2253 245 2290 r
270 2229 322 2292 fiat
342 2229 478 2310 eiusdem
497 2246 665 2305 consensu3
682 2235 711 2290 et
724 2227 872 2310 quidquid
895 2229 980 2291 aliter
999 2227 1030 2289 sn
1044 2231 1206 2310 tyrannico

230 2342 245 2380 u
269 2320 374 2402 spiritu
403 2317 488 2396 tit,n
519 2317 662 2380 damnata
688 2323 732 2379 est
753 2327 855 2381 autem
882 2323 1027 2400 tanquam
1047 2318 1079 2378 in
1098 2318 1158 2400 fide
1178 2325 1210 2381 et
1285 2407 1286 2418 ,

229 2409 357 2471 moribus
370 2428 500 2471 erroneo.

270 2503 301 2561 5ο
323 2497 798 2560 tlonfirmatanoncordatocum
809 2497 1205 2573 Gallittinito,annot80l;
1285 2457 1286 2534 i

231 2590 262 2650 S.
279 2586 431 2664 Pontifex,
451 2586 483 2649 in
502 2587 718 2650 Constitutione
741 2605 833 2668 qnam
852 2586 945 2649 edidit
971 2585 1130 2648 occasione
1151 2587 1204 2649 cin

231 2675 1205 2759 cumscriptionisEcolesiarumGalliae,monethunccircumsorip·

231 2767 344 2828 tionem
353 2766 510 2828 valituram
523 2783 599 2842 esse,
609 2765 724 2828 etiamsi
739 2765 874 2828 titulares
883 2765 991 2828 harum
1003 2763 1208 2828 Ecclesiarum

231 2873 413 2918 consensum
427 2853 657 2937 denegaverint,
670 2871 762 2936 quem
780 2854 819 2917 de
832 2855 910 2918 facto
924 2855 1026 2918 revere
1040 2853 1209 2936 denegare-

232 2951 302 3008 mnt
316 2944 450 3026 primum
463 2947 513 3018 36,
530 2942 583 3006 sed
597 2943 718 3006 tandem
732 2949 751 3006 t
765 2947 883 3007 tantum
897 2941 1037 3026 Episcopi
1050 2962 1059 3018 ;
1076 2959 1209 3024 qnorum

231 3033 421 3116 oppositione
441 3049 503 3095 non
526 3031 678 3108 obstante,
707 3021 806 3116 reipsll
823 3040 924 3096 tamen
945 3033 1008 3096 vim
1030 3031 1135 3094 habuit
1152 3033 1210 3096 cir·
1284 3039 1286 3062 ⁸

231 3123 425 3205 cumscriptio
443 3125 460 3184 a
479 3123 510 3184 S.
534 3121 611 3184 Sede
635 3120 771 3200 decreta,
794 3123 833 3184 tu
861 3129 895 3185 ut
921 3123 974 3204 qui
996 3121 1160 3184 noluerunt
1180 3123 1207 3184 ei

232 3213 423 3294 acquiescere
436 3209 527 3274 habiti
542 3209 653 3273 fuerint
667 3211 863 3286 schismatici,
879 3217 909 3274 et
922 3210 979 3274 snb
993 3209 1118 3273 nomine
1133 3211 1208 3271 Por-

232 3299 308 3364 nuloe
324 3300 467 3364 Ecclesia
479 3299 641 3383 reprobati.
655 3301 751 3382 Ergo,
762 3308 821 3364 etc.

272 3403 322 3464 30.
347 3397 545 3465 corollarium
559 3397 588 3460 I.
605 3431 645 3445 -
659 3401 739 3480 Ergo
760 3404 872 3481 potest,
897 3399 922 3462 si
945 3400 1032 3476 velit,
1052 3401 1209 3463 Romanus

233 3487 370 3553 Pontifex
382 3487 500 3569 legibus
513 3486 576 3549 suis
589 3487 745 3550 universos
757 3488 850 3569 ligare
859 3488 974 3570 absque
989 3489 1209 3571 Episcoporum

234 3578 449 3661 acceptatione.
465 3577 519 3637 Est
531 3580 637 3638 mntra
650 3576 845 3656 Febronium,
855 3577 1062 3655 Quesnellium
1071 3585 1102 3640 et
1115 3597 1208 3664 quos·

234 3666 305 3730 dam
319 3665 491 3747 gallicanae.
