2578 4008
529 286 615 330 arnan
636 286 754 333 narnus.
1072 271 1130 334 993

155 377 194 443 ad
207 381 393 443 erectionem
406 386 437 443 et
445 381 735 444 administrationem
749 381 1046 456 confraternitatum,
1058 384 1130 447 item

155 472 304 552 quantiam
332 469 370 532 ad
405 470 697 532 administrationem
733 470 927 553 hospitalium
957 472 1129 552 (Ferraria,

155 569 185 621 v⁰
200 559 374 641 Repulores,
389 566 446 622 ari.
461 563 492 636 2,
504 559 544 622 '1¹'
559 563 671 638 sti-57).

196 649 247 712 Sic
260 653 312 712 21⁰
326 657 482 730 nequeunt
497 649 649 730 regulares
662 647 800 712 habitum
814 647 859 712 sui
874 649 989 712 ordinis
1001 651 1131 714 mulieri-

155 737 214 800 bus
227 737 367 800 tertiariis
382 736 520 800 conferre
533 738 647 821 absque
666 738 786 801 licentia
799 739 952 822 Episcopi,
976 740 1028 822 qui
1049 741 1130 804 illam

155 826 323 890 concedere
338 845 400 889 non
414 826 514 903 debet,
536 828 593 889 nisi
608 829 665 892 sub
679 827 861 910 quibusdam
876 827 1101 892 conditionibus
1114 831 1130 892 a

155 914 272 978 Bened.
286 917 352 980 XIV
367 915 550 978 enumeratis
563 917 619 994 (aa
632 915 722 1000 Syn,
738 915 789 979 lib.
806 921 836 992 9,
852 935 880 979 c.
898 921 951 994 15,
968 929 1002 979 n·
1017 923 1076 996 11).
1190 979 1193 986 ,

196 1009 265 1069 599.
289 1005 339 1067 Sic
365 1008 417 1066 99·
443 1005 626 1068 monasteria
655 1005 833 1068 monialium
859 1005 927 1068 Scdi
954 1007 1131 1089 Apostolicae

156 1093 330 1157 immediate
349 1094 553 1173 subjectarum
567 1095 630 1175 regi
644 1094 756 1156 debent
769 1094 868 1175 quoad
882 1094 1055 1176 pudoratam
1068 1099 1130 1180 rpi-

157 1183 285 1256 rr'tnole,
302 1201 364 1245 non
384 1184 455 1244 verb
474 1183 655 1265 temporale,
673 1183 711 1244 ab
724 1183 873 1265 Episcopo
887 1189 1032 1266 tanquam
1048 1187 1131 1249 Sedis

157 1272 338 1354 spostolicae
366 1271 504 1354 delegato
531 1273 635 1351 (Cano.
669 1271 772 1350 Trid,
797 1291 871 1334 sess.
895 1275 954 1350 95,
979 1291 1007 1336 c.
1032 1279 1069 1350 9,
1098 1275 1131 1337 da

158 1361 280 1443 ragull.

196 1455 266 1514 593.
289 1451 339 1515 Sic
361 1455 414 1515 23⁰
434 1451 587 1534 regulares
610 1452 702 1514 etiam
723 1451 875 1532 exempti,
900 1451 1057 1536 Episcopis
1071 1473 1131 1516 non

156 1559 244 1604 secus
257 1560 293 1604 ac
306 1541 465 1606 saeculares
479 1541 682 1620 subjiciuntur
691 1539 791 1621 quoad
806 1540 952 1604 librorum
964 1541 1133 1625 impressio

158 1647 227 1692 nem
243 1635 333 1708 (7131.

196 1724 265 1783 sal.
289 1721 339 1783 Sic
361 1724 412 1782 ab
442 1726 599 1801 nequeunt
624 1718 800 1800 regulares,
830 1719 945 1802 absque
982 1721 1130 1785 ordinarii

157 1809 292 1885 licentiat,
317 1827 409 1872 novas
428 1807 630 1889 indulgentias
650 1827 726 1890 quas
739 1809 757 1869 a
771 1809 802 1870 S.
819 1809 896 1873 Sede
911 1809 1130 1894 impetrarunt,

158 1898 311 1982 publicare
324 1900 427 1977 (Cone.
443 1897 539 1976 Trio,
555 1916 628 1960 sess.
644 1901 697 1972 91,
714 1916 742 1960 c.
758 1901 797 1974 9;
814 1903 845 1960 ct
856 1916 930 1962 sess.
947 1903 1003 1976 97,
1022 1899 1128 1964 decret.

156 1985 191 2050 da
205 1987 350 2069 Indulgl.

197 2080 267 2139 595.
291 2077 340 2139 Sic
356 2080 407 2138 25⁰
428 2076 602 2157 regulares,
625 2075 715 2138 etiam
733 2075 883 2158 exempti,
899 2075 1062 2159 praedicare
1082 2097 1132 2142 ne·

156 2171 274 2248 queunt
295 2173 379 2228 extra
400 2165 541 2227 ecclesias
555 2165 601 2226 sui
620 2165 755 2240 ordinis,
777 2164 891 2245 absque
909 2165 1032 2228 obtenta
1045 2168 1131 2230 Ordi-

158 2255 233 2317 narii
250 2255 391 2331 licentia,
408 2255 464 2317 nisi
480 2273 535 2336 pro
549 2253 667 2316 duabus
681 2259 733 2316 aut
749 2253 845 2315 tribus
859 2253 994 2331 vicibus,
1010 2263 1062 2317 aut
1075 2258 1131 2320 nisi

157 2344 333 2407 ordinarius
356 2343 466 2406 absens
488 2350 565 2405 esset
578 2390 586 2418 ,
601 2349 631 2405 et
645 2343 803 2424 religiosus
818 2342 926 2424 aliquis
943 2348 1132 2408 transeunter

157 2433 291 2510 adesset,
307 2434 338 2496 in
353 2433 463 2515 quibus
477 2433 597 2495 casibus
612 2432 760 2515 parochus
774 2431 833 2493 illis
852 2431 1019 2494 concedere
1033 2442 1133 2515 posset

157 2521 309 2586 licentiam
332 2521 515 2604 praedicandi
538 2539 574 2584 cx
595 2525 792 2585 concessione
810 2522 899 2601 Greg.
915 2523 980 2584 Xlii
993 2556 1033 2566 —
1046 2524 1131 2596 (Vide

158 2611 188 2674 S.
201 2613 336 2694 Liguor,
349 2612 389 2674 De
400 2611 585 2693 Privilepr'ia.
594 2620 626 2672 n⁰
637 2609 1132 2687 lidi—inecclesiisverdordinis

158 2702 202 2764 sui
219 2701 379 2784 praedicare
390 2706 526 2782 possunt,
538 2701 628 2782 petita
642 2701 782 2781 Episcopi
800 2699 1025 2777 benedictione,
1041 2704 1131 2766 modii

158 2808 220 2854 non
234 2789 429 2864 contradicat,
446 2789 517 2871 quia
532 2791 562 2850 in
578 2789 636 2852 boc
649 2807 721 2852 casu
736 2791 754 2850 a
769 2788 980 2870 praedicatione
994 2791 1085 2854 etiam
1100 2795 1130 2856 in

158 2879 293 2942 ecclesiis
307 2880 370 2942 suis
384 2880 536 2960 regulares
549 2897 581 2940 se
602 2877 713 2940 debent
727 2877 875 2939 abstinero
898 2877 1002 2956 (Cone.
1028 2881 1129 2960 aad,

158 2987 232 3046 sess,
242 2975 273 3045 5,
288 2988 315 3031 c.
332 2972 371 3046 23
387 2987 460 3032 sess.
476 2971 527 3045 91,
542 2985 610 3051 cap.
626 2972 657 3042 4,
678 2966 713 3028 de
726 2965 869 3048 resonn.;
887 2967 972 3032 Bulla
986 2969 1132 3033 losanta-

159 3057 216 3120 dili
225 3107 233 3136 ,
249 3061 338 3140 Greg.
363 3061 427 3122 XV.
440 3093 476 3104 —
487 3059 580 3121 dono.
598 3056 758 3134 nveniam,
773 3057 844 3119 anni
862 3061 955 3126 1819.
974 3078 1004 3141 ρ.
1021 3063 1130 3140 85).Ιά

156 3147 247 3209 ctiam
274 3147 493 3230 agnoscebatur
520 3146 594 3210 olim
625 3148 643 3208 a
676 3145 741 3226 lege
768 3145 845 3208 cirili
868 3164 877 3206 ε
898 3147 965 3208 vide
998 3149 1130 3214 edictum

156 3236 229 3298 anni
244 3241 336 3310 1695,
353 3241 410 3299 art.
431 3241 504 3300 9.-
512 3236 621 3314 Bcuix,
642 3233 822 3317 deiloqui,
836 3240 860 3299 t.
877 3240 916 3314 9,
933 3257 963 3319 p.
979 3242 1055 3317 963,
1070 3246 1127 3302 ato.

156 3325 283 3388 -Vide
297 3326 374 3387 inira
387 3325 513 3388 dicenda
524 3327 636 3404 191193).
1225 3329 1232 3338 '

196 3415 352 3476 Prohiberi
368 3422 524 3496 nequeunt
537 3415 690 3495 regulares
704 3433 742 3476 nc
756 3415 788 3476 in
803 3415 866 3477 suis
879 3415 1013 3479 ecclesiis
1026 3418 1131 3500 pradi-

157 3511 226 3566 cant
240 3503 346 3566 eadcm
361 3503 434 3566 hora
449 3507 508 3585 qut
522 3506 629 3566 concio
639 3505 669 3565 in
681 3503 807 3565 ecclesia
821 3503 983 3584 parochiali
992 3505 1129 3568 habenda

157 3598 213 3670 est,
227 3593 256 3654 ai
268 3592 337 3654 duic
346 3593 475 3656 concioni
484 3611 540 3653 non
558 3593 677 3654 intersit
691 3591 862 3674 Episcopus,
877 3591 922 3653 vel
934 3593 961 3651 si
969 3604 1130 3672 persemet-

156 3682 252 3766 ipsum
265 3701 323 3743 non
330 3680 492 3765 praedicet,
511 3680 568 3744 nisi
582 3681 613 3742 in
628 3679 748 3743 casibus
761 3678 1013 3742 extraordinariis.
