2578 4008
208 181 267 244 350
427 202 565 250 nauatae
585 203 686 250 nortus
706 205 788 251 tonas
809 205 958 253 canotum.

251 297 395 361 Probatur
413 303 445 360 3ο
467 301 511 361 Ex
533 299 620 362 Claro
642 300 794 364 Gallicano
811 323 818 363 ι
837 305 926 366 Anno
948 306 1024 366 1683
1047 305 1186 370 Facultaa

211 387 366 468 theologiae
383 387 559 450 Parisiensis
590 389 758 471 <tantique
781 408 844 454 suae
869 391 901 453 in
924 393 1033 456 Sedem
1057 396 1186 477 Aposto-

210 499 225 534 ι)
250 476 338 538 licam
353 478 525 539 reverentiae
541 496 606 540 esse
621 478 707 540 duxit
723 479 773 542 hio
787 479 918 544 breviter
928 483 1067 564 pressam,
1088 483 1186 548 diser-

210 587 225 625 a
249 567 339 647 teque
352 574 486 647 repetere
500 567 582 648 quod
591 567 664 629 olim
678 586 740 630 non
756 569 990 652 semelprofessa
1005 580 1061 652 est,
1076 575 1186 638 Roma-

139 695 141 698 ·
211 676 226 714 a
250 673 324 716 num
349 655 530 738 Episcopum
545 674 610 718 esse
630 657 698 736 jure
714 658 817 721 divino
831 660 994 723 Summum
1008 661 1040 724 in
1054 663 1187 726 Ecclesia

212 765 226 802 a
254 743 445 814 Pontificem,
462 745 509 805 cni
518 764 613 807 ornnes
629 745 798 809 Christiani
808 769 915 831 parere
929 757 1076 830 tenentur,
1091 757 1189 834 etqui

213 854 226 891 a
252 832 449 894 immediatae
462 832 592 912 Clarista,
608 853 670 898 nan
685 835 809 900 honoris
822 841 952 916 tantiam,
967 840 1021 903 sed
1034 849 1188 924 potestatis

213 941 226 979 a
251 928 281 982 at
291 921 508 1000 jurisdictionis
519 923 685 986 Primatum
694 923 801 988 habeat
813 927 843 988 in
854 931 916 990 toti.
929 929 1093 992 Ecclesia.»
1107 933 1188 1013 Ergo

213 1009 284 1072 salsa
304 1017 348 1072 est
361 1011 463 1092 opinio
476 1030 582 1074 eorum
596 1014 648 1094 qui
667 1015 857 1078 somnitrunt
871 1019 901 1080 S.
918 1019 1097 1083 Pontificem
1112 1019 1189 1086 nihil

214 1117 300 1182 posse
316 1100 347 1160 in
362 1100 496 1162 Ecclesia
506 1101 562 1163 nisi
576 1102 694 1167 defectu
705 1105 832 1168 aliorum
843 1114 1010 1188 pastorum.
1025 1111 1116 1192 Ergo,
1127 1116 1185 1176 etc.

251 1191 318 1251 lam
340 1208 421 1252 anno
437 1194 513 1252 taen
529 1191 635 1254 eadem
649 1195 825 1258 parisiensis
839 1198 977 1262 Facultns
991 1199 1109 1263 celebre
1122 1199 1188 1278 edi:

212 1277 295 1340 derat
315 1279 470 1343 decretum
487 1281 531 1343 sio
544 1290 725 1364 conceptum
741 1304 748 1344 ε
769 1285 932 1350 «Consulti
948 1307 1054 1352 sumus
1068 1293 1186 1368 utrum‚'

213 1391 228 1428 n
251 1369 396 1432 sacerdote
416 1371 580 1452 parochiali
595 1372 807 1437 contradicente
821 1385 874 1436 aut
888 1378 997 1457 inuita,
1013 1379 1188 1461 parochiani

214 1479 228 1517 a
251 1459 396 1536 ejusdem.
408 1461 495 1542 Papae
509 1462 555 1523 vel
568 1463 799 1526 Poenitentiariis
812 1465 889 1545 ejus,
905 1467 952 1530 vel
968 1487 1023 1530 suo
1037 1469 1187 1551 Episcopo

214 1570 229 1606 a
253 1556 282 1608 et
305 1550 534 1612 Paenitentiariis
552 1553 616 1632 ejus
635 1561 756 1634 peccata
778 1573 832 1617 sua
846 1556 1052 1620 universaliter
1070 1559 1189 1621 valeant

214 1661 229 1694 a
253 1638 408 1716 confiteri,
428 1645 518 1720 atque
532 1639 570 1700 ab
590 1641 704 1702 eisdem
724 1643 930 1724 paenitentiam
945 1667 1000 1730 pro
1017 1649 1188 1712 commissis

215 1728 400 1807 reaccipere.
434 1729 568 1791 Dicimus
598 1731 778 1793 unanimiter
811 1737 1016 1798 consentientes
1045 1738 1187 1820 predicta

215 1838 229 1873 a
255 1815 333 1878 licite
347 1815 411 1879 fieri
426 1823 553 1894 passeet
564 1818 684 1882 debere.
700 1842 715 1881 a
734 1822 809 1885 Vide
823 1824 977 1904 Lacaena,
993 1839 1027 1889 m
1042 1832 1111 1889 666.

261 1895 345 1958 Urnte
369 1905 475 1966 merito
496 1905 661 1968 Concilium
681 1909 859 1971 Vaticanum
881 1917 1056 1991 sequentem
1081 1913 1188 1987 protu-

219 1979 480 2052 litdelinitionetn:
497 1995 661 2076 «Siquis...
672 1996 776 2058 dixerit
787 2000 956 2060 Romanum
968 1997 1186 2063 Pontificem...

217 2089 232 2124 a
260 2068 369 2136 habere
396 2085 510 2143 tantum
532 2086 661 2162 potiores
685 2092 783 2165 partos
806 2105 866 2148 tion
890 2081 960 2150 verti
982 2095 1072 2148 totam
1090 2087 1189 2168 pleni-

217 2178 231 2214 a
256 2161 428 2229 tudinem...
453 2187 603 2252 supremae
619 2175 786 2253 potestatis3
809 2182 860 2236 aut
880 2175 957 2238 hanc
974 2177 1042 2253 ejus
1057 2183 1188 2255 potesta-

140 2273 145 2279 ·
216 2268 229 2304 a
254 2255 313 2311 tem
334 2259 659 2323 nonesseordinariam
676 2269 706 2324 et
724 2263 944 2338 immediatam,
960 2265 1020 2326 siae
1036 2267 1066 2325 in
1079 2282 1189 2327 omnes

214 2356 229 2394 a
253 2354 288 2398 ac
302 2339 433 2420 singulas
452 2347 601 2424 ecclesias,
618 2351 678 2412 sive
695 2351 724 2414 in
740 2371 848 2414 omnes
859 2359 888 2415 et
909 2354 1043 2433 singulos
1054 2361 1188 2433 pastores

214 2445 228 2484 a
253 2427 408 2508 ettideles3
423 2437 579 2498 anatliema
593 2439 666 2500 sit.»
680 2441 773 2518 (Sese.
790 2443 1111 2524 transpungere
1127 2443 1188 2507 luia

213 2517 1184 2598 estPapaejurisdictionemcsscimmediatamiuomuemEcclea.

256 2615 325 2672 681.
349 2614 471 2685 tluaern.
491 2625 524 2677 5⁰
539 2619 644 2680 Utrum
658 2623 690 2682 S.
707 2625 843 2688 Pontifex
857 2632 950 2710 possit
963 2633 1121 2698 abdicare?

256 2700 345 2780 Rcsp.
369 2702 568 2782 Affirmative,
593 2724 630 2768 ex
649 2727 715 2791 cap.
738 2710 880 2788 Quoniam
902 2723 937 2797 l,
958 2719 993 2784 de
1012 2727 1174 2790 renuntiat.

216 2784 247 2846 in
258 2791 300 2848 6⁰.
316 2789 412 2868 ipsius
431 2807 531 2854 autem
546 2797 729 2861 renuntiatio
743 2800 806 2864 lieri
822 2805 910 2869 debet
927 2811 1008 2891 apud
1021 2813 1188 2896 Collegium

216 2875 434 2956 Cardinalium‚
455 2883 526 2944 ciam
547 2883 698 2968 adipsum
720 2889 865 2956 duntaxat
883 2907 996 2979 spectet
1014 2903 1103 2984 Papae
1117 2923 1188 2969 suc-

214 2966 341 3027 cessoris
363 2967 478 3032 electio.
500 2975 536 3034 V.
557 2975 703 3056 Ferraria,
723 2988 753 3041 v⁰
776 2987 878 3065 Papa,
897 2995 953 3050 nrt.
969 2993 1007 3069 2,
1029 3001 1062 3052 ηο
1076 2996 1136 3073 36,
1158 3003 1188 3058 et

213 3070 303 3135 supra
316 3054 395 3119 dicte
408 3059 498 3142 (507).

253 3145 321 3206 682.
345 3147 466 3218 Quaerit.
482 3153 515 3213 6ο
535 3153 643 3216 iliram
667 3156 746 3239 Papa
767 3159 798 3222 in
819 3162 957 3230 haeresim
979 3169 1096 3252 lapsus,
1118 3173 1187 3257 ipso

209 3231 669 3313 jura‚tP0ntifieatudeotdatt
1184 3249 1187 3254 ⁸

252 3325 341 3406 Reap.
366 3344 436 3389 eum
458 3331 493 3392 n.
514 3329 552 3392 dc
574 3334 614 3394 Μ.
632 3335 679 3414 lin
700 3337 763 3400 suis
782 3341 856 3404 Inst.
876 3345 943 3424 jar.
967 3370 1081 3430 canon,
1097 3358 1119 3415 t.
1143 3359 1183 3436 t,

211 3431 241 3494 p.
258 3417 350 3494 nect:
372 3421 474 3480 «Duae
494 3427 564 3483 sunt
584 3423 753 3504 opiniones,
775 3432 814 3492 ait
836 3435 948 3501 Azor...
968 3461 1096 3522 quarum
1119 3463 1183 3508 una

210 3522 225 3562 n
249 3503 454 3570 affirmatessc
475 3508 597 3589 quidem
616 3513 685 3591 jure
704 3514 806 3581 divino
820 3523 968 3604 privatum
988 3531 1178 3614 pontificatu,

208 3609 226 3654 a
250 3593 301 3654 sed
320 3595 461 3658 Ecclesiae
478 3599 624 3661 sententia
641 3606 744 3681 postea
763 3607 979 3678 declarandum
1002 3619 1042 3681 ob
1057 3623 1177 3688 crimen
