<?xml version="1.0" encoding="UTF-8"?>
<!DOCTYPE html PUBLIC "-//W3C//DTD XHTML 1.0 Transitional//EN"
    "http://www.w3.org/TR/xhtml1/DTD/xhtml1-transitional.dtd">
<html xmlns="http://www.w3.org/1999/xhtml" xml:lang="en" lang="en">
 <head>
  <title>
</title>
<meta http-equiv="Content-Type" content="text/html;charset=utf-8" />
  <meta name='ocr-system' content='tesseract 3.04.00' />
  <meta name='ocr-capabilities' content='ocr_page ocr_carea ocr_par ocr_line ocrx_word'/>
</head>
<body>
  <div class='ocr_page' id='page_1' title='image "./manualetotiusju03craigoog_0022.png"; bbox 0 0 2586 3988; ppageno 0'>
   <div class='ocr_carea' id='block_1_1' title="bbox 460 205 1026 260">
    <p class='ocr_par' dir='ltr' id='par_1_1' title="bbox 460 205 1026 260">
     <span class='ocr_line' id='line_1_1' title="bbox 460 205 1026 260; baseline -0.023 -2"><span class='ocrx_word' id='word_1_1' title='bbox 460 205 637 260; x_wconf 64' lang='lat' dir='ltr'>taurento.</span> <span class='ocrx_word' id='word_1_2' title='bbox 989 205 1026 248; x_wconf 63' lang='grc' dir='ltr'>,ἵν’</span> 
     </span>
    </p>
   </div>
   <div class='ocr_carea' id='block_1_2' title="bbox 69 321 1103 855">
    <p class='ocr_par' dir='ltr' id='par_1_2' title="bbox 69 321 1103 855">
     <span class='ocr_line' id='line_1_2' title="bbox 102 321 1035 402; baseline -0.011 -9"><span class='ocrx_word' id='word_1_3' title='bbox 102 335 166 394; x_wconf 75' lang='lat' dir='ltr'>nun</span> <span class='ocrx_word' id='word_1_4' title='bbox 187 343 233 395; x_wconf 86' lang='lat' dir='ltr'>set</span> <span class='ocrx_word' id='word_1_5' title='bbox 261 341 415 394; x_wconf 80' lang='lat' dir='ltr'><strong>memores</strong></span> <span class='ocrx_word' id='word_1_6' title='bbox 438 342 570 386; x_wconf 78' lang='lat' dir='ltr'>essemus</span> <span class='ocrx_word' id='word_1_7' title='bbox 589 322 692 384; x_wconf 85' lang='lat' dir='ltr'>eximii</span> <span class='ocrx_word' id='word_1_8' title='bbox 714 321 837 383; x_wconf 89' lang='lat' dir='ltr'>honoris</span> <span class='ocrx_word' id='word_1_9' title='bbox 859 339 951 402; x_wconf 89' lang='lat' dir='ltr'>quem</span> <span class='ocrx_word' id='word_1_10' title='bbox 977 322 1035 384; x_wconf 81' lang='lat' dir='ltr'>Sue</span> 
     </span>
     <span class='ocr_line' id='line_1_3' title="bbox 69 408 1035 488; baseline -0.016 -4"><span class='ocrx_word' id='word_1_11' title='bbox 69 421 208 484; x_wconf 81' lang='lat' dir='ltr'>Sanctitas</span> <span class='ocrx_word' id='word_1_12' title='bbox 221 420 324 488; x_wconf 85' lang='lat' dir='ltr'>nobis,</span> <span class='ocrx_word' id='word_1_13' title='bbox 339 417 411 478; x_wconf 87' lang='lat' dir='ltr'>lieet</span> <span class='ocrx_word' id='word_1_14' title='bbox 430 419 490 474; x_wconf 85' lang='lat' dir='ltr'>tam</span> <span class='ocrx_word' id='word_1_15' title='bbox 502 411 673 481; x_wconf 82' lang='lat' dir='ltr'>immeritis,</span> <span class='ocrx_word' id='word_1_16' title='bbox 689 409 826 470; x_wconf 84' lang='lat' dir='ltr'>conterre</span> <span class='ocrx_word' id='word_1_17' title='bbox 840 408 964 488; x_wconf 79' lang='lat' dir='ltr'>dignate</span> <span class='ocrx_word' id='word_1_18' title='bbox 980 415 1035 480; x_wconf 88' lang='lat' dir='ltr'>est,</span> 
     </span>
     <span class='ocr_line' id='line_1_4' title="bbox 69 497 1036 587; baseline -0.011 -17"><span class='ocrx_word' id='word_1_19' title='bbox 69 511 89 570; x_wconf 89' lang='lat' dir='ltr'>si</span> <span class='ocrx_word' id='word_1_20' title='bbox 105 509 224 572; x_wconf 82' lang='lat' dir='ltr'>hicnon</span> <span class='ocrx_word' id='word_1_21' title='bbox 240 508 467 587; x_wconf 67' lang='lat' dir='ltr'>sutriieeremus</span> <span class='ocrx_word' id='word_1_22' title='bbox 480 501 637 579; x_wconf 82' lang='lat' dir='ltr'>epistotam</span> <span class='ocrx_word' id='word_1_23' title='bbox 653 497 889 580; x_wconf 78' lang='lat' dir='ltr'>gratulatorium,</span> <span class='ocrx_word' id='word_1_24' title='bbox 903 498 951 559; x_wconf 91' lang='lat' dir='ltr'>cui</span> <span class='ocrx_word' id='word_1_25' title='bbox 966 515 1036 576; x_wconf 87' lang='lat' dir='ltr'>pro·</span> 
     </span>
     <span class='ocr_line' id='line_1_5' title="bbox 70 585 1103 677; baseline -0.014 -19"><span class='ocrx_word' id='word_1_26' title='bbox 70 600 129 677; x_wconf 76' lang='lat' dir='ltr'>pria</span> <span class='ocrx_word' id='word_1_27' title='bbox 143 617 235 660; x_wconf 85' lang='lat' dir='ltr'>manu</span> <span class='ocrx_word' id='word_1_28' title='bbox 245 591 486 675; x_wconf 77' lang='lat' dir='ltr'><strong>chirographum</strong></span> <span class='ocrx_word' id='word_1_29' title='bbox 501 588 639 668; x_wconf 78' lang='lat' dir='ltr'>apposuit</span> <span class='ocrx_word' id='word_1_30' title='bbox 649 595 678 648; x_wconf 93' lang='lat' dir='ltr'>et</span> <span class='ocrx_word' id='word_1_31' title='bbox 693 605 784 666; x_wconf 83' lang='lat' dir='ltr'>quam</span> <span class='ocrx_word' id='word_1_32' title='bbox 798 585 922 666; x_wconf 80' lang='lat' dir='ltr'>paterne</span> <span class='ocrx_word' id='word_1_33' title='bbox 933 585 968 646; x_wconf 82' lang='lat' dir='ltr'>eri</span> <span class='ocrx_word' id='word_1_34' title='bbox 986 603 1038 647; x_wconf 85' lang='lat' dir='ltr'>nou</span> <span class='ocrx_word' id='word_1_35' title='bbox 1098 647 1103 658; x_wconf 65' lang='grc'><em>,</em></span> 
     </span>
     <span class='ocr_line' id='line_1_6' title="bbox 71 673 1035 766; baseline -0.01 -22"><span class='ocrx_word' id='word_1_36' title='bbox 71 685 170 747; x_wconf 81' lang='lat' dir='ltr'>direxit</span> <span class='ocrx_word' id='word_1_37' title='bbox 193 692 265 766; x_wconf 87' lang='lat' dir='ltr'>post</span> <span class='ocrx_word' id='word_1_38' title='bbox 285 679 452 744; x_wconf 83' lang='lat' dir='ltr'>secundum</span> <span class='ocrx_word' id='word_1_39' title='bbox 474 676 638 740; x_wconf 87' lang='lat' dir='ltr'>editionem</span> <span class='ocrx_word' id='word_1_40' title='bbox 663 673 787 755; x_wconf 85' lang='lat' dir='ltr'>hujusce</span> <span class='ocrx_word' id='word_1_41' title='bbox 811 674 982 750; x_wconf 64' lang='lat' dir='ltr'>Manuale,</span> <span class='ocrx_word' id='word_1_42' title='bbox 1002 679 1035 735; x_wconf 92' lang='lat' dir='ltr'>ut</span> 
     </span>
     <span class='ocr_line' id='line_1_7' title="bbox 73 775 223 855; baseline 0 -21"><span class='ocrx_word' id='word_1_43' title='bbox 73 775 201 855; x_wconf 82' lang='lat' dir='ltr'>sequitur</span> <span class='ocrx_word' id='word_1_44' title='bbox 215 795 223 834; x_wconf 80' lang='grc'>·,</span> 
     </span>
    </p>
   </div>
   <div class='ocr_carea' id='block_1_3' title="bbox 211 985 463 1048">
    <p class='ocr_par' dir='ltr' id='par_1_3' title="bbox 211 985 463 1048">
     <span class='ocr_line' id='line_1_8' title="bbox 211 985 463 1048; baseline -0.012 0"><span class='ocrx_word' id='word_1_45' title='bbox 211 1010 228 1048; x_wconf 79' lang='grc' dir='ltr'>ι</span> <span class='ocrx_word' id='word_1_46' title='bbox 251 988 323 1048; x_wconf 82' lang='lat' dir='ltr'>Plus</span> <span class='ocrx_word' id='word_1_47' title='bbox 338 987 396 1046; x_wconf 86' lang='lat' dir='ltr'>PP.</span> <span class='ocrx_word' id='word_1_48' title='bbox 413 985 463 1046; x_wconf 80' lang='lat' dir='ltr'>IX.</span> 
     </span>
    </p>
   </div>
   <div class='ocr_carea' id='block_1_4' title="bbox 84 1131 1058 3224">
    <p class='ocr_par' dir='ltr' id='par_1_4' title="bbox 113 1131 1042 1211">
     <span class='ocr_line' id='line_1_9' title="bbox 113 1131 1042 1211; baseline -0.002 -15"><span class='ocrx_word' id='word_1_49' title='bbox 113 1157 128 1196; x_wconf 81' lang='lat' dir='ltr'>s</span> <span class='ocrx_word' id='word_1_50' title='bbox 148 1136 264 1198; x_wconf 84' lang='lat' dir='ltr'>Ditecte</span> <span class='ocrx_word' id='word_1_51' title='bbox 283 1135 352 1210; x_wconf 79' lang='lat' dir='ltr'>Fili,</span> <span class='ocrx_word' id='word_1_52' title='bbox 375 1131 550 1194; x_wconf 84' lang='lat' dir='ltr'>salutemet</span> <span class='ocrx_word' id='word_1_53' title='bbox 566 1131 1042 1211; x_wconf 73' lang='lat' dir='ltr'>apostoticamBenedictionem.</span> 
     </span>
    </p>

    <p class='ocr_par' dir='ltr' id='par_1_5' title="bbox 84 1219 1058 3064">
     <span class='ocr_line' id='line_1_10' title="bbox 114 1219 1044 1300; baseline -0.004 -14"><span class='ocrx_word' id='word_1_54' title='bbox 114 1245 128 1282; x_wconf 76' lang='grc' dir='ltr'>ι</span> <span class='ocrx_word' id='word_1_55' title='bbox 147 1222 290 1286; x_wconf 76' lang='lat' dir='ltr'><strong>Oblatum</strong></span> <span class='ocrx_word' id='word_1_56' title='bbox 307 1221 400 1284; x_wconf 89' lang='lat' dir='ltr'>Nobis</span> <span class='ocrx_word' id='word_1_57' title='bbox 417 1219 556 1281; x_wconf 77' lang='lat' dir='ltr'><em>Manuale</em></span> <span class='ocrx_word' id='word_1_58' title='bbox 573 1221 666 1280; x_wconf 85' lang='lat' dir='ltr'>totins</span> <span class='ocrx_word' id='word_1_59' title='bbox 674 1219 928 1300; x_wconf 73' lang='lat' dir='ltr'>jur-t‘seunooieii</span> <span class='ocrx_word' id='word_1_60' title='bbox 942 1231 971 1282; x_wconf 93' lang='lat' dir='ltr'>te</span> <span class='ocrx_word' id='word_1_61' title='bbox 982 1221 1044 1282; x_wconf 91' lang='lat' dir='ltr'>eiu·</span> 
     </span>
     <span class='ocr_line' id='line_1_11' title="bbox 84 1307 1041 1388; baseline -0.004 -14"><span class='ocrx_word' id='word_1_62' title='bbox 84 1337 94 1366; x_wconf 73' lang='lat' dir='ltr'>r</span> <span class='ocrx_word' id='word_1_63' title='bbox 111 1313 269 1374; x_wconf 80' lang='lat' dir='ltr'>cubretum</span> <span class='ocrx_word' id='word_1_64' title='bbox 291 1307 488 1372; x_wconf 80' lang='lat' dir='ltr'>tibenrisstrne</span> <span class='ocrx_word' id='word_1_65' title='bbox 504 1309 696 1386; x_wconf 89' lang='lat' dir='ltr'>excepimus;</span> <span class='ocrx_word' id='word_1_66' title='bbox 712 1315 742 1368; x_wconf 90' lang='lat' dir='ltr'>et</span> <span class='ocrx_word' id='word_1_67' title='bbox 761 1327 946 1388; x_wconf 84' lang='lat' dir='ltr'>quemquam</span> <span class='ocrx_word' id='word_1_68' title='bbox 961 1310 1041 1370; x_wconf 91' lang='lat' dir='ltr'>curis</span> 
     </span>
     <span class='ocr_line' id='line_1_12' title="bbox 84 1395 1044 1468; baseline -0.003 -8"><span class='ocrx_word' id='word_1_69' title='bbox 84 1401 220 1462; x_wconf 74' lang='lat' dir='ltr'>anostris</span> <span class='ocrx_word' id='word_1_70' title='bbox 242 1397 363 1459; x_wconf 88' lang='lat' dir='ltr'>distenti</span> <span class='ocrx_word' id='word_1_71' title='bbox 388 1397 508 1458; x_wconf 86' lang='lat' dir='ltr'>uuttum</span> <span class='ocrx_word' id='word_1_72' title='bbox 533 1395 679 1457; x_wconf 82' lang='lat' dir='ltr'>haetenus</span> <span class='ocrx_word' id='word_1_73' title='bbox 703 1396 896 1458; x_wconf 80' lang='lat' dir='ltr'>subsecivum</span> <span class='ocrx_word' id='word_1_74' title='bbox 924 1403 1044 1468; x_wconf 90' lang='lat' dir='ltr'>tempus</span> 
     </span>
     <span class='ocr_line' id='line_1_13' title="bbox 84 1484 1045 1566; baseline 0 -22"><span class='ocrx_word' id='word_1_75' title='bbox 84 1513 95 1544; x_wconf 74' lang='lat' dir='ltr'>a</span> <span class='ocrx_word' id='word_1_76' title='bbox 113 1490 177 1566; x_wconf 84' lang='lat' dir='ltr'>ejus</span> <span class='ocrx_word' id='word_1_77' title='bbox 193 1487 313 1549; x_wconf 89' lang='lat' dir='ltr'>lectioni</span> <span class='ocrx_word' id='word_1_78' title='bbox 329 1484 504 1564; x_wconf 86' lang='lat' dir='ltr'>impendere</span> <span class='ocrx_word' id='word_1_79' title='bbox 521 1485 715 1561; x_wconf 82' lang='lat' dir='ltr'>valuerimus,</span> <span class='ocrx_word' id='word_1_80' title='bbox 738 1485 929 1566; x_wconf 80' lang='lat' dir='ltr'>nequivimus</span> <span class='ocrx_word' id='word_1_81' title='bbox 945 1491 1045 1546; x_wconf 84' lang='lat' dir='ltr'>tamen</span> 
     </span>
     <span class='ocr_line' id='line_1_14' title="bbox 84 1571 1048 1655; baseline 0.003 -23"><span class='ocrx_word' id='word_1_82' title='bbox 84 1601 96 1632; x_wconf 69' lang='lat' dir='ltr'>a</span> <span class='ocrx_word' id='word_1_83' title='bbox 115 1584 200 1639; x_wconf 89' lang='lat' dir='ltr'>tuum</span> <span class='ocrx_word' id='word_1_84' title='bbox 218 1575 379 1655; x_wconf 73' lang='lat' dir='ltr'>operisque</span> <span class='ocrx_word' id='word_1_85' title='bbox 400 1571 588 1654; x_wconf 88' lang='lat' dir='ltr'>propositum</span> <span class='ocrx_word' id='word_1_86' title='bbox 604 1591 665 1633; x_wconf 91' lang='lat' dir='ltr'>non</span> <span class='ocrx_word' id='word_1_87' title='bbox 686 1577 825 1650; x_wconf 81' lang='lat' dir='ltr'>probare.</span> <span class='ocrx_word' id='word_1_88' title='bbox 848 1574 1048 1640; x_wconf 79' lang='lat' dir='ltr'>Gliscentitrus</span> 
     </span>
     <span class='ocr_line' id='line_1_15' title="bbox 85 1659 1049 1726; baseline -0.003 -2"><span class='ocrx_word' id='word_1_89' title='bbox 85 1689 96 1714; x_wconf 74' lang='lat' dir='ltr'>r</span> <span class='ocrx_word' id='word_1_90' title='bbox 115 1667 197 1725; x_wconf 90' lang='lat' dir='ltr'>euim</span> <span class='ocrx_word' id='word_1_91' title='bbox 216 1663 371 1726; x_wconf 85' lang='lat' dir='ltr'>erroribus</span> <span class='ocrx_word' id='word_1_92' title='bbox 394 1661 605 1724; x_wconf 74' lang='lat' dir='ltr'>ecclesiastices</span> <span class='ocrx_word' id='word_1_93' title='bbox 628 1662 796 1723; x_wconf 81' lang='lat' dir='ltr'>auctoritati</span> <span class='ocrx_word' id='word_1_94' title='bbox 825 1661 949 1724; x_wconf 83' lang='lat' dir='ltr'>intensis</span> <span class='ocrx_word' id='word_1_95' title='bbox 974 1659 1049 1722; x_wconf 83' lang='lat' dir='ltr'>iliud</span> 
     </span>
     <span class='ocr_line' id='line_1_16' title="bbox 86 1749 1047 1832; baseline 0 -22"><span class='ocrx_word' id='word_1_96' title='bbox 86 1777 96 1806; x_wconf 77' lang='lat' dir='ltr'>r</span> <span class='ocrx_word' id='word_1_97' title='bbox 116 1769 271 1832; x_wconf 84' lang='lat' dir='ltr'>opponere</span> <span class='ocrx_word' id='word_1_98' title='bbox 292 1751 425 1824; x_wconf 82' lang='lat' dir='ltr'>voluisti,</span> <span class='ocrx_word' id='word_1_99' title='bbox 446 1755 476 1811; x_wconf 92' lang='lat' dir='ltr'>et</span> <span class='ocrx_word' id='word_1_100' title='bbox 497 1750 714 1811; x_wconf 86' lang='lat' dir='ltr'>succrescentis</span> <span class='ocrx_word' id='word_1_101' title='bbox 728 1751 798 1811; x_wconf 88' lang='lat' dir='ltr'>cieri</span> <span class='ocrx_word' id='word_1_102' title='bbox 812 1751 992 1812; x_wconf 68' lang='lat' dir='ltr'>institutioni</span> <span class='ocrx_word' id='word_1_103' title='bbox 1017 1749 1047 1810; x_wconf 90' lang='lat' dir='ltr'>in</span> 
     </span>
     <span class='ocr_line' id='line_1_17' title="bbox 87 1837 1049 1919; baseline 0 -21"><span class='ocrx_word' id='word_1_104' title='bbox 87 1864 98 1892; x_wconf 79' lang='lat' dir='ltr'>r</span> <span class='ocrx_word' id='word_1_105' title='bbox 118 1840 224 1918; x_wconf 82' lang='lat' dir='ltr'>primis</span> <span class='ocrx_word' id='word_1_106' title='bbox 248 1839 432 1919; x_wconf 83' lang='lat' dir='ltr'>prospicere,</span> <span class='ocrx_word' id='word_1_107' title='bbox 453 1843 544 1918; x_wconf 86' lang='lat' dir='ltr'>etque</span> <span class='ocrx_word' id='word_1_108' title='bbox 564 1837 656 1897; x_wconf 84' lang='lat' dir='ltr'>etiem</span> <span class='ocrx_word' id='word_1_109' title='bbox 676 1837 793 1900; x_wconf 80' lang='lat' dir='ltr'>ceteris</span> <span class='ocrx_word' id='word_1_110' title='bbox 813 1841 972 1900; x_wconf 87' lang='lat' dir='ltr'>eonsutere</span> <span class='ocrx_word' id='word_1_111' title='bbox 997 1855 1049 1917; x_wconf 92' lang='lat' dir='ltr'>per</span> 
     </span>
     <span class='ocr_line' id='line_1_18' title="bbox 87 1925 1047 1999; baseline 0.005 -17"><span class='ocrx_word' id='word_1_112' title='bbox 87 1952 99 1982; x_wconf 72' lang='lat' dir='ltr'>a</span> <span class='ocrx_word' id='word_1_113' title='bbox 117 1928 230 1989; x_wconf 87' lang='lat' dir='ltr'>tibrum</span> <span class='ocrx_word' id='word_1_114' title='bbox 250 1927 389 1988; x_wconf 92' lang='lat' dir='ltr'>omnium</span> <span class='ocrx_word' id='word_1_115' title='bbox 405 1944 496 1988; x_wconf 83' lang='lat' dir='ltr'>manu</span> <span class='ocrx_word' id='word_1_116' title='bbox 509 1925 595 1988; x_wconf 80' lang='lat' dir='ltr'>facite</span> <span class='ocrx_word' id='word_1_117' title='bbox 609 1926 780 1999; x_wconf 85' lang='lat' dir='ltr'>terendum,</span> <span class='ocrx_word' id='word_1_118' title='bbox 797 1933 826 1988; x_wconf 91' lang='lat' dir='ltr'>et</span> <span class='ocrx_word' id='word_1_119' title='bbox 842 1928 922 1988; x_wconf 89' lang='lat' dir='ltr'>umte</span> <span class='ocrx_word' id='word_1_120' title='bbox 936 1927 1047 1988; x_wconf 83' lang='lat' dir='ltr'>hauriri</span> 
     </span>
     <span class='ocr_line' id='line_1_19' title="bbox 88 2014 1051 2096; baseline -0.003 -19"><span class='ocrx_word' id='word_1_121' title='bbox 88 2041 99 2068; x_wconf 74' lang='grc' dir='ltr'>ιι</span> <span class='ocrx_word' id='word_1_122' title='bbox 121 2019 255 2096; x_wconf 86' lang='lat' dir='ltr'>possent,</span> <span class='ocrx_word' id='word_1_123' title='bbox 276 2034 338 2077; x_wconf 92' lang='lat' dir='ltr'>non</span> <span class='ocrx_word' id='word_1_124' title='bbox 357 2014 438 2076; x_wconf 86' lang='lat' dir='ltr'>arida</span> <span class='ocrx_word' id='word_1_125' title='bbox 458 2022 577 2078; x_wconf 87' lang='lat' dir='ltr'>tentum</span> <span class='ocrx_word' id='word_1_126' title='bbox 601 2019 631 2076; x_wconf 87' lang='lat' dir='ltr'>et</span> <span class='ocrx_word' id='word_1_127' title='bbox 651 2015 800 2096; x_wconf 81' lang='lat' dir='ltr'>generalis</span> <span class='ocrx_word' id='word_1_128' title='bbox 822 2015 983 2096; x_wconf 77' lang='lat' dir='ltr'>principia,</span> <span class='ocrx_word' id='word_1_129' title='bbox 1000 2015 1051 2076; x_wconf 90' lang='lat' dir='ltr'>sed</span> 
     </span>
     <span class='ocr_line' id='line_1_20' title="bbox 89 2103 1049 2184; baseline 0.004 -24"><span class='ocrx_word' id='word_1_130' title='bbox 89 2129 102 2160; x_wconf 70' lang='lat' dir='ltr'>n</span> <span class='ocrx_word' id='word_1_131' title='bbox 121 2105 251 2184; x_wconf 80' lang='lat' dir='ltr'>practica</span> <span class='ocrx_word' id='word_1_132' title='bbox 269 2121 390 2184; x_wconf 88' lang='lat' dir='ltr'>quoque</span> <span class='ocrx_word' id='word_1_133' title='bbox 410 2121 515 2165; x_wconf 92' lang='lat' dir='ltr'>rerum</span> <span class='ocrx_word' id='word_1_134' title='bbox 533 2103 637 2164; x_wconf 83' lang='lat' dir='ltr'>notitia</span> <span class='ocrx_word' id='word_1_135' title='bbox 662 2105 691 2163; x_wconf 92' lang='lat' dir='ltr'>in</span> <span class='ocrx_word' id='word_1_136' title='bbox 715 2121 804 2165; x_wconf 88' lang='lat' dir='ltr'>usum</span> <span class='ocrx_word' id='word_1_137' title='bbox 832 2103 1049 2176; x_wconf 75' lang='lat' dir='ltr'>transferenda,</span> 
     </span>
     <span class='ocr_line' id='line_1_21' title="bbox 92 2191 1052 2272; baseline -0.001 -19"><span class='ocrx_word' id='word_1_138' title='bbox 92 2223 101 2242; x_wconf 67' lang='grc' dir='ltr'>ι·</span> <span class='ocrx_word' id='word_1_139' title='bbox 121 2191 456 2272; x_wconf 84' lang='lat' dir='ltr'>atqueiitisobjiciende</span> <span class='ocrx_word' id='word_1_140' title='bbox 469 2191 661 2264; x_wconf 83' lang='lat' dir='ltr'>commentis,</span> <span class='ocrx_word' id='word_1_141' title='bbox 677 2210 746 2272; x_wconf 85' lang='lat' dir='ltr'>quae</span> <span class='ocrx_word' id='word_1_142' title='bbox 759 2209 811 2271; x_wconf 87' lang='lat' dir='ltr'>per</span> <span class='ocrx_word' id='word_1_143' title='bbox 826 2211 948 2253; x_wconf 88' lang='lat' dir='ltr'>osorum</span> <span class='ocrx_word' id='word_1_144' title='bbox 962 2191 1052 2272; x_wconf 78' lang='lat' dir='ltr'>hujus</span> 
     </span>
     <span class='ocr_line' id='line_1_22' title="bbox 93 2280 1053 2360; baseline -0.002 -18"><span class='ocrx_word' id='word_1_145' title='bbox 93 2307 104 2334; x_wconf 74' lang='lat' dir='ltr'>r</span> <span class='ocrx_word' id='word_1_146' title='bbox 119 2284 149 2342; x_wconf 83' lang='lat' dir='ltr'>S.</span> <span class='ocrx_word' id='word_1_147' title='bbox 158 2280 337 2354; x_wconf 75' lang='lat' dir='ltr'>Sedisartes,</span> <span class='ocrx_word' id='word_1_148' title='bbox 347 2288 373 2340; x_wconf 91' lang='lat' dir='ltr'>et</span> <span class='ocrx_word' id='word_1_149' title='bbox 384 2280 904 2360; x_wconf 83' lang='lat' dir='ltr'>perlevioremsaerorumcanonum</span> <span class='ocrx_word' id='word_1_150' title='bbox 913 2280 1053 2342; x_wconf 88' lang='lat' dir='ltr'>haustum</span> 
     </span>
     <span class='ocr_line' id='line_1_23' title="bbox 95 2367 1055 2448; baseline 0.001 -20"><span class='ocrx_word' id='word_1_151' title='bbox 95 2397 105 2420; x_wconf 47' lang='grc' dir='ltr'>ιι</span> <span class='ocrx_word' id='word_1_152' title='bbox 124 2368 237 2446; x_wconf 82' lang='lat' dir='ltr'>jamdiu</span> <span class='ocrx_word' id='word_1_153' title='bbox 263 2368 464 2430; x_wconf 79' lang='lat' dir='ltr'>innotuerunt.</span> <span class='ocrx_word' id='word_1_154' title='bbox 490 2368 628 2448; x_wconf 86' lang='lat' dir='ltr'>Cumque</span> <span class='ocrx_word' id='word_1_155' title='bbox 653 2367 683 2428; x_wconf 84' lang='lat' dir='ltr'>id</span> <span class='ocrx_word' id='word_1_156' title='bbox 709 2375 738 2428; x_wconf 90' lang='lat' dir='ltr'>te</span> <span class='ocrx_word' id='word_1_157' title='bbox 766 2377 937 2430; x_wconf 82' lang='lat' dir='ltr'>assecutum</span> <span class='ocrx_word' id='word_1_158' title='bbox 965 2369 1055 2429; x_wconf 86' lang='lat' dir='ltr'>tuisse</span> 
     </span>
     <span class='ocr_line' id='line_1_24' title="bbox 96 2454 1054 2536; baseline 0.003 -22"><span class='ocrx_word' id='word_1_159' title='bbox 96 2481 107 2514; x_wconf 85' lang='lat' dir='ltr'><strong>r</strong></span> <span class='ocrx_word' id='word_1_160' title='bbox 127 2463 272 2518; x_wconf 76' lang='lat' dir='ltr'>testentur</span> <span class='ocrx_word' id='word_1_161' title='bbox 292 2456 323 2528; x_wconf 91' lang='lat' dir='ltr'>ii,</span> <span class='ocrx_word' id='word_1_162' title='bbox 347 2474 478 2535; x_wconf 89' lang='lat' dir='ltr'>quorum</span> <span class='ocrx_word' id='word_1_163' title='bbox 497 2455 666 2518; x_wconf 85' lang='lat' dir='ltr'>recensioni</span> <span class='ocrx_word' id='word_1_164' title='bbox 681 2475 758 2536; x_wconf 89' lang='lat' dir='ltr'>opus</span> <span class='ocrx_word' id='word_1_165' title='bbox 778 2463 865 2518; x_wconf 91' lang='lat' dir='ltr'>tuum</span> <span class='ocrx_word' id='word_1_166' title='bbox 890 2454 1054 2534; x_wconf 83' lang='lat' dir='ltr'>subjecisti,</span> 
     </span>
     <span class='ocr_line' id='line_1_25' title="bbox 96 2543 1054 2626; baseline 0.006 -25"><span class='ocrx_word' id='word_1_167' title='bbox 96 2567 108 2601; x_wconf 83' lang='grc' dir='ltr'>ι</span> <span class='ocrx_word' id='word_1_168' title='bbox 126 2544 177 2606; x_wconf 83' lang='lat' dir='ltr'>tibi</span> <span class='ocrx_word' id='word_1_169' title='bbox 196 2543 444 2625; x_wconf 66' lang='lat' dir='ltr'>patulumque</span> <span class='ocrx_word' id='word_1_170' title='bbox 464 2544 648 2618; x_wconf 76' lang='lat' dir='ltr'>ominamur,</span> <span class='ocrx_word' id='word_1_171' title='bbox 663 2551 693 2606; x_wconf 94' lang='lat' dir='ltr'>ut</span> <span class='ocrx_word' id='word_1_172' title='bbox 707 2545 788 2626; x_wconf 89' lang='lat' dir='ltr'>quod</span> <span class='ocrx_word' id='word_1_173' title='bbox 802 2545 951 2624; x_wconf 81' lang='lat' dir='ltr'>spectasti,</span> <span class='ocrx_word' id='word_1_174' title='bbox 969 2544 1054 2607; x_wconf 85' lang='lat' dir='ltr'>tebo-</span> 
     </span>
     <span class='ocr_line' id='line_1_26' title="bbox 97 2631 1057 2714; baseline 0.002 -20"><span class='ocrx_word' id='word_1_175' title='bbox 97 2658 107 2684; x_wconf 77' lang='grc' dir='ltr'><em>υ</em></span> <span class='ocrx_word' id='word_1_176' title='bbox 127 2651 195 2694; x_wconf 93' lang='lat' dir='ltr'>rum</span> <span class='ocrx_word' id='word_1_177' title='bbox 211 2641 333 2693; x_wconf 88' lang='lat' dir='ltr'>tuorum</span> <span class='ocrx_word' id='word_1_178' title='bbox 346 2631 478 2694; x_wconf 78' lang='lat' dir='ltr'>fructum</span> <span class='ocrx_word' id='word_1_179' title='bbox 494 2632 564 2694; x_wconf 76' lang='lat' dir='ltr'>inde</span> <span class='ocrx_word' id='word_1_180' title='bbox 578 2633 700 2713; x_wconf 80' lang='lat' dir='ltr'>copiose</span> <span class='ocrx_word' id='word_1_181' title='bbox 715 2634 872 2713; x_wconf 80' lang='lat' dir='ltr'>percipias.</span> <span class='ocrx_word' id='word_1_182' title='bbox 890 2634 921 2694; x_wconf 91' lang='lat' dir='ltr'>ld</span> <span class='ocrx_word' id='word_1_183' title='bbox 936 2634 966 2694; x_wconf 92' lang='lat' dir='ltr'>in</span> <span class='ocrx_word' id='word_1_184' title='bbox 982 2653 1057 2714; x_wconf 80' lang='lat' dir='ltr'>gen·</span> 
     </span>
     <span class='ocr_line' id='line_1_27' title="bbox 98 2719 1056 2800; baseline 0.01 -24"><span class='ocrx_word' id='word_1_185' title='bbox 98 2745 108 2776; x_wconf 77' lang='lat' dir='ltr'>u</span> <span class='ocrx_word' id='word_1_186' title='bbox 126 2721 164 2782; x_wconf 91' lang='lat' dir='ltr'>tis</span> <span class='ocrx_word' id='word_1_187' title='bbox 178 2728 239 2782; x_wconf 80' lang='lat' dir='ltr'>tuae</span> <span class='ocrx_word' id='word_1_188' title='bbox 253 2719 419 2799; x_wconf 75' lang='lat' dir='ltr'>presertim</span> <span class='ocrx_word' id='word_1_189' title='bbox 435 2719 591 2782; x_wconf 81' lang='lat' dir='ltr'>utilitatem</span> <span class='ocrx_word' id='word_1_190' title='bbox 608 2723 624 2780; x_wconf 80' lang='lat' dir='ltr'>i</span> <span class='ocrx_word' id='word_1_191' title='bbox 640 2723 703 2782; x_wconf 91' lang='lat' dir='ltr'>Deo</span> <span class='ocrx_word' id='word_1_192' title='bbox 718 2722 881 2800; x_wconf 89' lang='lat' dir='ltr'>poscimus,</span> <span class='ocrx_word' id='word_1_193' title='bbox 897 2721 969 2782; x_wconf 88' lang='lat' dir='ltr'>dum</span> <span class='ocrx_word' id='word_1_194' title='bbox 984 2743 1056 2786; x_wconf 86' lang='lat' dir='ltr'>uus-</span> 
     </span>
     <span class='ocr_line' id='line_1_28' title="bbox 97 2807 1058 2890; baseline 0.012 -28"><span class='ocrx_word' id='word_1_195' title='bbox 97 2834 107 2862; x_wconf 75' lang='lat' dir='ltr'>u</span> <span class='ocrx_word' id='word_1_196' title='bbox 128 2809 226 2888; x_wconf 89' lang='lat' dir='ltr'>picem</span> <span class='ocrx_word' id='word_1_197' title='bbox 244 2807 457 2868; x_wconf 85' lang='lat' dir='ltr'>benedictionis</span> <span class='ocrx_word' id='word_1_198' title='bbox 471 2808 537 2886; x_wconf 86' lang='lat' dir='ltr'>ejus</span> <span class='ocrx_word' id='word_1_199' title='bbox 551 2807 663 2887; x_wconf 74' lang='lat' dir='ltr'>etqreti</span> <span class='ocrx_word' id='word_1_200' title='bbox 684 2809 778 2869; x_wconf 85' lang='lat' dir='ltr'>enimi</span> <span class='ocrx_word' id='word_1_201' title='bbox 794 2808 889 2871; x_wconf 88' lang='lat' dir='ltr'>Nostri</span> <span class='ocrx_word' id='word_1_202' title='bbox 907 2818 1058 2890; x_wconf 75' lang='lat' dir='ltr'>peterne-</span> 
     </span>
     <span class='ocr_line' id='line_1_29' title="bbox 97 2895 1057 2978; baseline 0.009 -24"><span class='ocrx_word' id='word_1_203' title='bbox 97 2919 109 2954; x_wconf 80' lang='lat' dir='ltr'>a</span> <span class='ocrx_word' id='word_1_204' title='bbox 127 2915 186 2978; x_wconf 90' lang='lat' dir='ltr'>que</span> <span class='ocrx_word' id='word_1_205' title='bbox 205 2895 421 2957; x_wconf 85' lang='lat' dir='ltr'>benevolentiae</span> <span class='ocrx_word' id='word_1_206' title='bbox 437 2897 544 2977; x_wconf 80' lang='lat' dir='ltr'>pignus</span> <span class='ocrx_word' id='word_1_207' title='bbox 565 2895 766 2977; x_wconf 84' lang='lat' dir='ltr'>Apostolicam</span> <span class='ocrx_word' id='word_1_208' title='bbox 788 2899 840 2960; x_wconf 92' lang='lat' dir='ltr'>tibi</span> <span class='ocrx_word' id='word_1_209' title='bbox 864 2899 1057 2963; x_wconf 87' lang='lat' dir='ltr'>Benedictio·</span> 
     </span>
     <span class='ocr_line' id='line_1_30' title="bbox 96 2984 624 3064; baseline 0.009 -22"><span class='ocrx_word' id='word_1_210' title='bbox 96 3009 109 3042; x_wconf 73' lang='lat' dir='ltr'>a</span> <span class='ocrx_word' id='word_1_211' title='bbox 130 3003 201 3048; x_wconf 91' lang='lat' dir='ltr'>nem</span> <span class='ocrx_word' id='word_1_212' title='bbox 217 2992 407 3064; x_wconf 79' lang='lat' dir='ltr'>peramanter</span> <span class='ocrx_word' id='word_1_213' title='bbox 421 2984 624 3064; x_wconf 91' lang='lat' dir='ltr'>impertimus.</span> 
     </span>
    </p>

    <p class='ocr_par' dir='ltr' id='par_1_6' title="bbox 98 3072 1057 3224">
     <span class='ocr_line' id='line_1_31' title="bbox 135 3072 1057 3159; baseline 0.012 -27"><span class='ocrx_word' id='word_1_214' title='bbox 135 3093 150 3132; x_wconf 80' lang='grc' dir='ltr'>ι</span> <span class='ocrx_word' id='word_1_215' title='bbox 168 3075 276 3134; x_wconf 83' lang='lat' dir='ltr'>Datum</span> <span class='ocrx_word' id='word_1_216' title='bbox 295 3075 410 3148; x_wconf 64' lang='lat' dir='ltr'>nosue,</span> <span class='ocrx_word' id='word_1_217' title='bbox 428 3072 509 3152; x_wconf 82' lang='lat' dir='ltr'>apud</span> <span class='ocrx_word' id='word_1_218' title='bbox 534 3074 564 3135; x_wconf 91' lang='lat' dir='ltr'>S.</span> <span class='ocrx_word' id='word_1_219' title='bbox 588 3075 722 3152; x_wconf 84' lang='lat' dir='ltr'>Petrum,</span> <span class='ocrx_word' id='word_1_220' title='bbox 747 3075 795 3138; x_wconf 88' lang='lat' dir='ltr'>die</span> <span class='ocrx_word' id='word_1_221' title='bbox 814 3081 851 3139; x_wconf 70' lang='lat'>25</span> <span class='ocrx_word' id='word_1_222' title='bbox 869 3077 945 3159; x_wconf 81' lang='lat' dir='ltr'>junii</span> <span class='ocrx_word' id='word_1_223' title='bbox 969 3084 1057 3158; x_wconf 78' lang='lat'><strong>1865,</strong></span> 
     </span>
     <span class='ocr_line' id='line_1_32' title="bbox 98 3159 617 3224; baseline 0.01 -5"><span class='ocrx_word' id='word_1_224' title='bbox 98 3183 112 3219; x_wconf 83' lang='grc' dir='ltr'>ι</span> <span class='ocrx_word' id='word_1_225' title='bbox 132 3159 326 3224; x_wconf 76' lang='lat' dir='ltr'>recensurus</span> <span class='ocrx_word' id='word_1_226' title='bbox 343 3159 441 3222; x_wconf 83' lang='lat' dir='ltr'>Nostri</span> <span class='ocrx_word' id='word_1_227' title='bbox 458 3179 539 3222; x_wconf 83' lang='lat' dir='ltr'>anno</span> <span class='ocrx_word' id='word_1_228' title='bbox 552 3165 617 3224; x_wconf 87' lang='lat' dir='ltr'>XX.</span> 
     </span>
    </p>
   </div>
   <div class='ocr_carea' id='block_1_5' title="bbox 639 3331 958 3394">
    <p class='ocr_par' dir='ltr' id='par_1_7' title="bbox 639 3331 958 3394">
     <span class='ocr_line' id='line_1_33' title="bbox 639 3331 958 3394; baseline 0.006 -4"><span class='ocrx_word' id='word_1_229' title='bbox 639 3369 642 3376; x_wconf 88' lang='lat'>·</span> <span class='ocrx_word' id='word_1_230' title='bbox 678 3351 694 3389; x_wconf 76' lang='lat' dir='ltr'>s</span> <span class='ocrx_word' id='word_1_231' title='bbox 717 3331 785 3392; x_wconf 82' lang='lat' dir='ltr'>Pus</span> <span class='ocrx_word' id='word_1_232' title='bbox 800 3331 853 3392; x_wconf 81' lang='lat' dir='ltr'>PP.</span> <span class='ocrx_word' id='word_1_233' title='bbox 870 3335 914 3394; x_wconf 77' lang='lat' dir='ltr'>IX.</span> <span class='ocrx_word' id='word_1_234' title='bbox 943 3355 958 3392; x_wconf 77' lang='grc' dir='ltr'><strong>ι</strong></span> 
     </span>
    </p>
   </div>
   <div class='ocr_carea' id='block_1_6' title="bbox 0 0 1314 3988">
    <p class='ocr_par' dir='ltr' id='par_1_8' title="bbox 0 0 1314 3988">
     <span class='ocr_line' id='line_1_34' title="bbox 0 0 1314 3988; baseline 0 0"><span class='ocrx_word' id='word_1_235' title='bbox 0 0 1314 3988; x_wconf 95' lang='lat' dir='ltr'> </span> 
     </span>
    </p>
   </div>
  </div>
 </body>
</html>
