2546 3992
470 224 555 270 sinan
576 226 692 272 rnruus.
1013 215 1071 277 599

104 348 120 386 a
139 323 210 405 qnia
223 322 365 386 credendi
374 329 444 386 sunt
457 322 533 386 velle
546 343 616 386 suus
629 343 699 387 oves
708 344 771 389 non
785 327 893 409 privari
901 327 959 392 hoo
972 347 1070 393 sacra-

101 435 115 468 s
139 415 350 490 nient0,ci1m
372 413 490 476 nullutn
510 412 740 478 incommodum
758 434 796 478 ox
818 433 856 479 eo
875 417 947 498 rpsis
969 437 1072 500 prore·

100 523 114 558 ι
141 503 213 564 nial.
242 525 258 562 a
288 501 341 564 lllo
367 519 534 566 consensus
564 507 730 584 prasertim
757 506 898 588 praesumi
925 514 1024 588 posset
1047 509 1072 572 si

102 590 327 654 confirmandus
349 596 429 654 essct
446 589 633 654 ordinandus
654 592 784 656 afferens
801 592 1004 657 dimissoriam
1026 597 1073 661 sui

101 679 261 743 Ordinarii.

141 773 210 833 989.
226 770 287 833 Etsi
301 767 476 834 deconsilio
489 769 527 834 sit
539 771 622 852 qubd
632 771 756 852 ieiunus
769 771 877 834 sittam
890 775 1074 838 confirmans

102 860 194 942 qubm
207 859 449 931 confirmandus,
462 865 564 922 tamen
574 859 632 923 boc
646 879 708 924 non
722 859 811 926 estdc
821 872 988 946 praecepto:
1004 883 1075 928 con·

103 947 230 1011 suetudo
244 951 325 1012 enim
341 949 471 1013 obtinuit
484 954 516 1012 ut
530 949 721 1013 confirmatio
734 951 826 1014 etiam
835 957 901 1034 post
914 953 1075 1035 prandium

103 1037 273 1102 conferatur
289 1041 332 1117 (S.
348 1039 491 1120 Lignum,
508 1037 564 1113 ib„
581 1041 660 1118 ill).

142 1127 376 1189 Controvertilur
389 1127 493 1189 ulrum
510 1126 653 1209 obligatio
670 1127 860 1190 ministrandi
876 1129 1076 1193 confirmatio-

104 1233 175 1278 nem
194 1217 224 1277 in
248 1215 380 1278 Ecclesib
400 1215 438 1276 sit
450 1213 503 1276 sub
515 1215 603 1295 pravi
609 1235 620 1275 .·
633 1215 686 1278 sed
700 1215 805 1278 saltem
817 1217 1011 1282 videturesse
1025 1219 1076 1281 acb

106 1303 172 1376 leui,
190 1305 247 1366 nisi
262 1305 363 1386 aliqua
380 1303 566 1366 rationabilis
578 1322 669 1367 causo
681 1311 813 1366 excuset.
830 1305 961 1369 Dubium
976 1315 1076 1370 autem

105 1411 167 1456 non
181 1401 226 1456 est
239 1393 313 1475 quin
328 1393 406 1454 licilb
419 1391 514 1474 possit
526 1392 692 1474 Episcopus
705 1393 737 1454 in
747 1409 802 1455 suo
815 1397 945 1457 oratorio
954 1395 1075 1459 domes·

104 1482 165 1546 tioo
184 1483 376 1559 confirmare,
398 1482 471 1544 ilcm
492 1481 548 1563 ipsi
570 1483 640 1546 licet
659 1480 840 1556 confirmare
863 1483 953 1546 eliam
976 1485 1008 1546 in
1028 1485 1077 1548 dio

105 1591 167 1634 non
181 1571 295 1635 festivo.
312 1573 343 1634 S.
360 1571 496 1653 Liguon,
513 1571 565 1634 lib.
579 1571 609 1646 6,
625 1575 684 1634 ill
698 1577 727 1632 et
741 1574 809 1642 llll,
826 1577 889 1634 nol.
904 1574 940 1634 ll.

145 1665 213 1725 990.
230 1663 350 1735 Ouaerit.
367 1666 399 1724 1ο
414 1665 461 1722 An
478 1667 510 1723 et
527 1661 624 1742 qualis
645 1661 684 1723 sit
700 1659 842 1741 obligatio
859 1663 1077 1745 Episcopomm

106 1747 846 1815 sacramentumilonlirmationisadministrandi‘i

145 1841 236 1923 Resp.
257 1842 378 1904 Certum
391 1847 436 1902 est
449 1838 529 1922 apud
549 1857 656 1902 omnes
674 1839 801 1920 graviter
814 1856 938 1920 peccaro
957 1841 1078 1924 Episco-

107 1947 180 2010 pum
188 1929 212 1990 si
223 1929 313 2012 longo
321 1936 457 2010 tempore
472 1947 533 1991 non
542 1927 702 1990 confirmet
712 1973 720 2004 ‚
731 1927 804 2008 quia
816 1926 950 1992 subditos
963 1929 1077 2010 ingenti

107 2017 187 2081 bono
200 2020 304 2102 privat.
321 2017 408 2082 Unde
419 2019 503 2097 juxta
517 2019 547 2079 S.
565 2017 686 2097 Lignor.
702 2014 768 2092 (in,
784 2017 917 2094 n⁰l'15):
934 2019 1078 2100 «Episco-

106 2127 121 2166 n
146 2127 203 2190 pus
216 2115 372 2170 tenetur...
386 2107 448 2168 auis
461 2105 590 2188 expensis
598 2103 757 2166 circumire
770 2102 808 2165 ad
822 2105 1076 2183 confirmandum,

107 2219 123 2256 n
147 2203 181 2259 ul
194 2197 254 2258 Pal.
273 2203 301 2258 et
318 2195 421 2270 cmix,
436 2196 489 2276 qui
499 2202 600 2256 lamen
614 2191 738 2273 excipit,
753 2210 825 2254 cum
839 2193 956 2271 Gob...‚
972 2196 1027 2257 nisi
1042 2199 1078 2259 sit

107 2307 122 2345 n
147 2284 332 2347 rationabilis
354 2282 542 2348 consuetudo
564 2298 710 2364 expensas
731 2279 881 2362 exigendi.
908 2284 986 2345 Hinc
1007 2285 1079 2347 dicit

107 2395 123 2434 n
148 2375 272 2437 Croix...
293 2391 418 2456 peccaro
436 2371 563 2455 graviter
583 2371 767 2452 Episcopum
785 2369 838 2451 qui
860 2389 913 2451 por
934 2375 954 2434 8
972 2373 1018 2436 vel
1042 2379 1078 2440 l0
1154 2374 1156 2378 ’

108 2485 123 2524 n
146 2482 244 2526 annos
263 2463 397 2526 ditlcrret
415 2461 576 2525 circumire
598 2460 704 2523 saltem
726 2476 781 2541 per
802 2457 867 2520 loca
888 2460 1075 2543 praecipua..‚
1114 2541 1116 2547 ,

107 2573 123 2614 n
147 2554 219 2616 nisit
231 2560 353 2617 excuset
370 2551 492 2614 moralis
505 2548 747 2631 impossibilitas3
761 2547 786 2610 si
799 2553 900 2609 autem
913 2548 989 2612 adsit
999 2552 1078 2632 justa

107 2663 124 2703 ι
147 2661 249 2718 causa,
265 2660 326 2707 non
341 2647 446 2726 peccat
458 2638 511 2722 qui
527 2637 627 2700 differt
638 2655 691 2719 per
701 2645 763 2700 tres
774 2635 821 2699 vel
834 2637 936 2719 plures
949 2657 1074 2704 annos.»

147 2736 216 2796 991.
245 2734 293 2794 An
316 2736 422 2816 peccet
447 2728 575 2810 graviter
597 2727 766 2809 Episcopus
797 2743 859 2787 non
894 2729 1078 2794 confirmans

108 2819 324 2884 moribundum
354 2817 531 2904 potantem?
551 2851 592 2866 -
613 2815 848 2879 controvertitur
873 2820 902 2878 cl
925 2818 1079 2899 probabile

107 2919 153 2974 ost
163 2911 316 2974 nacoliam
330 2908 361 2972 in
371 2909 429 2972 hoo
441 2907 711 2989 adessoporcatum
723 2903 849 2981 veniale,
859 2905 899 2968 ob
909 2904 1077 2973 incommo-

111 2999 231 3064 .litotem
244 3005 274 3063 at
286 2999 403 3082 praxim
416 3013 612 3061 communem
626 2996 673 3078 (S.
688 2993 824 3076 Liguor„
839 2993 910 3070 ib).

147 3085 773 3160 99911111999199111111111119999111111·
784 3083 842 3162 lli),
853 3083 1077 3170 mr'nuaoxpedlt

108 3178 190 3261 quod
213 3183 434 3242 sacromentum
460 3172 703 3236 Confirmationis
728 3171 831 3254 pueris
854 3172 1077 3260 administretur

108 3277 177 3331 ante
194 3287 285 3333 usum
302 3267 445 3329 rationis:
464 3265 609 3336 1011119,
621 3261 738 3345 inquit,
754 3261 779 3323 si
788 3260 959 3326 duodennis
978 3281 1076 3329 annua

108 3380 123 3420 n
147 3356 366 3442 exspectandus
388 3372 449 3417 non
471 3353 623 3424 videatur,
644 3369 741 3432 usqua
763 3349 801 3412 ad
821 3351 983 3432 septimum
996 3357 1075 3417 certb

5 3509 6 3512 ,
108 3471 124 3509 n
147 3448 206 3512 boo
227 3452 449 3511 sacramentum
470 3441 590 3505 differre
612 3441 745 3503 maximb
766 3441 917 3502 convenit.
941 3462 957 3501 n
984 3445 1022 3504 Et
1044 3444 1073 3507 in

108 3537 299 3602 subconslit.
314 3529 643 3618 acquisitionem.
656 3526 880 3592 XlVdicitboo
898 3530 1071 3596 comultr'aai·

4 3625 5 3628 ’
108 3625 427 3690 misdcoretiacautam
440 3641 509 3708 ease.

801 3717 934 3812 'aa
