2578 4008
540 303 628 356 nuru
648 304 763 354 remur.
1086 289 1142 353 371

176 447 190 484 r
213 421 1143 504 etsenemus...;eodirinoilliuseuxiliofreti...peretteutnus

173 535 189 575 r
216 514 342 577 illustria
359 515 615 578 praedecessorum
635 518 808 575 nostrorum
827 515 949 594 vestigia
969 514 1112 596 prosequi
1133 562 1142 592 ‚

175 629 189 662 n
214 605 354 673 exenrnle
372 605 526 678 emutare,
543 609 572 665 et
586 620 689 684 aspera
706 620 835 682 ouaeque
849 615 878 665 et
893 606 998 664 econtra
1015 604 1140 684 perpeti,

174 715 190 752 n
213 713 247 755 ar
261 693 305 756 nel
317 696 409 772 ipsum
421 693 552 754 aorr'mum
565 710 680 772 ponere,
696 699 857 774 antequam
867 692 934 766 Dei,
950 692 1092 755 Ecclesiae
1107 712 1143 754 ac

174 803 189 840 n
206 784 337 865 justitiae
350 803 464 846 eausam
473 782 535 844 ullo
549 781 634 842 medo
647 779 850 844 deseramus.»
869 781 1050 863 Hujusmodl
1067 801 1140 862 pro-

174 869 1143 954 lessioniatlhaesituniversitesaolereunenlmitosllpisooporum

174 961 264 1024 tortus
279 961 360 1024 orbis
375 961 541 1022 christiani.

212 1052 279 1112 Jatn
296 1051 389 1129 prius,
414 1049 529 1112 seilicet
541 1055 580 1112 22
595 1069 664 1133 eug.
682 1053 770 1120 teet,
793 1048 934 1112 damnate
949 1049 1044 1112 luerat
1060 1051 1076 1110 l
1091 1047 1145 1112 Plo

174 1136 226 1212 itt,
238 1138 374 1200 doctrine
387 1141 408 1200 N
414 1140 473 1202 uitz
488 1139 533 1200 his
545 1141 708 1214 contraria,
723 1141 785 1222 que
795 1139 907 1200 dixerat
917 1145 1064 1218 punctum
1078 1155 1144 1201 esee

174 1238 401 1290 controversum
416 1229 492 1291 inter
506 1229 680 1302 catholicos,
696 1247 735 1290 en
750 1227 970 1308 compossibilis
985 1228 1023 1289 sit
1041 1235 1144 1308 potes-

173 1324 219 1378 tis
232 1317 393 1396 spiritualis
409 1337 478 1380 oum
493 1318 660 1397 temporati.
679 1317 752 1379 Vide
769 1316 906 1388 Guittois,
923 1325 995 1378 tom.
1022 1319 1050 1392 l,
1072 1333 1143 1397 pag,

173 1409 246 1482 t-tt;
263 1413 293 1468 et
308 1405 393 1469 Card.
414 1408 526 1489 Sogtio,
547 1407 649 1482 instit,
660 1405 731 1488 jur.
745 1405 873 1489 publici,
886 1403 903 1490 fl
915 1407 966 1482 to,
982 1411 1012 1468 et
1027 1423 1072 1485 pr.
1087 1408 1139 1468 75.

184 1487 223 1547 ro
235 1489 347 1568 Syllutr'
360 1499 411 1566 ;et
426 1493 609 1555 innumeras
625 1495 669 1556 Pii
689 1492 731 1556 tx
746 1503 777 1556 et
788 1492 900 1554 Leonis
922 1489 990 1552 Xlll
1007 1501 1128 1570 protes·

184 1579 329 1642 tationes.

572 1683 662 1748 tut.
688 1685 739 1747 lll.

441 1797 479 1842 uu
500 1798 648 1848 ututsuue
666 1800 691 1846 s.
716 1796 876 1846 nonninus

220 1911 1147 1992 S.P0ntilexverioslintretministros3siveintrosunmCuriam,

180 1995 316 2062 videlieet
330 2001 517 2072 tlardinnleS,
534 2005 788 2084 congregationes
805 2011 835 2065 et
852 2003 938 2085 plura
954 2003 1127 2065 Tribunelia
1137 2023 1146 2082 ;

180 2087 240 2186 sino
255 2099 337 2150 extra
352 2089 483 2168 Curiam,
504 2093 613 2172 nempe
632 2093 775 2173 Legatos,
798 2091 943 2170 Nuntios,
968 2091 1149 2154 Commisso·

183 2194 260 2256 l'lOS,
276 2187 334 2242 elo·

631 2315 648 2395 ᾖ
669 2318 691 2376 I.

523 2443 569 2506 De
590 2441 809 2506 Cardinalr'btrr.

217 2591 286 2652 702.
309 2587 480 2653 cardinales
496 2595 567 2652 sunt
579 2590 664 2672 quasi
680 2589 822 2652 Eoelesiae
843 2591 987 2654 Romane
1001 2593 1146 2658 Senatus:

175 2676 226 2756 jus
239 2677 349 2740 habent
362 2681 394 2740 S.
412 2677 586 2741 Pontificem
602 2678 731 2760 eligendi
742 2725 751 2754 ‚
762 2695 894 2762 eumque
904 2681 1054 2764 precipue
1067 2682 1149 2764 odju-

177 2779 247 2828 runt
255 2767 284 2828 in
296 2767 513 2848 gubernatione
522 2767 854 2830 universalisEoolesiae.
864 2767 937 2832 Vide
945 2771 981 2832 D.
991 2771 1097 2849 Bouix,
1107 2773 1148 2836 De

179 2854 272 2918 Curio
286 2856 433 2931 Romani,
449 2875 480 2938 p.
495 2861 547 2919 45.
563 2857 613 2918 Sic
626 2863 727 2918 autem
740 2856 884 2920 delinitur
897 2857 1063 2941 Collegium
1077 2862 1146 2925 Cor-

176 2941 339 3008 dinalium:
355 2945 537 3007 elericorum
545 2951 639 3007 emtus
652 2945 690 3006 ad
703 2944 910 3008 auxiliandum
921 2949 1058 3011 Romano
1067 2951 1147 3014 Pon-

176 3031 248 3095 tifici
263 3035 294 3094 in
308 3034 448 3098 Ecclesiae
461 3035 624 3115 regimine,
640 3034 717 3096 Sede
731 3034 839 3116 plene,
849 3042 879 3098 et
892 3035 931 3098 od
944 3039 1146 3120 supplendum

176 3121 336 3200 eumdem,
351 3122 428 3185 Sede
442 3129 583 3195 vacante,
600 3123 763 3186 institutus,

216 3215 285 3274 703.
309 3212 430 3284 Ourerit.
446 3215 476 3273 1·
494 3216 542 3272 An
557 3211 728 3274 cardinales
741 3212 883 3278 humane
895 3215 942 3279 vel
963 3214 1073 3281 divinae
1088 3216 1146 3282 siut

175 3298 394 3364 institutionis?

215 3393 303 3472 ttesp.
320 3393 363 3452 De
377 3391 435 3452 hoe
447 3389 599 3472 disputare
613 3393 775 3468 Doctores,
790 3393 842 3456 sed
856 3393 895 3457 de
909 3396 1032 3459 nomine
1047 3398 1146 3478 potius

175 3496 240 3541 osse
253 3480 487 3542 controuersiam
510 3484 603 3560 quem
625 3479 662 3541 de
681 3499 733 3542 re:
749 3482 781 3544 F
782 3483 941 3564 ianeliter
958 3488 1040 3548 enim
1054 3486 1146 3567 origi·

175 3585 245 3630 nem
271 3570 386 3632 trahere
408 3568 546 3630 videntur
568 3569 740 3632 Cardineles
760 3573 779 3634 l
797 3573 1006 3634 Sacerdotibus
1027 3573 1144 3636 Levitir‘

175 3659 310 3738 generis,
333 3665 366 3720 ut
378 3659 420 3720 eit
432 3658 625 3720 Innocentius
644 3659 701 3734 lll,
721 3677 787 3741 cup.
809 3663 867 3722 Per
884 3661 1075 3723 venerabilem
1095 3667 1116 3724 l'

174 3746 227 3826 rui
248 3746 312 3826 fittt
333 3746 395 3810 rint
417 3746 547 3820 lenitimi
554 3763 568 3821 ,·
581 3747 812 3828 Exemplaritrr
829 3755 929 3811 autern
943 3749 981 3812 ab
998 3753 1108 3832 Aposto'
