2570 4006
494 255 580 302 trum
601 255 718 303 narnus.
1036 243 1088 304 391

123 381 139 418 n
164 357 308 440 paginam
318 354 430 438 etquid
440 355 580 437 amplius,
590 357 615 418 si
625 355 766 418 volumen
777 355 859 418 aiter
870 355 1093 437 meridiaribus:

123 470 139 506 n
164 446 218 508 sed
232 446 291 509 boo
304 445 412 508 merito
427 445 482 523 (sic
491 445 593 507 saltem
605 444 784 526 generaliter
793 444 921 524 dictum)
931 445 969 507 ab
979 446 1043 506 aliis
1053 465 1095 510 re·

126 559 140 594 u
162 535 275 615 jicitnr.
289 534 498 596 Aliicontra...
510 534 685 596 dicuntesse
697 540 1094 614 tresautquatuorversus...

124 649 140 681 a
168 623 394 686 Aliitandem...
408 623 599 701 (Holzman...
612 621 1096 705 Sporer...Elbellmeliitsdistin-
1127 623 1132 634 ’

31 785 33 789 Ι
125 735 141 770 »
167 721 284 793 guunt,
300 721 329 775 ct
342 713 449 776 dicunt
462 713 492 774 in
506 713 564 775 boc
577 711 794 774 attendendum
808 730 873 774 esse
888 711 980 772 linem
995 713 1096 792 probi-

126 823 141 862 n
166 803 303 864 bitionis:
316 803 339 864 si
350 803 432 864 enim
442 801 604 884 aperiendo
613 801 723 864 librum
737 800 864 864 offendis
877 800 1095 878 indoctrinam,

126 909 236 972 uquae
263 891 376 954 directe
404 890 473 952 ndei
494 889 704 952 adversatur...
732 889 848 952 etiamsi
875 907 987 971 paucas
1006 889 1098 951 lineas

126 1001 142 1038 a
169 979 261 1061 legas,
271 979 615 1042 excommunicationem
630 999 690 1042 non
702 978 837 1060 effugieS,
848 979 919 1060 quia
932 984 1006 1039 tuno
1021 979 1097 1059 peri-

128 1093 143 1128 »
168 1069 238 1132 culo
253 1069 451 1150 perversionis
462 1070 525 1147 jam
542 1074 569 1130 te
583 1067 725 1148 exponis3
741 1086 827 1130 secus
841 1067 866 1128 si
881 1067 954 1129 liber
968 1067 1098 1129 baerclici

127 1182 143 1217 a
167 1166 270 1238 ageret
282 1158 321 1219 de
334 1176 367 1220 re
382 1157 578 1233 indifferenti,
592 1163 667 1218 tunc
680 1157 761 1218 enim
772 1157 900 1237 legendo
913 1155 989 1218 iortb
1003 1175 1099 1236 usque.

127 1270 143 1306 u
168 1246 206 1308 ad
222 1247 380 1328 paginam,
395 1245 506 1329 poteris
521 1243 664 1306 inmortali
679 1245 813 1307 excusari
827 1246 850 1306 si
862 1245 976 1307 nullam
991 1245 1031 1306 ibi
1046 1245 1098 1306 ad·

127 1360 142 1395 a
168 1346 265 1397 vertas
279 1337 515 1417 propositionem
533 1336 642 1398 erroris
663 1340 844 1415 suspectam.
860 1336 1007 1396 Caeterirm
1022 1335 1099 1396 benc

127 1448 144 1484 n
169 1425 282 1486 incurri
298 1430 396 1508 potest
413 1443 560 1501 censura,
580 1423 708 1505 legendo
727 1423 826 1485 solirm
848 1422 1026 1504 proeemium
1047 1429 1099 1484 aut

128 1535 144 1572 n
170 1513 301 1576 indicem
329 1513 414 1584 libri,
445 1513 469 1576 si
496 1514 528 1575 in
553 1513 675 1576 notabili
704 1511 869 1593 quantitate
896 1519 1097 1593 percurratur.

127 1625 144 1662 a
170 1603 344 1684 Laymann,
363 1603 550 1665 Bonacina...
565 1625 581 1662 n
599 1612 656 1665 etc.
669 1601 743 1663 Vide
757 1602 846 1663 etiam
862 1600 913 1662 lib.
933 1606 963 1675 7,
981 1613 1014 1662 n⁰
1028 1607 1097 1664 284.

170 1697 240 1753 734.
261 1693 381 1764 Ouaerit.
398 1696 430 1753 2⁰
447 1692 593 1764 Quaenam
613 1693 673 1754 sint
692 1691 803 1774 regulae
820 1690 947 1762 Indicis,
971 1692 1023 1754 SS.
1038 1691 1101 1752 iri-

128 1781 262 1844 dentinae
283 1781 395 1860 Synodi
412 1782 498 1862 jussu
520 1781 630 1842 editae?

170 1867 349 1951 Respondeo
362 1889 427 1932 esse
441 1877 600 1952 sequentes
614 1889 682 1950 quae
696 1870 817 1951 quidem
831 1871 964 1951 primiun
981 1889 1035 1951 per
1050 1874 1101 1934 Pa·

129 1965 192 2020 tres
206 1960 223 2020 ir
237 1960 267 2020 S.
285 1959 407 2039 synodo
421 1958 551 2022 delectos
569 1959 777 2036 concinnatae,
793 1961 810 2021 a
825 1961 879 2020 Pio
892 1961 930 2020 IV
945 1979 998 2040 per
1011 1960 1098 2021 Cons-

131 2047 212 2110 titut.
229 2048 389 2124 Damnioi,
412 2067 493 2110 anno
508 2052 597 2124 liiii,
616 2049 818 2129 comprobata
832 2048 964 2110 luerunt.

177 2157 192 2194 a
214 2135 326 2218 Reputo
339 2137 367 2200 1.
383 2137 462 2199 Libri
471 2155 577 2200 onmes
587 2157 663 2219 quos
677 2143 746 2199 ante
758 2155 873 2198 anuum
885 2141 1032 2212 l515,aut
1046 2141 1098 2202 SS.

131 2248 147 2286 n
172 2225 343 2304 Pontifices,
359 2234 410 2288 aut
419 2227 551 2289 Concilio
558 2227 744 2289 oecumenica
758 2226 950 2301 damnarunt,
960 2233 990 2288 ct
1004 2227 1034 2287 in
1045 2228 1101 2291 boc

131 2339 147 2373 a
172 2315 274 2378 Indice
294 2334 356 2378 non
370 2322 457 2394 sunt,
471 2315 579 2378 codem
595 2314 687 2377 modo
698 2315 830 2376 damnati
845 2333 910 2377 esse
924 2323 1102 2380 censeantur

133 2428 148 2464 p
173 2404 334 2467 sicutolim
346 2403 479 2466 damnati
494 2404 622 2467 fuerant.
634 2403 1102 2486 »Htcregulbnonprohibentur

132 2499 248 2556 veteres
256 2491 322 2555 libri
330 2495 538 2574 paganorum:
554 2493 706 2565 Analecta,
721 2498 753 2554 4⁰
767 2493 845 2571 livr.‚
855 2494 912 2556 col.
929 2497 1102 2560 roa-Neo

133 2585 240 2659 etiam,
252 2583 337 2662 juxta
348 2583 533 2665 Theologos,
548 2589 639 2667 prout
651 2583 757 2644 asserit
770 2585 911 2665 Leqncur
924 2583 974 2661 (m
989 2583 1099 2664 1357),

134 2671 166 2732 in
182 2669 239 2734 hac
252 2671 550 2754 comprehenduntur
564 2672 631 2734 libri
643 2667 853 2734 hareticorum
868 2672 1002 2752 priorum
1013 2691 1103 2736 saecu-

133 2757 250 2836 lorum,
266 2760 347 2822 velut
357 2760 550 2839 Tertulliani,
565 2760 704 2839 Eusebii,
719 2761 874 2841 Origenis,
897 2761 1028 2842 Pelagii,
1043 2770 1100 2826 etc.

179 2849 330 2929 «Repulit
357 2849 401 2912 II.
423 2849 697 2912 Haeresiarcharum
723 2848 811 2926 libri,
834 2856 897 2910 tam
921 2867 1028 2912 eorum
1050 2854 1101 2933 qui

136 2959 151 2996 a
177 2944 243 3018 post
265 2936 442 3018 pradictum
462 2957 578 3001 annum
599 2938 727 3000 baereses
746 2937 927 3000 invenerunt
945 2939 990 3002 vel
1009 2943 1102 3002 susci-

136 3049 152 3084 »
176 3029 295 3104 larunt,
318 3030 410 3108 quam
429 3029 481 3110 qui
502 3027 711 3089 baereticorum
735 3027 830 3108 capita
850 3033 901 3088 aut
924 3027 1016 3090 duces
1033 3035 1103 3091 sunt

137 3137 152 3172 n
176 3114 377 3189 calluerunt,
400 3117 504 3198 quales
526 3123 596 3178 sunt
616 3114 781 3189 Lutbemr,
805 3115 985 3196 Zwinglius,
1010 3117 1102 3179 Calvi-

139 3226 153 3262 ι)
177 3221 251 3280 nus,
268 3203 420 3267 balthazar
453 3203 1000 3282 Pacimontanus,SchwenclleldiuS,
1015 3206 1103 3269 ethis

138 3313 153 3351 a
180 3292 293 3355 similes
306 3295 524 3376 cujuscumque
534 3294 677 3366 nominis,
693 3293 771 3369 tituli
784 3301 836 3355 aut
849 3296 1017 3376 argumenti
1030 3297 1104 3358 aria

139 3403 154 3456 ³.
178 3385 259 3460 tant,
273 3383 399 3446 omnino
413 3385 619 3466 probibentur.
968 3397 969 3400 ’

179 3476 249 3536 735.
272 3497 287 3534 a
313 3475 448 3537 Aliorum
463 3484 564 3538 autem
577 3477 787 3540 hereticorum
808 3475 894 3553 libri,
914 3476 966 3556 qni
984 3473 1022 3534 de
1035 3473 1103 3535 reli-

140 3583 156 3624 »
179 3565 268 3638 ginno
281 3561 405 3645 quidem
415 3583 451 3626 ex
462 3567 596 3648 professo
603 3565 873 3643 tractant,omnino
884 3565 1075 3625 damnantur.
1088 3586 1103 3620 a

145 3651 189 3712 Ab
203 3647 350 3716 haerctiois
370 3656 531 3737 conscripti
551 3661 713 3720 censentur
725 3653 794 3716 libri
811 3653 954 3731 anonymi
973 3669 1097 3731 quorun
