2496 3992
227 272 286 334 682
438 273 580 325 annuam
599 241 703 318 acrius
723 264 805 312 runis
826 258 974 306 cauomcr.

228 404 334 458 absimili
349 401 442 451 rollone
456 409 501 460 per
513 392 602 444 eadem
613 393 725 450 tempora
744 378 939 432 christianorum
966 371 1008 421 ris
1024 371 1200 419 institutorum

230 482 340 544 spectata
351 481 387 525 est
398 474 420 522 in
432 468 530 519 militia.
554 466 609 512 lirul
623 459 687 510 enim
701 454 787 505 militis
806 447 935 500 elirisliani
954 457 1086 493 summam
1103 442 1200 489 tortill-

230 554 313 601 dinem
328 561 380 598 cnm
390 555 486 594 summo
499 537 580 588 studio
593 535 743 594 conjungere
752 523 893 584 discipline
905 515 1031 566 militaris
1046 528 1054 561 ε
1072 514 1199 573 animique

232 622 399 676 excelsitatem
417 609 538 665 immobili
560 621 617 670 erga
640 600 779 667 principem
794 595 844 657 tide
861 591 1003 643 cumulare.
1020 587 1097 644 Quod
1112 586 1135 633 si
1156 586 1199 630 ali-

231 698 290 762 quid
301 695 428 758 rogaretur
443 686 509 748 quod
524 694 574 730 non
586 678 652 729 esset
664 676 804 727 honestum,
817 665 854 714 uli
869 663 913 713 bei
923 661 981 723 jura
995 660 1107 712 violare,
1120 663 1166 705 aut
1178 658 1199 703 in

232 772 340 820 insontes
357 760 445 811 Cirrisli
460 753 593 817 discipulos
615 749 709 798 terrum
732 743 885 797 convertere,
911 738 970 783 tunc
997 730 1106 791 quidem
1125 730 1199 789 impe.

233 847 285 894 ratu
299 840 380 888 iacere
394 830 529 885 recusabat
549 824 584 873 ita
603 825 685 869 umen
701 819 729 864 ut
739 811 870 862 discedere
885 807 916 855 ab
927 804 1006 852 armis
1029 805 1109 862 atque
1125 800 1199 848 emori

233 929 276 977 pro
294 907 412 972 religione
429 902 521 959 mallet,
535 907 608 958 quarn
623 904 667 955 per
687 884 834 936 seditionem
848 887 874 929 et
888 877 973 926 turbas
989 871 1140 921 auctoritati
1156 886 1199 933 pn-

234 985 306 1034 blice
321 989 467 1042 repugnare.

265 1058 351 1105 Postea
372 1063 430 1098 aero
455 1056 529 1107 quam
550 1034 697 1100 respublicae
723 1027 847 1093 principes
870 1019 1023 1071 christianos
1048 1017 1201 1067 babuerunt,

237 1122 404 1185 multomagis
429 1114 538 1166 Ecclesia
559 1103 686 1160 testiticari
701 1115 731 1153 ae
752 1098 888 1162 predicere
907 1090 1009 1147 institit,
1033 1085 1200 1150 quantumin

237 1196 379 1250 anctoritate
394 1185 568 1252 imperantium
584 1181 677 1229 inesset
694 1169 850 1224 sanctitatis:
868 1180 900 1214 ex
910 1178 959 1225 quo
970 1162 1085 1209 loturum
1101 1163 1167 1209 erat.
1181 1164 1203 1202 ui

238 1270 343 1336 populis,
365 1277 422 1314 cum
440 1263 471 1309 de
495 1255 632 1321 principatu
658 1246 803 1309 cogitarent,
818 1250 895 1288 sacrae
914 1234 1047 1298 cujusdam
1064 1229 1202 1292 majestatis

238 1335 490 1406 speeiesoecurrerel.
500 1341 555 1392 quae
565 1327 597 1375 ad
610 1321 729 1382 majorem
743 1313 881 1377 principum
890 1321 945 1357 curn
961 1304 1146 1354 verecundiam
1156 1309 1202 1348 tum

239 1425 348 1467 amorem
374 1406 517 1469 impelleret.
537 1402 614 1458 Atque
632 1391 705 1453 buius
723 1387 758 1437 rei
785 1397 866 1436 cansa.
885 1378 1017 1442 sapienter
1035 1373 1159 1438 procidit,
1181 1378 1203 1418 nt

240 1502 311 1552 reges
326 1491 451 1533 sacrorum
467 1471 617 1523 solemnibus
629 1464 796 1514 initiarentur,
809 1454 937 1517 quoderat
950 1451 975 1497 in
986 1449 1153 1495 Testamenta
1166 1444 1203 1490 l‘e

241 1561 287 1611 leri
301 1556 342 1606 bel
353 1541 679 1602 auctoritateccnslitutum.
690 1561 719 1569 -
732 1533 784 1589 Quo
800 1535 881 1576 autem
903 1529 1012 1583 tempore
1029 1518 1113 1566 civilis
1130 1516 1204 1563 honri-

243 1645 302 1683 nnm
318 1625 431 1678 societas,
459 1607 707 1677 tamquameruinis
719 1603 826 1654 excitata
841 1593 937 1658 imperii
962 1589 1071 1646 seranni,
1098 1589 1123 1635 iu
1139 1603 1202 1649 spen

244 1701 384 1754 christiane
397 1686 575 1756 magnitudinis
591 1680 688 1740 reuixit,
699 1674 827 1727 Pontifices
840 1665 958 1723 Romani,
970 1663 1087 1711 instituto
1099 1662 1202 1722 imperis

244 1788 326 1832 sacro,
336 1768 459 1834 politicam
475 1761 624 1824 potestatem
636 1748 756 1814 singulari
766 1738 1088 1794 ralioncconseerarerunt
1101 1732 1200 1780 blasina

246 1848 343 1911 quidem
356 1855 386 1889 ea
398 1838 442 1886 luit
453 1829 588 1882 nobilitatis
603 1826 633 1873 ad
655 1820 820 1884 principatum
834 1809 944 1861 accessio
960 1823 966 1855 :
980 1804 1079 1867 neque
1096 1805 1200 1852 dubitan-

246 1923 305 1969 dum
320 1913 379 1977 quin
400 1917 547 1970 magnopere
559 1899 620 1948 illud
634 1895 773 1944 institutum
794 1892 820 1936 et
833 1883 953 1947 regiliusae
968 1866 992 1927 ct
1012 1877 1083 1926 civili
1100 1873 1198 1924 sociere

247 2001 346 2052 semper
358 1983 444 2033 luisset
465 1975 629 2040 prolaturum,
648 1964 748 2026 siquod
767 1956 877 2008 Ecclesia
892 1952 1029 2016 spectabat,
1052 1950 1123 1998 idem
1140 1949 1195 2010 pric-

249 2064 315 2126 cipes
332 2064 356 2108 et
368 2053 452 2120 populi
470 2059 566 2108 semper·
578 2037 764 2105 spectavissent.
780 2059 808 2067 -
829 2030 858 2077 Et
874 2039 933 2075 sane
948 2023 1039 2085 quietae
1052 2035 1096 2069 res
1114 2028 1140 2069 et
1151 2020 1199 2067 sau·

249 2143 375 2200 prosperae
388 2124 580 2188 permanserunt
595 2107 711 2174 quamdin
724 2106 788 2154 inter
800 2106 929 2159 utramque
944 2098 1097 2157 potestatem
1112 2104 1203 2139 conces

250 2201 360 2256 amicitia
377 2191 522 2261 permansit.
538 2184 635 2247 Siquid
659 2175 829 2229 tumultuando
851 2171 979 2233 peccarent
1001 2163 1098 2226 populi.
1121 2170 1204 2225 presa·

252 2282 305 2328 erat
324 2265 480 2322 conciliatrix
493 2253 681 2320 tranquillitatis
705 2245 821 2302 Ecclesia,
843 2254 899 2304 que
914 2237 1027 2300 singulos
1043 2236 1076 2282 ad
1102 2234 1205 2282 obiciunt

251 2347 356 2406 vocaret,
371 2333 616 2390 vehementioresque
627 2321 774 2384 cupiditales
788 2315 876 2379 partim
893 2309 1006 2365 lenitate,
1022 2306 1115 2369 parlim
1129 2313 1205 2351 aucto⁴

252 2422 324 2472 ritate
338 2410 511 2475 compesceret.
528 2399 647 2450 Similiter
664 2393 685 2443 si
702 2391 761 2454 quid
776 2389 800 2436 in
815 2382 977 2450 gubernando
990 2380 1126 2440 peccarent
1145 2390 1207 2436 prm-

254 2494 332 2556 cipes‚
349 2491 401 2536 tum
418 2482 471 2545 ipsa
485 2477 515 2526 ed
533 2470 656 2537 principes
669 2465 746 2521 adire,
759 2465 784 2510 el
804 2457 950 2522 populorum
960 2450 1025 2513 jura,
1041 2448 1208 2502 necessitates,

253 2554 446 2615 rectadesideria
454 2541 677 2599 commemorando,
689 2533 839 2597 aequitatem,
851 2522 1020 2577 clementiam,
1033 2519 1210 2580 beniguiralcm

255 2635 372 2686 suadere.
388 2628 439 2685 Qua
451 2621 545 2672 ratione
559 2613 651 2679 pluries
666 2614 703 2659 est
718 2605 884 2668 impetratum,
897 2600 924 2645 ut
935 2593 1089 2643 tumultuum
1099 2595 1123 2639 et
1139 2590 1210 2636 belli-

255 2722 312 2758 rum
325 2701 435 2753 cirillum
448 2691 559 2758 pericula
573 2683 771 2750 prohiberentur.

287 2781 376 2828 Contra
390 2771 496 2820 inaculae
509 2754 713 2811 arerentioribus
725 2750 756 2797 de
764 2744 884 2808 potestate
899 2736 1000 2802 politica
1011 2731 1132 2782 doctrinae
1148 2744 1210 2792 maq-

258 2866 303 2902 nas
310 2849 361 2911 jam
373 2838 519 2892 acerbitates
531 2828 673 2882 hominibus
684 2823 830 2871 attulerunt.
842 2808 1053 2867 metuendumque
1063 2818 1096 2851 ne
1107 2807 1210 2851 extrema

259 2924 380 2973 malorum
395 2912 499 2961 aflerant
513 2906 539 2953 in
552 2905 684 2965 posterum.
699 2890 794 2942 Etenim
808 2888 850 2950 jus
860 2878 996 2944 imperandi
1010 2875 1077 2925 nolle
1091 2875 1123 2922 ad
1141 2875 1207 2920 benni

259 2994 350 3044 relerre
363 2990 496 3037 auctorem,
511 2975 572 3025 nibil
586 2976 623 3021 est
634 2967 700 3017 aliud
716 2975 789 3026 quam
803 2955 911 3021 politicae
922 2947 1053 3014 potestatis
1063 2951 1089 2994 el
1103 2946 1210 3007 pulclier·

261 3067 348 3115 rimuiu
363 3056 518 3122 splendorem
530 3047 593 3097 velle
608 3043 715 3090 deletum
736 3038 759 3083 et
775 3043 864 3080 nervos
876 3023 975 3074 incisos.
993 3018 1063 3078 Quod
1078 3021 1161 3064 antem
1178 3015 1209 3063 in·

260 3137 349 3202 quiunt
362 3144 393 3181 ex
409 3123 509 3176 arbitrio
524 3119 592 3168 illem
608 3111 716 3177 pendere
730 3097 906 3156 multitudinis,
923 3095 1031 3157 primum
1047 3087 1167 3150 opinione
1178 3087 1210 3132 lsl·

263 3211 364 3262 lunlur3
382 3198 472 3250 deinde
483 3191 586 3243 nimium
601 3185 650 3235 levi
667 3195 696 3230 ac
708 3174 814 3228 llesribili
832 3170 991 3220 lundameuto
1006 3167 1118 3211 statuunt
1132 3157 1211 3219 prinei

626 3259 671 3304 bus
682 3251 753 3314 quasi
765 3244 868 3296 stimulis
883 3239 993 3288 inritalee
1009 3232 1141 3297 populares
1152 3229 1212 3289 cupi-

263 3286 356 3347 palum.
372 3273 414 3322 llis
432 3269 497 3318 enirn
511 3260 623 3326 opinioni

730 3328 868 3383 magnaque
887 3323 942 3361 cum
955 3304 1064 3370 pernicie
1079 3301 1213 3363 reipublice

265 3355 353 3403 dilates
370 3358 424 3396 sese
437 3339 540 3391 efferent
555 3327 714 3383 insolentius,

265 3426 294 3474 ad
306 3433 384 3472 caecos
399 3418 489 3468 motus,
510 3409 541 3455 ed
558 3405 653 3465 apertas
668 3394 804 3446 seditiones
820 3383 922 3450 proclivi
938 3392 1011 3429 cursu
1025 3381 1049 3424 et
1064 3373 1136 3421 laeile
1155 3373 1214 3419 dele

265 3498 361 3545 bentur.
379 3490 470 3536 Revera
484 3480 561 3531 illam,
584 3485 655 3533 quam
668 3463 887 3527 llesorrnctiooem
900 3454 997 3506 nocant,
1014 3445 1085 3506 cujus
1097 3442 1214 3503 erljureres

266 3571 292 3616 ct
304 3565 380 3611 duces
395 3565 491 3605 sacram
503 3547 652 3602 civilemque
674 3538 819 3599 potestatem
838 3525 909 3576 noris
923 3519 1043 3569 doctrinis
1056 3515 1165 3564 funditus
1176 3528 1213 3573 op-

268 3630 445 3698 pugnaverunt,
453 3615 575 3683 repentini
586 3611 703 3661 tumultus
711 3610 735 3655 el
746 3597 917 3653 audacissime
927 3588 1075 3641 rebelliones
1083 3585 1213 3648 presertim
