<?xml version="1.0" encoding="UTF-8"?>
<!DOCTYPE html PUBLIC "-//W3C//DTD XHTML 1.0 Transitional//EN"
    "http://www.w3.org/TR/xhtml1/DTD/xhtml1-transitional.dtd">
<html xmlns="http://www.w3.org/1999/xhtml" xml:lang="en" lang="en">
 <head>
  <title>
</title>
<meta http-equiv="Content-Type" content="text/html;charset=utf-8" />
  <meta name='ocr-system' content='tesseract 3.04.00' />
  <meta name='ocr-capabilities' content='ocr_page ocr_carea ocr_par ocr_line ocrx_word'/>
</head>
<body>
  <div class='ocr_page' id='page_1' title='image "./manualetotiusju03craigoog_0699.png"; bbox 0 0 2496 3992; ppageno 0'>
   <div class='ocr_carea' id='block_1_1' title="bbox 193 201 934 266">
    <p class='ocr_par' dir='ltr' id='par_1_1' title="bbox 193 201 934 266">
     <span class='ocr_line' id='line_1_1' title="bbox 193 201 934 266; baseline 0.007 -6"><span class='ocrx_word' id='word_1_1' title='bbox 193 201 249 262; x_wconf 69' lang='grc'><strong>676</strong></span> <span class='ocrx_word' id='word_1_2' title='bbox 395 217 534 263; x_wconf 69' lang='lat' dir='ltr'><strong>liaustu</strong></span> <span class='ocrx_word' id='word_1_3' title='bbox 554 217 661 262; x_wconf 72' lang='lat' dir='ltr'><strong>‘l&#39;tl&#39;l&#39;lllS</strong></span> <span class='ocrx_word' id='word_1_4' title='bbox 680 219 760 264; x_wconf 84' lang='lat' dir='ltr'><strong>tdttts</strong></span> <span class='ocrx_word' id='word_1_5' title='bbox 781 218 934 266; x_wconf 72' lang='lat' dir='ltr'><strong>canotum.</strong></span> 
     </span>
    </p>
   </div>
   <div class='ocr_carea' id='block_1_2' title="bbox 153 333 1222 1330">
    <p class='ocr_par' dir='ltr' id='par_1_2' title="bbox 153 333 1222 1186">
     <span class='ocr_line' id='line_1_2' title="bbox 191 333 1161 396; baseline 0.003 -12"><span class='ocrx_word' id='word_1_6' title='bbox 191 337 251 385; x_wconf 83' lang='lat' dir='ltr'><strong>libet</strong></span> <span class='ocrx_word' id='word_1_7' title='bbox 263 333 359 396; x_wconf 88' lang='lat' dir='ltr'><strong>imperil</strong></span> <span class='ocrx_word' id='word_1_8' title='bbox 374 333 422 382; x_wconf 83' lang='lat' dir='ltr'><strong>vim</strong></span> <span class='ocrx_word' id='word_1_9' title='bbox 439 333 641 384; x_wconf 85' lang='lat' dir='ltr'><strong>audaciushodie</strong></span> <span class='ocrx_word' id='word_1_10' title='bbox 654 337 779 391; x_wconf 87' lang='lat' dir='ltr'><strong>recurant,</strong></span> <span class='ocrx_word' id='word_1_11' title='bbox 794 349 870 396; x_wconf 85' lang='lat' dir='ltr'><strong>quem</strong></span> <span class='ocrx_word' id='word_1_12' title='bbox 886 339 962 386; x_wconf 76' lang='lat' dir='ltr'><strong>antea</strong></span> <span class='ocrx_word' id='word_1_13' title='bbox 976 349 985 386; x_wconf 80' lang='lat' dir='ltr'><strong>t</strong></span> <span class='ocrx_word' id='word_1_14' title='bbox 999 340 1028 386; x_wconf 89' lang='lat' dir='ltr'><strong>et</strong></span> <span class='ocrx_word' id='word_1_15' title='bbox 1045 341 1161 388; x_wconf 67' lang='lat' dir='ltr'><strong>uenat</strong></span> 
     </span>
     <span class='ocr_line' id='line_1_3' title="bbox 192 399 1161 472; baseline 0.003 -17"><span class='ocrx_word' id='word_1_16' title='bbox 192 407 281 470; x_wconf 84' lang='lat' dir='ltr'><strong>passim</strong></span> <span class='ocrx_word' id='word_1_17' title='bbox 296 405 403 464; x_wconf 88' lang='lat' dir='ltr'><strong>licentia,</strong></span> <span class='ocrx_word' id='word_1_18' title='bbox 420 413 468 455; x_wconf 74' lang='lat' dir='ltr'><strong>mm</strong></span> <span class='ocrx_word' id='word_1_19' title='bbox 491 407 589 456; x_wconf 76' lang='lat' dir='ltr'><strong>crebras</strong></span> <span class='ocrx_word' id='word_1_20' title='bbox 611 406 745 468; x_wconf 72' lang='lat' dir='ltr'>seditiones</span> <span class='ocrx_word' id='word_1_21' title='bbox 759 420 789 456; x_wconf 85' lang='lat' dir='ltr'><strong>ac</strong></span> <span class='ocrx_word' id='word_1_22' title='bbox 803 408 894 462; x_wconf 77' lang='lat' dir='ltr'><strong>turbes.</strong></span> <span class='ocrx_word' id='word_1_23' title='bbox 909 412 935 456; x_wconf 88' lang='lat' dir='ltr'><strong>nt</strong></span> <span class='ocrx_word' id='word_1_24' title='bbox 947 399 1049 468; x_wconf 82' lang='lat' dir='ltr'><strong>iie‘qui</strong></span> <span class='ocrx_word' id='word_1_25' title='bbox 1062 424 1105 458; x_wconf 86' lang='lat' dir='ltr'><strong>ree</strong></span> <span class='ocrx_word' id='word_1_26' title='bbox 1120 425 1161 472; x_wconf 90' lang='lat' dir='ltr'><strong>pn·</strong></span> 
     </span>
     <span class='ocr_line' id='line_1_4' title="bbox 192 479 1159 544; baseline 0.001 -16"><span class='ocrx_word' id='word_1_27' title='bbox 192 479 268 528; x_wconf 85' lang='lat' dir='ltr'><strong>blicas</strong></span> <span class='ocrx_word' id='word_1_28' title='bbox 290 483 384 544; x_wconf 67' lang='lat' dir='ltr'><strong>gerunt</strong></span> <span class='ocrx_word' id='word_1_29' title='bbox 399 493 446 528; x_wconf 91' lang='lat' dir='ltr'><strong>non</strong></span> <span class='ocrx_word' id='word_1_30' title='bbox 461 479 541 526; x_wconf 93' lang='lat' dir='ltr'><strong>solum</strong></span> <span class='ocrx_word' id='word_1_31' title='bbox 557 479 677 540; x_wconf 77' lang='lat' dir='ltr'><strong>denegata</strong></span> <span class='ocrx_word' id='word_1_32' title='bbox 695 492 758 539; x_wconf 76' lang='lat' dir='ltr'><strong>saepe</strong></span> <span class='ocrx_word' id='word_1_33' title='bbox 772 479 967 541; x_wconf 74' lang='lat' dir='ltr'>obtemperatio,</span> <span class='ocrx_word' id='word_1_34' title='bbox 984 482 1035 529; x_wconf 87' lang='lat' dir='ltr'><strong>sed</strong></span> <span class='ocrx_word' id='word_1_35' title='bbox 1052 497 1086 530; x_wconf 85' lang='lat' dir='ltr'><strong>ue</strong></span> <span class='ocrx_word' id='word_1_36' title='bbox 1101 485 1159 530; x_wconf 73' lang='lat' dir='ltr'><strong>satis</strong></span> 
     </span>
     <span class='ocr_line' id='line_1_5' title="bbox 190 543 1158 613; baseline 0.004 -15"><span class='ocrx_word' id='word_1_37' title='bbox 190 543 391 613; x_wconf 85' lang='lat' dir='ltr'><strong>quidem&#39;tuturn</strong></span> <span class='ocrx_word' id='word_1_38' title='bbox 408 547 582 598; x_wconf 75' lang='lat' dir='ltr'><strong>incolumitatis</strong></span> <span class='ocrx_word' id='word_1_39' title='bbox 597 549 737 608; x_wconf 79' lang='lat' dir='ltr'><strong>praesidium</strong></span> <span class='ocrx_word' id='word_1_40' title='bbox 762 550 875 600; x_wconf 86' lang='lat' dir='ltr'><strong>relietum</strong></span> <span class='ocrx_word' id='word_1_41' title='bbox 896 563 953 600; x_wconf 82' lang='lat' dir='ltr'><strong>esse</strong></span> <span class='ocrx_word' id='word_1_42' title='bbox 968 551 1101 604; x_wconf 84' lang='lat' dir='ltr'><strong>videatur.</strong></span> <span class='ocrx_word' id='word_1_43' title='bbox 1117 556 1158 602; x_wconf 80' lang='lat' dir='ltr'><strong>iliu</strong></span> 
     </span>
     <span class='ocr_line' id='line_1_6' title="bbox 153 621 1159 685; baseline 0.003 -14"><span class='ocrx_word' id='word_1_44' title='bbox 153 637 158 649; x_wconf 86' lang='lat'><em>·</em></span> <span class='ocrx_word' id='word_1_45' title='bbox 189 622 289 685; x_wconf 89' lang='lat' dir='ltr'><strong>quidem</strong></span> <span class='ocrx_word' id='word_1_46' title='bbox 307 623 365 672; x_wconf 84' lang='lat' dir='ltr'><strong>date</strong></span> <span class='ocrx_word' id='word_1_47' title='bbox 380 626 513 683; x_wconf 81' lang='lat' dir='ltr'><strong>estopem,</strong></span> <span class='ocrx_word' id='word_1_48' title='bbox 529 625 555 670; x_wconf 92' lang='lat' dir='ltr'><strong>ut</strong></span> <span class='ocrx_word' id='word_1_49' title='bbox 565 621 601 670; x_wconf 90' lang='lat' dir='ltr'><strong>illi</strong></span> <span class='ocrx_word' id='word_1_50' title='bbox 616 622 641 670; x_wconf 89' lang='lat' dir='ltr'><strong>in</strong></span> <span class='ocrx_word' id='word_1_51' title='bbox 656 625 826 682; x_wconf 90' lang='lat' dir='ltr'><strong>contemptum</strong></span> <span class='ocrx_word' id='word_1_52' title='bbox 841 627 916 684; x_wconf 89' lang='lat' dir='ltr'><strong>atque</strong></span> <span class='ocrx_word' id='word_1_53' title='bbox 927 623 1020 672; x_wconf 88' lang='lat' dir='ltr'><strong>odium</strong></span> <span class='ocrx_word' id='word_1_54' title='bbox 1041 627 1159 674; x_wconf 77' lang='lat' dir='ltr'><strong>venirent</strong></span> 
     </span>
     <span class='ocr_line' id='line_1_7' title="bbox 190 692 1158 756; baseline 0.003 -13"><span class='ocrx_word' id='word_1_55' title='bbox 190 693 349 750; x_wconf 88' lang='lat' dir='ltr'><strong>multitudini,</strong></span> <span class='ocrx_word' id='word_1_56' title='bbox 364 699 540 755; x_wconf 66' lang='lat' dir='ltr'><strong>conceptaque</strong></span> <span class='ocrx_word' id='word_1_57' title='bbox 565 693 670 741; x_wconf 84' lang='lat' dir='ltr'><strong>llurrrmis</strong></span> <span class='ocrx_word' id='word_1_58' title='bbox 684 693 781 741; x_wconf 75' lang='lat' dir='ltr'><strong>invidie</strong></span> <span class='ocrx_word' id='word_1_59' title='bbox 795 692 847 754; x_wconf 84' lang='lat' dir='ltr'><strong>jem</strong></span> <span class='ocrx_word' id='word_1_60' title='bbox 869 696 1080 756; x_wconf 86' lang='lat' dir='ltr'><strong>erumpentibus,</strong></span> <span class='ocrx_word' id='word_1_61' title='bbox 1098 699 1158 746; x_wconf 81' lang='lat' dir='ltr'><strong>satis</strong></span> 
     </span>
     <span class='ocr_line' id='line_1_8' title="bbox 189 763 1158 830; baseline 0.003 -15"><span class='ocrx_word' id='word_1_62' title='bbox 189 766 279 830; x_wconf 72' lang='lat' dir='ltr'><strong>exiguo</strong></span> <span class='ocrx_word' id='word_1_63' title='bbox 291 765 423 813; x_wconf 77' lang='lat' dir='ltr'><strong>intervallo</strong></span> <span class='ocrx_word' id='word_1_64' title='bbox 438 777 589 812; x_wconf 89' lang='lat' dir='ltr'><strong>summorum</strong></span> <span class='ocrx_word' id='word_1_65' title='bbox 602 764 740 826; x_wconf 74' lang='lat' dir='ltr'><strong>principum</strong></span> <span class='ocrx_word' id='word_1_66' title='bbox 752 763 801 812; x_wconf 82' lang='lat' dir='ltr'><strong>nita</strong></span> <span class='ocrx_word' id='word_1_67' title='bbox 815 765 910 826; x_wconf 88' lang='lat' dir='ltr'><strong>pluries</strong></span> <span class='ocrx_word' id='word_1_68' title='bbox 925 771 965 813; x_wconf 82' lang='lat' dir='ltr'><strong>est</strong></span> <span class='ocrx_word' id='word_1_69' title='bbox 984 771 1033 815; x_wconf 83' lang='lat' dir='ltr'><strong>aut</strong></span> <span class='ocrx_word' id='word_1_70' title='bbox 1049 771 1158 818; x_wconf 82' lang='lat' dir='ltr'><strong>occultis</strong></span> 
     </span>
     <span class='ocr_line' id='line_1_9' title="bbox 189 834 1158 897; baseline 0.004 -11"><span class='ocrx_word' id='word_1_71' title='bbox 189 837 285 886; x_wconf 82' lang='lat' dir='ltr'><strong>insidiis</strong></span> <span class='ocrx_word' id='word_1_72' title='bbox 302 842 344 885; x_wconf 91' lang='lat' dir='ltr'><strong>aut</strong></span> <span class='ocrx_word' id='word_1_73' title='bbox 358 837 447 897; x_wconf 88' lang='lat' dir='ltr'><strong>apertis</strong></span> <span class='ocrx_word' id='word_1_74' title='bbox 463 834 598 884; x_wconf 89' lang='lat' dir='ltr'><strong>latrociniis</strong></span> <span class='ocrx_word' id='word_1_75' title='bbox 610 836 641 884; x_wconf 86' lang='lat' dir='ltr'><strong>ad</strong></span> <span class='ocrx_word' id='word_1_76' title='bbox 658 836 851 884; x_wconf 75' lang='lat' dir='ltr'><strong>internecionem</strong></span> <span class='ocrx_word' id='word_1_77' title='bbox 869 836 993 896; x_wconf 84' lang='lat' dir='ltr'><strong>expetite.</strong></span> <span class='ocrx_word' id='word_1_78' title='bbox 1025 838 1158 890; x_wconf 79' lang='lat' dir='ltr'><strong>cohorruit</strong></span> 
     </span>
     <span class='ocr_line' id='line_1_10' title="bbox 190 905 1156 970; baseline 0.003 -12"><span class='ocrx_word' id='word_1_79' title='bbox 190 915 238 958; x_wconf 87' lang='lat' dir='ltr'><strong>tota</strong></span> <span class='ocrx_word' id='word_1_80' title='bbox 258 923 336 970; x_wconf 81' lang='lat' dir='ltr'><strong>nuper</strong></span> <span class='ocrx_word' id='word_1_81' title='bbox 350 907 443 970; x_wconf 81' lang='lat' dir='ltr'><strong>Europa</strong></span> <span class='ocrx_word' id='word_1_82' title='bbox 461 907 489 956; x_wconf 87' lang='lat' dir='ltr'><strong>ad</strong></span> <span class='ocrx_word' id='word_1_83' title='bbox 503 905 667 968; x_wconf 76' lang='lat' dir='ltr'><strong>potentissimi</strong></span> <span class='ocrx_word' id='word_1_84' title='bbox 680 907 840 970; x_wconf 84' lang='lat' dir='ltr'><strong>imperatoris</strong></span> <span class='ocrx_word' id='word_1_85' title='bbox 849 907 977 956; x_wconf 78' lang='lat' dir='ltr'><strong>intendam</strong></span> <span class='ocrx_word' id='word_1_86' title='bbox 988 923 1084 960; x_wconf 88' lang='lat' dir='ltr'><strong>necem</strong></span> <span class='ocrx_word' id='word_1_87' title='bbox 1099 917 1156 961; x_wconf 84' lang='lat' dir='ltr'><strong>:at-</strong></span> 
     </span>
     <span class='ocr_line' id='line_1_11' title="bbox 190 977 1222 1047; baseline 0.003 -18"><span class='ocrx_word' id='word_1_88' title='bbox 190 981 321 1041; x_wconf 88' lang='lat' dir='ltr'><strong>tonitisque</strong></span> <span class='ocrx_word' id='word_1_89' title='bbox 336 980 416 1028; x_wconf 83' lang='lat' dir='ltr'><strong>adlrue</strong></span> <span class='ocrx_word' id='word_1_90' title='bbox 431 979 590 1042; x_wconf 69' lang='lat' dir='ltr'><strong>praescieris</strong></span> <span class='ocrx_word' id='word_1_91' title='bbox 604 979 776 1042; x_wconf 69' lang='lat' dir='ltr'><strong>magnitudine</strong></span> <span class='ocrx_word' id='word_1_92' title='bbox 788 977 886 1038; x_wconf 87' lang='lat' dir='ltr'><strong>animis,</strong></span> <span class='ocrx_word' id='word_1_93' title='bbox 902 993 950 1028; x_wconf 92' lang='lat' dir='ltr'><strong>non</strong></span> <span class='ocrx_word' id='word_1_94' title='bbox 962 987 1087 1030; x_wconf 80' lang='lat' dir='ltr'><strong>verentur</strong></span> <span class='ocrx_word' id='word_1_95' title='bbox 1095 997 1155 1047; x_wconf 89' lang='lat' dir='ltr'><strong>per·</strong></span> <span class='ocrx_word' id='word_1_96' title='bbox 1221 1039 1222 1042; x_wconf 8' lang='grc' dir='ltr'><strong>Ἴ</strong></span> 
     </span>
     <span class='ocr_line' id='line_1_12' title="bbox 189 1049 1153 1120; baseline 0.002 -20"><span class='ocrx_word' id='word_1_97' title='bbox 189 1053 232 1100; x_wconf 91' lang='lat' dir='ltr'><strong>diti</strong></span> <span class='ocrx_word' id='word_1_98' title='bbox 248 1052 360 1100; x_wconf 84' lang='lat' dir='ltr'><strong>nomines</strong></span> <span class='ocrx_word' id='word_1_99' title='bbox 379 1049 406 1099; x_wconf 91' lang='lat' dir='ltr'><strong>in</strong></span> <span class='ocrx_word' id='word_1_100' title='bbox 426 1055 522 1099; x_wconf 83' lang='lat' dir='ltr'><strong>eeteros</strong></span> <span class='ocrx_word' id='word_1_101' title='bbox 545 1050 649 1112; x_wconf 77' lang='lat' dir='ltr'><strong>Europes</strong></span> <span class='ocrx_word' id='word_1_102' title='bbox 665 1049 789 1112; x_wconf 85' lang='lat' dir='ltr'><strong>principes</strong></span> <span class='ocrx_word' id='word_1_103' title='bbox 799 1049 881 1100; x_wconf 86' lang='lat' dir='ltr'><strong>minas</strong></span> <span class='ocrx_word' id='word_1_104' title='bbox 898 1057 1060 1114; x_wconf 81' lang='lat' dir='ltr'><strong>terroresque</strong></span> <span class='ocrx_word' id='word_1_105' title='bbox 1078 1055 1153 1120; x_wconf 68' lang='lat' dir='ltr'><strong>vulgo</strong></span> 
     </span>
     <span class='ocr_line' id='line_1_13' title="bbox 186 1124 287 1186; baseline 0 -14"><span class='ocrx_word' id='word_1_106' title='bbox 186 1124 287 1186; x_wconf 86' lang='lat' dir='ltr'><strong>jactare.</strong></span> 
     </span>
    </p>

    <p class='ocr_par' dir='ltr' id='par_1_3' title="bbox 189 1194 1152 1330">
     <span class='ocr_line' id='line_1_14' title="bbox 221 1194 1152 1262; baseline 0.001 -18"><span class='ocrx_word' id='word_1_107' title='bbox 221 1197 284 1252; x_wconf 78' lang='lat' dir='ltr'><strong>llaec,</strong></span> <span class='ocrx_word' id='word_1_108' title='bbox 299 1208 353 1258; x_wconf 79' lang='lat' dir='ltr'><strong>quaa</strong></span> <span class='ocrx_word' id='word_1_109' title='bbox 367 1195 425 1243; x_wconf 84' lang='lat' dir='ltr'><strong>sunt</strong></span> <span class='ocrx_word' id='word_1_110' title='bbox 444 1197 501 1242; x_wconf 80' lang='lat' dir='ltr'><strong>ante</strong></span> <span class='ocrx_word' id='word_1_111' title='bbox 514 1194 608 1252; x_wconf 92' lang='lat' dir='ltr'><strong>oculos,</strong></span> <span class='ocrx_word' id='word_1_112' title='bbox 621 1194 790 1242; x_wconf 89' lang='lat' dir='ltr'><strong>communium</strong></span> <span class='ocrx_word' id='word_1_113' title='bbox 808 1207 891 1243; x_wconf 89' lang='lat' dir='ltr'><strong>rerum</strong></span> <span class='ocrx_word' id='word_1_114' title='bbox 914 1194 1063 1246; x_wconf 86' lang='lat' dir='ltr'><strong>discrimina</strong></span> <span class='ocrx_word' id='word_1_115' title='bbox 1082 1199 1152 1262; x_wconf 71' lang='lat' dir='ltr'><strong>gran</strong></span> 
     </span>
     <span class='ocr_line' id='line_1_15' title="bbox 189 1265 1151 1330; baseline -0.002 -10"><span class='ocrx_word' id='word_1_116' title='bbox 189 1271 236 1320; x_wconf 81' lang='lat' dir='ltr'><strong>llos</strong></span> <span class='ocrx_word' id='word_1_117' title='bbox 257 1266 425 1316; x_wconf 87' lang='lat' dir='ltr'><strong>sollieitudine</strong></span> <span class='ocrx_word' id='word_1_118' title='bbox 439 1265 561 1324; x_wconf 79' lang='lat' dir='ltr'><strong>alliciunt,</strong></span> <span class='ocrx_word' id='word_1_119' title='bbox 574 1280 629 1314; x_wconf 93' lang='lat' dir='ltr'><strong>eum</strong></span> <span class='ocrx_word' id='word_1_120' title='bbox 641 1265 799 1314; x_wconf 81' lang='lat' dir='ltr'><strong>securitatem</strong></span> <span class='ocrx_word' id='word_1_121' title='bbox 813 1266 951 1328; x_wconf 86' lang='lat' dir='ltr'><strong>principum</strong></span> <span class='ocrx_word' id='word_1_122' title='bbox 966 1277 989 1316; x_wconf 89' lang='lat' dir='ltr'><strong>et</strong></span> <span class='ocrx_word' id='word_1_123' title='bbox 1003 1269 1151 1330; x_wconf 78' lang='lat' dir='ltr'><strong>tranquilli-</strong></span> 
     </span>
    </p>
   </div>
   <div class='ocr_carea' id='block_1_3' title="bbox 111 1337 1151 1404">
    <p class='ocr_par' dir='ltr' id='par_1_4' title="bbox 111 1337 1151 1404">
     <span class='ocr_line' id='line_1_16' title="bbox 111 1337 1151 1404; baseline -0.003 -11"><span class='ocrx_word' id='word_1_124' title='bbox 111 1382 116 1392; x_wconf 91' lang='lat'>.</span> <span class='ocrx_word' id='word_1_125' title='bbox 188 1348 263 1392; x_wconf 89' lang='lat' dir='ltr'><strong>tatem</strong></span> <span class='ocrx_word' id='word_1_126' title='bbox 277 1340 435 1402; x_wconf 87' lang='lat' dir='ltr'><strong>imperiorum</strong></span> <span class='ocrx_word' id='word_1_127' title='bbox 447 1351 493 1385; x_wconf 90' lang='lat' dir='ltr'><strong>una</strong></span> <span class='ocrx_word' id='word_1_128' title='bbox 504 1351 562 1386; x_wconf 91' lang='lat' dir='ltr'><strong>cum</strong></span> <span class='ocrx_word' id='word_1_129' title='bbox 576 1338 722 1400; x_wconf 91' lang='lat' dir='ltr'><strong>populorum</strong></span> <span class='ocrx_word' id='word_1_130' title='bbox 736 1337 816 1386; x_wconf 86' lang='lat' dir='ltr'><strong>saluto</strong></span> <span class='ocrx_word' id='word_1_131' title='bbox 828 1337 1004 1399; x_wconf 85' lang='lat' dir='ltr'><strong>propemodum</strong></span> <span class='ocrx_word' id='word_1_132' title='bbox 1021 1339 1048 1387; x_wconf 92' lang='lat' dir='ltr'><strong>iu</strong></span> <span class='ocrx_word' id='word_1_133' title='bbox 1063 1342 1151 1404; x_wconf 66' lang='lat' dir='ltr'><strong>siugu-</strong></span> 
     </span>
    </p>
   </div>
   <div class='ocr_carea' id='block_1_4' title="bbox 126 1405 1150 1902">
    <p class='ocr_par' dir='ltr' id='par_1_5' title="bbox 126 1405 1150 1902">
     <span class='ocr_line' id='line_1_17' title="bbox 187 1405 1150 1473; baseline -0.001 -11"><span class='ocrx_word' id='word_1_134' title='bbox 187 1405 225 1462; x_wconf 87' lang='lat' dir='ltr'><strong>las</strong></span> <span class='ocrx_word' id='word_1_135' title='bbox 242 1415 314 1460; x_wconf 85' lang='lat' dir='ltr'><strong>lrnras</strong></span> <span class='ocrx_word' id='word_1_136' title='bbox 329 1410 511 1473; x_wconf 89' lang='lat' dir='ltr'><strong>periclitantem</strong></span> <span class='ocrx_word' id='word_1_137' title='bbox 525 1409 672 1457; x_wconf 88' lang='lat' dir='ltr'><strong>intueamur.</strong></span> <span class='ocrx_word' id='word_1_138' title='bbox 690 1435 714 1444; x_wconf 88' lang='lat'>—</span> <span class='ocrx_word' id='word_1_139' title='bbox 732 1408 804 1469; x_wconf 78' lang='lat' dir='ltr'><strong>tiqui</strong></span> <span class='ocrx_word' id='word_1_140' title='bbox 822 1413 905 1456; x_wconf 87' lang='lat' dir='ltr'><strong>tamen</strong></span> <span class='ocrx_word' id='word_1_141' title='bbox 919 1409 1055 1470; x_wconf 68' lang='lat' dir='ltr'><strong>religionis</strong></span> <span class='ocrx_word' id='word_1_142' title='bbox 1068 1413 1150 1461; x_wconf 79' lang='lat' dir='ltr'><strong>cirris-</strong></span> 
     </span>
     <span class='ocr_line' id='line_1_18' title="bbox 188 1479 1150 1542; baseline -0.002 -8"><span class='ocrx_word' id='word_1_143' title='bbox 188 1484 262 1534; x_wconf 79' lang='lat' dir='ltr'><strong>tianoe</strong></span> <span class='ocrx_word' id='word_1_144' title='bbox 277 1481 356 1530; x_wconf 85' lang='lat' dir='ltr'><strong>divina</strong></span> <span class='ocrx_word' id='word_1_145' title='bbox 371 1479 447 1530; x_wconf 84' lang='lat' dir='ltr'><strong>virtus</strong></span> <span class='ocrx_word' id='word_1_146' title='bbox 459 1480 600 1529; x_wconf 77' lang='lat' dir='ltr'><strong>stabilitatis</strong></span> <span class='ocrx_word' id='word_1_147' title='bbox 614 1485 688 1541; x_wconf 88' lang='lat' dir='ltr'><strong>atque</strong></span> <span class='ocrx_word' id='word_1_148' title='bbox 700 1479 793 1528; x_wconf 83' lang='lat' dir='ltr'><strong>ordinis</strong></span> <span class='ocrx_word' id='word_1_149' title='bbox 807 1479 906 1542; x_wconf 70' lang='lat' dir='ltr'><strong>egregia</strong></span> <span class='ocrx_word' id='word_1_150' title='bbox 924 1479 1085 1530; x_wconf 81' lang='lat' dir='ltr'><strong>linnamenta</strong></span> <span class='ocrx_word' id='word_1_151' title='bbox 1100 1483 1150 1532; x_wconf 80' lang='lat' dir='ltr'><strong>rei-</strong></span> 
     </span>
     <span class='ocr_line' id='line_1_19' title="bbox 188 1550 1146 1618; baseline 0 -13"><span class='ocrx_word' id='word_1_152' title='bbox 188 1555 294 1618; x_wconf 72' lang='lat' dir='ltr'><strong>publicae</strong></span> <span class='ocrx_word' id='word_1_153' title='bbox 306 1553 409 1615; x_wconf 87' lang='lat' dir='ltr'><strong>peperit,</strong></span> <span class='ocrx_word' id='word_1_154' title='bbox 422 1551 496 1600; x_wconf 87' lang='lat' dir='ltr'><strong>simul</strong></span> <span class='ocrx_word' id='word_1_155' title='bbox 511 1565 539 1600; x_wconf 91' lang='lat' dir='ltr'><strong>ae</strong></span> <span class='ocrx_word' id='word_1_156' title='bbox 553 1552 578 1599; x_wconf 92' lang='lat' dir='ltr'><strong>in</strong></span> <span class='ocrx_word' id='word_1_157' title='bbox 592 1565 672 1599; x_wconf 88' lang='lat' dir='ltr'><strong>mores</strong></span> <span class='ocrx_word' id='word_1_158' title='bbox 687 1556 710 1599; x_wconf 91' lang='lat' dir='ltr'><strong>et</strong></span> <span class='ocrx_word' id='word_1_159' title='bbox 724 1550 836 1598; x_wconf 83' lang='lat' dir='ltr'><strong>instituta</strong></span> <span class='ocrx_word' id='word_1_160' title='bbox 847 1551 974 1600; x_wconf 83' lang='lat' dir='ltr'><strong>civitatum</strong></span> <span class='ocrx_word' id='word_1_161' title='bbox 990 1555 1146 1615; x_wconf 78' lang='lat' dir='ltr'><strong>penetravit.</strong></span> 
     </span>
     <span class='ocr_line' id='line_1_20' title="bbox 188 1622 1150 1687; baseline 0.003 -13"><span class='ocrx_word' id='word_1_162' title='bbox 188 1653 217 1663; x_wconf 89' lang='lat'>-</span> <span class='ocrx_word' id='word_1_163' title='bbox 232 1627 307 1686; x_wconf 80' lang='lat' dir='ltr'><strong>Grrjus</strong></span> <span class='ocrx_word' id='word_1_164' title='bbox 321 1623 419 1674; x_wconf 85' lang='lat' dir='ltr'><strong>virtutis</strong></span> <span class='ocrx_word' id='word_1_165' title='bbox 433 1637 482 1672; x_wconf 93' lang='lat' dir='ltr'><strong>non</strong></span> <span class='ocrx_word' id='word_1_166' title='bbox 498 1623 603 1686; x_wconf 70' lang='lat' dir='ltr'><strong>exiguus</strong></span> <span class='ocrx_word' id='word_1_167' title='bbox 616 1636 697 1684; x_wconf 90' lang='lat' dir='ltr'><strong>neque</strong></span> <span class='ocrx_word' id='word_1_168' title='bbox 717 1629 855 1684; x_wconf 87' lang='lat' dir='ltr'><strong>postremus</strong></span> <span class='ocrx_word' id='word_1_169' title='bbox 870 1622 966 1671; x_wconf 86' lang='lat' dir='ltr'><strong>tructus</strong></span> <span class='ocrx_word' id='word_1_170' title='bbox 980 1631 1019 1672; x_wconf 85' lang='lat' dir='ltr'><strong>est</strong></span> <span class='ocrx_word' id='word_1_171' title='bbox 1039 1639 1113 1687; x_wconf 83' lang='lat' dir='ltr'><strong>osque</strong></span> <span class='ocrx_word' id='word_1_172' title='bbox 1125 1633 1150 1678; x_wconf 87' lang='lat' dir='ltr'><strong>et</strong></span> 
     </span>
     <span class='ocr_line' id='line_1_21' title="bbox 189 1693 1145 1760; baseline 0 -13"><span class='ocrx_word' id='word_1_173' title='bbox 189 1697 285 1760; x_wconf 85' lang='lat' dir='ltr'><strong>sapiens</strong></span> <span class='ocrx_word' id='word_1_174' title='bbox 295 1697 319 1744; x_wconf 94' lang='lat' dir='ltr'><strong>in</strong></span> <span class='ocrx_word' id='word_1_175' title='bbox 329 1695 511 1758; x_wconf 89' lang='lat' dir='ltr'><strong>principibuset</strong></span> <span class='ocrx_word' id='word_1_176' title='bbox 526 1694 621 1756; x_wconf 86' lang='lat' dir='ltr'><strong>populis</strong></span> <span class='ocrx_word' id='word_1_177' title='bbox 639 1695 784 1756; x_wconf 82' lang='lat' dir='ltr'><strong>temperatio</strong></span> <span class='ocrx_word' id='word_1_178' title='bbox 791 1693 886 1756; x_wconf 83' lang='lat' dir='ltr'><strong>jurium</strong></span> <span class='ocrx_word' id='word_1_179' title='bbox 903 1698 976 1756; x_wconf 80' lang='lat' dir='ltr'><strong>atque</strong></span> <span class='ocrx_word' id='word_1_180' title='bbox 988 1695 1145 1748; x_wconf 79' lang='lat' dir='ltr'><strong>officiorum.</strong></span> 
     </span>
     <span class='ocr_line' id='line_1_22' title="bbox 126 1765 1149 1828; baseline 0.003 -10"><span class='ocrx_word' id='word_1_181' title='bbox 126 1782 130 1790; x_wconf 89' lang='grc'><strong><em>·</em></strong></span> <span class='ocrx_word' id='word_1_182' title='bbox 189 1771 249 1818; x_wconf 82' lang='lat' dir='ltr'><strong>llam</strong></span> <span class='ocrx_word' id='word_1_183' title='bbox 267 1769 292 1816; x_wconf 94' lang='lat' dir='ltr'><strong>iu</strong></span> <span class='ocrx_word' id='word_1_184' title='bbox 306 1767 397 1816; x_wconf 80' lang='lat' dir='ltr'><strong>Christi</strong></span> <span class='ocrx_word' id='word_1_185' title='bbox 412 1767 508 1814; x_wconf 85' lang='lat' dir='ltr'><strong>llomini</strong></span> <span class='ocrx_word' id='word_1_186' title='bbox 524 1765 651 1828; x_wconf 74' lang='lat' dir='ltr'><strong>praeceptis</strong></span> <span class='ocrx_word' id='word_1_187' title='bbox 664 1771 738 1825; x_wconf 82' lang='lat' dir='ltr'><strong>atque</strong></span> <span class='ocrx_word' id='word_1_188' title='bbox 750 1765 870 1827; x_wconf 83' lang='lat' dir='ltr'><strong>exemplis</strong></span> <span class='ocrx_word' id='word_1_189' title='bbox 893 1766 954 1814; x_wconf 88' lang='lat' dir='ltr'><strong>mira</strong></span> <span class='ocrx_word' id='word_1_190' title='bbox 971 1765 1006 1814; x_wconf 81' lang='lat' dir='ltr'><strong>ris</strong></span> <span class='ocrx_word' id='word_1_191' title='bbox 1021 1771 1055 1817; x_wconf 87' lang='lat' dir='ltr'><strong>ad</strong></span> <span class='ocrx_word' id='word_1_192' title='bbox 1070 1773 1149 1820; x_wconf 84' lang='lat' dir='ltr'><strong>eonti-</strong></span> 
     </span>
     <span class='ocr_line' id='line_1_23' title="bbox 188 1837 1149 1902; baseline 0 -11"><span class='ocrx_word' id='word_1_193' title='bbox 188 1842 282 1892; x_wconf 91' lang='lat' dir='ltr'><strong>nendos</strong></span> <span class='ocrx_word' id='word_1_194' title='bbox 299 1843 348 1887; x_wconf 91' lang='lat' dir='ltr'><strong>tarn</strong></span> <span class='ocrx_word' id='word_1_195' title='bbox 361 1839 402 1900; x_wconf 91' lang='lat' dir='ltr'><strong>qui</strong></span> <span class='ocrx_word' id='word_1_196' title='bbox 413 1844 591 1900; x_wconf 76' lang='lat' dir='ltr'><strong>parent,quam</strong></span> <span class='ocrx_word' id='word_1_197' title='bbox 606 1837 647 1900; x_wconf 91' lang='lat' dir='ltr'><strong>qui</strong></span> <span class='ocrx_word' id='word_1_198' title='bbox 661 1839 783 1899; x_wconf 87' lang='lat' dir='ltr'><strong>imperant</strong></span> <span class='ocrx_word' id='word_1_199' title='bbox 793 1837 884 1892; x_wconf 87' lang='lat' dir='ltr'><strong>olllcio.</strong></span> <span class='ocrx_word' id='word_1_200' title='bbox 899 1839 1069 1902; x_wconf 80' lang='lat' dir='ltr'><strong>tuendumque</strong></span> <span class='ocrx_word' id='word_1_201' title='bbox 1085 1843 1149 1894; x_wconf 88' lang='lat' dir='ltr'><strong>inter</strong></span> 
     </span>
    </p>
   </div>
   <div class='ocr_carea' id='block_1_5' title="bbox 88 1909 1149 1976">
    <p class='ocr_par' dir='ltr' id='par_1_6' title="bbox 88 1909 1149 1976">
     <span class='ocr_line' id='line_1_24' title="bbox 88 1909 1149 1976; baseline 0.008 -18"><span class='ocrx_word' id='word_1_202' title='bbox 88 1953 93 1958; x_wconf 90' lang='lat'>.</span> <span class='ocrx_word' id='word_1_203' title='bbox 188 1913 257 1976; x_wconf 82' lang='lat' dir='ltr'><strong>ipsos</strong></span> <span class='ocrx_word' id='word_1_204' title='bbox 271 1923 334 1961; x_wconf 87' lang='lat' dir='ltr'><strong>eum.</strong></span> <span class='ocrx_word' id='word_1_205' title='bbox 349 1924 403 1970; x_wconf 85' lang='lat' dir='ltr'><strong>quau</strong></span> <span class='ocrx_word' id='word_1_206' title='bbox 424 1909 531 1957; x_wconf 76' lang='lat' dir='ltr'><strong>conanime</strong></span> <span class='ocrx_word' id='word_1_207' title='bbox 546 1909 681 1958; x_wconf 89' lang='lat' dir='ltr'><strong>secundum</strong></span> <span class='ocrx_word' id='word_1_208' title='bbox 710 1913 819 1957; x_wconf 83' lang='lat' dir='ltr'><strong>naturam</strong></span> <span class='ocrx_word' id='word_1_209' title='bbox 837 1911 883 1962; x_wconf 86' lang='lat' dir='ltr'><strong>est.</strong></span> <span class='ocrx_word' id='word_1_210' title='bbox 897 1910 1113 1972; x_wconf 82' lang='lat' dir='ltr'><strong>conspirationem</strong></span> <span class='ocrx_word' id='word_1_211' title='bbox 1127 1923 1149 1966; x_wconf 91' lang='lat' dir='ltr'><strong>et</strong></span> 
     </span>
    </p>
   </div>
   <div class='ocr_carea' id='block_1_6' title="bbox 151 1981 1147 2536">
    <p class='ocr_par' dir='ltr' id='par_1_7' title="bbox 151 1981 1147 2536">
     <span class='ocr_line' id='line_1_25' title="bbox 188 1981 1147 2048; baseline 0.001 -13"><span class='ocrx_word' id='word_1_212' title='bbox 188 1983 258 2048; x_wconf 85' lang='lat' dir='ltr'><strong>qnasi</strong></span> <span class='ocrx_word' id='word_1_213' title='bbox 273 1987 420 2031; x_wconf 89' lang='lat' dir='ltr'><strong>concentum</strong></span> <span class='ocrx_word' id='word_1_214' title='bbox 437 1985 600 2034; x_wconf 82' lang='lat' dir='ltr'><strong>voluntatum.</strong></span> <span class='ocrx_word' id='word_1_215' title='bbox 618 1983 683 2030; x_wconf 88' lang='lat' dir='ltr'><strong>unde</strong></span> <span class='ocrx_word' id='word_1_216' title='bbox 695 1981 808 2044; x_wconf 72' lang='lat' dir='ltr'><strong>gignitur</strong></span> <span class='ocrx_word' id='word_1_217' title='bbox 822 1981 970 2042; x_wconf 88' lang='lat' dir='ltr'><strong>tranquillus</strong></span> <span class='ocrx_word' id='word_1_218' title='bbox 987 1989 1062 2045; x_wconf 88' lang='lat' dir='ltr'><strong>atque</strong></span> <span class='ocrx_word' id='word_1_219' title='bbox 1078 1991 1147 2038; x_wconf 91' lang='lat' dir='ltr'><strong>omui</strong></span> 
     </span>
     <span class='ocr_line' id='line_1_26' title="bbox 187 2053 1146 2120; baseline 0.002 -14"><span class='ocrx_word' id='word_1_220' title='bbox 187 2054 370 2120; x_wconf 80' lang='lat' dir='ltr'><strong>perturbatione</strong></span> <span class='ocrx_word' id='word_1_221' title='bbox 386 2067 472 2102; x_wconf 90' lang='lat' dir='ltr'><strong>eareus</strong></span> <span class='ocrx_word' id='word_1_222' title='bbox 487 2053 738 2114; x_wconf 88' lang='lat' dir='ltr'><strong>rerumpublicarum</strong></span> <span class='ocrx_word' id='word_1_223' title='bbox 754 2065 849 2101; x_wconf 80' lang='lat' dir='ltr'><strong>cursus.</strong></span> <span class='ocrx_word' id='word_1_224' title='bbox 865 2077 896 2088; x_wconf 91' lang='lat'><em>-</em></span> <span class='ocrx_word' id='word_1_225' title='bbox 916 2053 1070 2117; x_wconf 84' lang='lat' dir='ltr'><strong>Quapropter</strong></span> <span class='ocrx_word' id='word_1_226' title='bbox 1090 2074 1146 2108; x_wconf 84' lang='lat' dir='ltr'><strong>cuns</strong></span> 
     </span>
     <span class='ocr_line' id='line_1_27' title="bbox 151 2124 1145 2193; baseline 0.002 -15"><span class='ocrx_word' id='word_1_227' title='bbox 151 2169 160 2186; x_wconf 81' lang='grc'><strong><em>,</em></strong></span> <span class='ocrx_word' id='word_1_228' title='bbox 187 2129 303 2192; x_wconf 77' lang='lat' dir='ltr'><strong>rependas</strong></span> <span class='ocrx_word' id='word_1_229' title='bbox 319 2125 432 2175; x_wconf 79' lang='lat' dir='ltr'><strong>Ecclesia</strong></span> <span class='ocrx_word' id='word_1_230' title='bbox 445 2125 581 2179; x_wconf 76' lang='lat' dir='ltr'><strong>catholicoe,</strong></span> <span class='ocrx_word' id='word_1_231' title='bbox 592 2124 757 2174; x_wconf 89' lang='lat' dir='ltr'><strong>doctriuamm</strong></span> <span class='ocrx_word' id='word_1_232' title='bbox 769 2124 858 2173; x_wconf 82' lang='lat' dir='ltr'><strong>Christi</strong></span> <span class='ocrx_word' id='word_1_233' title='bbox 868 2125 962 2172; x_wconf 89' lang='lat' dir='ltr'><strong>custodi</strong></span> <span class='ocrx_word' id='word_1_234' title='bbox 972 2131 997 2174; x_wconf 93' lang='lat' dir='ltr'><strong>et</strong></span> <span class='ocrx_word' id='word_1_235' title='bbox 1005 2127 1145 2193; x_wconf 72' lang='lat' dir='ltr'><strong>interpreti,</strong></span> 
     </span>
     <span class='ocr_line' id='line_1_28' title="bbox 188 2194 1144 2260; baseline 0.003 -11"><span class='ocrx_word' id='word_1_236' title='bbox 188 2201 230 2249; x_wconf 84' lang='lat' dir='ltr'><strong>uei</strong></span> <span class='ocrx_word' id='word_1_237' title='bbox 246 2198 363 2248; x_wconf 83' lang='lat' dir='ltr'><strong>beneficio</strong></span> <span class='ocrx_word' id='word_1_238' title='bbox 387 2197 513 2260; x_wconf 74' lang='lat' dir='ltr'><strong>praepositi</strong></span> <span class='ocrx_word' id='word_1_239' title='bbox 530 2196 618 2254; x_wconf 88' lang='lat' dir='ltr'><strong>simus,</strong></span> <span class='ocrx_word' id='word_1_240' title='bbox 635 2194 786 2246; x_wconf 80' lang='lat' dir='ltr'><strong>auctoritatis</strong></span> <span class='ocrx_word' id='word_1_241' title='bbox 813 2195 908 2246; x_wconf 81' lang='lat' dir='ltr'><strong>Nostrae</strong></span> <span class='ocrx_word' id='word_1_242' title='bbox 923 2211 979 2258; x_wconf 85' lang='lat' dir='ltr'><strong>esse</strong></span> <span class='ocrx_word' id='word_1_243' title='bbox 992 2199 1144 2260; x_wconf 87' lang='lat' dir='ltr'><strong>judicamus,</strong></span> 
     </span>
     <span class='ocr_line' id='line_1_29' title="bbox 188 2267 1146 2331; baseline 0.003 -10"><span class='ocrx_word' id='word_1_244' title='bbox 188 2270 342 2321; x_wconf 75' lang='lat' dir='ltr'><strong>venerabiles</strong></span> <span class='ocrx_word' id='word_1_245' title='bbox 369 2271 473 2324; x_wconf 80' lang='lat' dir='ltr'><strong>Fratres,</strong></span> <span class='ocrx_word' id='word_1_246' title='bbox 490 2267 589 2330; x_wconf 84' lang='lat' dir='ltr'><strong>publice</strong></span> <span class='ocrx_word' id='word_1_247' title='bbox 605 2281 798 2316; x_wconf 88' lang='lat' dir='ltr'><strong>commemorare</strong></span> <span class='ocrx_word' id='word_1_248' title='bbox 810 2269 869 2330; x_wconf 87' lang='lat' dir='ltr'><strong>quid</strong></span> <span class='ocrx_word' id='word_1_249' title='bbox 884 2281 898 2315; x_wconf 87' lang='lat' dir='ltr'><strong>a</strong></span> <span class='ocrx_word' id='word_1_250' title='bbox 911 2283 1034 2331; x_wconf 90' lang='lat' dir='ltr'><strong>quoquam</strong></span> <span class='ocrx_word' id='word_1_251' title='bbox 1050 2271 1075 2321; x_wconf 89' lang='lat' dir='ltr'><strong>in</strong></span> <span class='ocrx_word' id='word_1_252' title='bbox 1099 2275 1146 2324; x_wconf 82' lang='lat' dir='ltr'><strong>one</strong></span> 
     </span>
     <span class='ocr_line' id='line_1_30' title="bbox 186 2339 1143 2408; baseline 0.002 -16"><span class='ocrx_word' id='word_1_253' title='bbox 186 2357 276 2408; x_wconf 73' lang='lat' dir='ltr'><strong>penore</strong></span> <span class='ocrx_word' id='word_1_254' title='bbox 293 2341 368 2390; x_wconf 78' lang='lat' dir='ltr'><strong>o&#39;lieii</strong></span> <span class='ocrx_word' id='word_1_255' title='bbox 385 2339 507 2390; x_wconf 84' lang='lat' dir='ltr'><strong>catholice</strong></span> <span class='ocrx_word' id='word_1_256' title='bbox 530 2339 620 2388; x_wconf 86' lang='lat' dir='ltr'><strong>veritas</strong></span> <span class='ocrx_word' id='word_1_257' title='bbox 636 2339 733 2403; x_wconf 56' lang='lat' dir='ltr'><strong>exigam</strong></span> <span class='ocrx_word' id='word_1_258' title='bbox 758 2343 827 2388; x_wconf 88' lang='lat' dir='ltr'><strong>unde</strong></span> <span class='ocrx_word' id='word_1_259' title='bbox 844 2341 905 2388; x_wconf 90' lang='lat' dir='ltr'><strong>illud</strong></span> <span class='ocrx_word' id='word_1_260' title='bbox 929 2341 1004 2388; x_wconf 88' lang='lat' dir='ltr'><strong>etiam</strong></span> <span class='ocrx_word' id='word_1_261' title='bbox 1020 2353 1143 2407; x_wconf 73' lang='lat' dir='ltr'><strong>emerget,</strong></span> 
     </span>
     <span class='ocr_line' id='line_1_31' title="bbox 187 2411 1145 2479; baseline 0.002 -15"><span class='ocrx_word' id='word_1_262' title='bbox 187 2429 235 2478; x_wconf 91' lang='lat' dir='ltr'><strong>qua</strong></span> <span class='ocrx_word' id='word_1_263' title='bbox 246 2415 284 2462; x_wconf 84' lang='lat' dir='ltr'><strong>vio</strong></span> <span class='ocrx_word' id='word_1_264' title='bbox 301 2419 386 2475; x_wconf 90' lang='lat' dir='ltr'><strong>etqua</strong></span> <span class='ocrx_word' id='word_1_265' title='bbox 401 2413 494 2460; x_wconf 87' lang='lat' dir='ltr'><strong>ratione</strong></span> <span class='ocrx_word' id='word_1_266' title='bbox 509 2411 541 2460; x_wconf 88' lang='lat' dir='ltr'><strong>sit</strong></span> <span class='ocrx_word' id='word_1_267' title='bbox 553 2411 579 2460; x_wconf 91' lang='lat' dir='ltr'><strong>in</strong></span> <span class='ocrx_word' id='word_1_268' title='bbox 594 2415 644 2459; x_wconf 92' lang='lat' dir='ltr'><strong>tam</strong></span> <span class='ocrx_word' id='word_1_269' title='bbox 657 2411 815 2460; x_wconf 78' lang='lat' dir='ltr'><strong>formidoloso</strong></span> <span class='ocrx_word' id='word_1_270' title='bbox 832 2425 912 2460; x_wconf 90' lang='lat' dir='ltr'><strong>rerum</strong></span> <span class='ocrx_word' id='word_1_271' title='bbox 927 2415 995 2461; x_wconf 85' lang='lat' dir='ltr'><strong>statu</strong></span> <span class='ocrx_word' id='word_1_272' title='bbox 1005 2414 1078 2464; x_wconf 84' lang='lat' dir='ltr'><strong>saluti</strong></span> <span class='ocrx_word' id='word_1_273' title='bbox 1096 2431 1145 2479; x_wconf 92' lang='lat' dir='ltr'><strong>pu-</strong></span> 
     </span>
     <span class='ocr_line' id='line_1_32' title="bbox 187 2485 463 2536; baseline -0.011 -1"><span class='ocrx_word' id='word_1_274' title='bbox 187 2486 259 2536; x_wconf 74' lang='lat' dir='ltr'><strong>blicas</strong></span> <span class='ocrx_word' id='word_1_275' title='bbox 273 2485 463 2534; x_wconf 88' lang='lat' dir='ltr'><strong>consulendum.</strong></span> 
     </span>
    </p>
   </div>
   <div class='ocr_carea' id='block_1_7' title="bbox 218 2553 1244 2618">
    <p class='ocr_par' dir='ltr' id='par_1_8' title="bbox 218 2553 1244 2618">
     <span class='ocr_line' id='line_1_33' title="bbox 218 2553 1244 2618; baseline 0 -12"><span class='ocrx_word' id='word_1_276' title='bbox 218 2558 268 2607; x_wconf 83' lang='lat' dir='ltr'><strong>Etsi</strong></span> <span class='ocrx_word' id='word_1_277' title='bbox 286 2559 360 2606; x_wconf 80' lang='lat' dir='ltr'><strong>homo</strong></span> <span class='ocrx_word' id='word_1_278' title='bbox 377 2555 518 2618; x_wconf 72' lang='lat' dir='ltr'><strong>arrogantia</strong></span> <span class='ocrx_word' id='word_1_279' title='bbox 539 2555 646 2618; x_wconf 85' lang='lat' dir='ltr'><strong>quadam</strong></span> <span class='ocrx_word' id='word_1_280' title='bbox 657 2557 681 2604; x_wconf 90' lang='lat' dir='ltr'><strong>et</strong></span> <span class='ocrx_word' id='word_1_281' title='bbox 695 2554 852 2604; x_wconf 85' lang='lat' dir='ltr'><strong>contumacia</strong></span> <span class='ocrx_word' id='word_1_282' title='bbox 865 2553 980 2605; x_wconf 86' lang='lat' dir='ltr'><strong>incitatus</strong></span> <span class='ocrx_word' id='word_1_283' title='bbox 995 2557 1080 2606; x_wconf 83' lang='lat' dir='ltr'><strong>irenos</strong></span> <span class='ocrx_word' id='word_1_284' title='bbox 1098 2560 1145 2607; x_wconf 86' lang='lat' dir='ltr'><strong>im·</strong></span> <span class='ocrx_word' id='word_1_285' title='bbox 1243 2607 1244 2618; x_wconf 60' lang='lat'><strong>,</strong></span> 
     </span>
    </p>
   </div>
   <div class='ocr_carea' id='block_1_8' title="bbox 183 2626 1146 3616">
    <p class='ocr_par' dir='ltr' id='par_1_9' title="bbox 183 2626 1146 3616">
     <span class='ocr_line' id='line_1_34' title="bbox 186 2626 1145 2692; baseline 0 -14"><span class='ocrx_word' id='word_1_286' title='bbox 186 2630 248 2692; x_wconf 89' lang='lat' dir='ltr'><strong>perii</strong></span> <span class='ocrx_word' id='word_1_287' title='bbox 258 2629 382 2691; x_wconf 84' lang='lat' dir='ltr'><strong>depellere</strong></span> <span class='ocrx_word' id='word_1_288' title='bbox 396 2641 461 2689; x_wconf 77' lang='lat' dir='ltr'><strong>sepe</strong></span> <span class='ocrx_word' id='word_1_289' title='bbox 475 2626 609 2684; x_wconf 83' lang='lat' dir='ltr'><strong>contendit,</strong></span> <span class='ocrx_word' id='word_1_290' title='bbox 621 2639 747 2688; x_wconf 90' lang='lat' dir='ltr'><strong>uunquam</strong></span> <span class='ocrx_word' id='word_1_291' title='bbox 761 2629 843 2674; x_wconf 78' lang='lat' dir='ltr'><strong>tannen</strong></span> <span class='ocrx_word' id='word_1_292' title='bbox 858 2627 954 2686; x_wconf 76' lang='lat' dir='ltr'><strong>assequi</strong></span> <span class='ocrx_word' id='word_1_293' title='bbox 964 2627 1046 2690; x_wconf 89' lang='lat' dir='ltr'><strong>potuit</strong></span> <span class='ocrx_word' id='word_1_294' title='bbox 1060 2635 1086 2678; x_wconf 94' lang='lat' dir='ltr'><strong>ut</strong></span> <span class='ocrx_word' id='word_1_295' title='bbox 1102 2645 1145 2682; x_wconf 84' lang='lat' dir='ltr'><strong>ne·</strong></span> 
     </span>
     <span class='ocr_line' id='line_1_35' title="bbox 186 2697 1145 2763; baseline 0.001 -13"><span class='ocrx_word' id='word_1_296' title='bbox 186 2702 247 2750; x_wconf 90' lang='lat' dir='ltr'><strong>mini</strong></span> <span class='ocrx_word' id='word_1_297' title='bbox 272 2704 378 2763; x_wconf 86' lang='lat' dir='ltr'><strong>pareret.</strong></span> <span class='ocrx_word' id='word_1_298' title='bbox 401 2700 507 2748; x_wconf 68' lang='lat' dir='ltr'><strong>praeesse</strong></span> <span class='ocrx_word' id='word_1_299' title='bbox 525 2699 619 2760; x_wconf 90' lang='lat' dir='ltr'><strong>aliquos</strong></span> <span class='ocrx_word' id='word_1_300' title='bbox 647 2697 673 2746; x_wconf 92' lang='lat' dir='ltr'><strong>in</strong></span> <span class='ocrx_word' id='word_1_301' title='bbox 694 2697 758 2745; x_wconf 86' lang='lat' dir='ltr'><strong>ornni</strong></span> <span class='ocrx_word' id='word_1_302' title='bbox 777 2698 960 2746; x_wconf 80' lang='lat' dir='ltr'><strong>consociatione</strong></span> <span class='ocrx_word' id='word_1_303' title='bbox 977 2699 1104 2750; x_wconf 89' lang='lat' dir='ltr'><strong>lromlnum</strong></span> <span class='ocrx_word' id='word_1_304' title='bbox 1120 2707 1145 2752; x_wconf 85' lang='lat' dir='ltr'><strong>et</strong></span> 
     </span>
     <span class='ocr_line' id='line_1_36' title="bbox 186 2768 1144 2835; baseline -0.001 -12"><span class='ocrx_word' id='word_1_305' title='bbox 186 2773 362 2823; x_wconf 83' lang='lat' dir='ltr'><strong>communitate</strong></span> <span class='ocrx_word' id='word_1_306' title='bbox 370 2771 435 2835; x_wconf 76' lang='lat' dir='ltr'><strong>cogit</strong></span> <span class='ocrx_word' id='word_1_307' title='bbox 447 2772 498 2833; x_wconf 89' lang='lat' dir='ltr'><strong>ipsa</strong></span> <span class='ocrx_word' id='word_1_308' title='bbox 507 2768 654 2830; x_wconf 86' lang='lat' dir='ltr'><strong>necessitas;</strong></span> <span class='ocrx_word' id='word_1_309' title='bbox 669 2783 699 2817; x_wconf 91' lang='lat' dir='ltr'><strong>ne</strong></span> <span class='ocrx_word' id='word_1_310' title='bbox 710 2769 831 2832; x_wconf 89' lang='lat' dir='ltr'><strong>principio</strong></span> <span class='ocrx_word' id='word_1_311' title='bbox 844 2770 882 2818; x_wconf 80' lang='lat' dir='ltr'><strong>uel</strong></span> <span class='ocrx_word' id='word_1_312' title='bbox 894 2768 996 2832; x_wconf 85' lang='lat' dir='ltr'><strong>oapitca</strong></span> <span class='ocrx_word' id='word_1_313' title='bbox 1010 2786 1060 2832; x_wconf 92' lang='lat' dir='ltr'><strong>quo</strong></span> <span class='ocrx_word' id='word_1_314' title='bbox 1072 2787 1144 2835; x_wconf 74' lang='lat' dir='ltr'><strong>requ-</strong></span> 
     </span>
     <span class='ocr_line' id='line_1_37' title="bbox 185 2839 1142 2904; baseline -0.001 -10"><span class='ocrx_word' id='word_1_315' title='bbox 185 2849 233 2900; x_wconf 83' lang='lat' dir='ltr'><strong>tur‚</strong></span> <span class='ocrx_word' id='word_1_316' title='bbox 248 2845 367 2893; x_wconf 86' lang='lat' dir='ltr'><strong>destituta</strong></span> <span class='ocrx_word' id='word_1_317' title='bbox 376 2842 481 2893; x_wconf 86' lang='lat' dir='ltr'><strong>societas</strong></span> <span class='ocrx_word' id='word_1_318' title='bbox 493 2841 618 2894; x_wconf 82' lang='lat' dir='ltr'><strong>dilabatur</strong></span> <span class='ocrx_word' id='word_1_319' title='bbox 627 2845 652 2889; x_wconf 85' lang='lat' dir='ltr'><strong>et</strong></span> <span class='ocrx_word' id='word_1_320' title='bbox 665 2839 739 2889; x_wconf 87' lang='lat' dir='ltr'><strong>llnem</strong></span> <span class='ocrx_word' id='word_1_321' title='bbox 752 2840 870 2902; x_wconf 83' lang='lat' dir='ltr'><strong>consequi</strong></span> <span class='ocrx_word' id='word_1_322' title='bbox 884 2841 1054 2904; x_wconf 86' lang='lat' dir='ltr'><strong>proltlhestur.</strong></span> <span class='ocrx_word' id='word_1_323' title='bbox 1070 2844 1142 2904; x_wconf 77' lang='lat' dir='ltr'><strong>cujus</strong></span> 
     </span>
     <span class='ocr_line' id='line_1_38' title="bbox 185 2909 1145 2980; baseline 0 -17"><span class='ocrx_word' id='word_1_324' title='bbox 185 2914 261 2980; x_wconf 70' lang='lat' dir='ltr'><strong>gratis</strong></span> <span class='ocrx_word' id='word_1_325' title='bbox 278 2921 332 2963; x_wconf 85' lang='lat' dir='ltr'><strong>nata</strong></span> <span class='ocrx_word' id='word_1_326' title='bbox 349 2919 374 2962; x_wconf 88' lang='lat' dir='ltr'><strong>et</strong></span> <span class='ocrx_word' id='word_1_327' title='bbox 398 2913 530 2962; x_wconf 89' lang='lat' dir='ltr'><strong>constituta</strong></span> <span class='ocrx_word' id='word_1_328' title='bbox 558 2917 602 2962; x_wconf 92' lang='lat' dir='ltr'><strong>est.</strong></span> <span class='ocrx_word' id='word_1_329' title='bbox 619 2913 750 2960; x_wconf 89' lang='lat' dir='ltr'><strong>-llerum</strong></span> <span class='ocrx_word' id='word_1_330' title='bbox 766 2910 786 2958; x_wconf 88' lang='lat' dir='ltr'><strong>si</strong></span> <span class='ocrx_word' id='word_1_331' title='bbox 817 2909 872 2960; x_wconf 89' lang='lat' dir='ltr'><strong>sseri</strong></span> <span class='ocrx_word' id='word_1_332' title='bbox 896 2925 945 2960; x_wconf 92' lang='lat' dir='ltr'><strong>non</strong></span> <span class='ocrx_word' id='word_1_333' title='bbox 973 2913 1052 2973; x_wconf 89' lang='lat' dir='ltr'><strong>potuit</strong></span> <span class='ocrx_word' id='word_1_334' title='bbox 1077 2923 1105 2963; x_wconf 92' lang='lat' dir='ltr'><strong>ut</strong></span> <span class='ocrx_word' id='word_1_335' title='bbox 1132 2933 1145 2968; x_wconf 86' lang='lat' dir='ltr'><strong>e</strong></span> 
     </span>
     <span class='ocr_line' id='line_1_39' title="bbox 185 2982 1145 3047; baseline 0 -11"><span class='ocrx_word' id='word_1_336' title='bbox 185 2986 272 3036; x_wconf 88' lang='lat' dir='ltr'><strong>mediis</strong></span> <span class='ocrx_word' id='word_1_337' title='bbox 287 2983 428 3034; x_wconf 85' lang='lat' dir='ltr'><strong>civitatibus</strong></span> <span class='ocrx_word' id='word_1_338' title='bbox 451 2985 549 3047; x_wconf 88' lang='lat' dir='ltr'><strong>politica</strong></span> <span class='ocrx_word' id='word_1_339' title='bbox 575 2987 681 3046; x_wconf 84' lang='lat' dir='ltr'><strong>potestas</strong></span> <span class='ocrx_word' id='word_1_340' title='bbox 699 2985 837 3039; x_wconf 87' lang='lat' dir='ltr'><strong>tolleretur,</strong></span> <span class='ocrx_word' id='word_1_341' title='bbox 865 2987 931 3032; x_wconf 87' lang='lat' dir='ltr'><strong>certe</strong></span> <span class='ocrx_word' id='word_1_342' title='bbox 956 2982 1030 3033; x_wconf 86' lang='lat' dir='ltr'><strong>libuit</strong></span> <span class='ocrx_word' id='word_1_343' title='bbox 1056 2999 1145 3036; x_wconf 89' lang='lat' dir='ltr'><strong>omues</strong></span> 
     </span>
     <span class='ocr_line' id='line_1_40' title="bbox 184 3055 1145 3118; baseline 0 -11"><span class='ocrx_word' id='word_1_344' title='bbox 184 3064 250 3108; x_wconf 87' lang='lat' dir='ltr'><strong>artes</strong></span> <span class='ocrx_word' id='word_1_345' title='bbox 273 3057 391 3105; x_wconf 81' lang='lat' dir='ltr'><strong>adhibere</strong></span> <span class='ocrx_word' id='word_1_346' title='bbox 414 3057 446 3104; x_wconf 86' lang='lat' dir='ltr'><strong>ad</strong></span> <span class='ocrx_word' id='word_1_347' title='bbox 472 3056 520 3103; x_wconf 90' lang='lat' dir='ltr'><strong>vim</strong></span> <span class='ocrx_word' id='word_1_348' title='bbox 538 3055 591 3118; x_wconf 80' lang='lat' dir='ltr'><strong>ejus</strong></span> <span class='ocrx_word' id='word_1_349' title='bbox 618 3056 772 3110; x_wconf 82' lang='lat' dir='ltr'><strong>elevandam,</strong></span> <span class='ocrx_word' id='word_1_350' title='bbox 799 3056 1003 3115; x_wconf 82' lang='lat' dir='ltr'><strong>majestatemque</strong></span> <span class='ocrx_word' id='word_1_351' title='bbox 1025 3055 1145 3107; x_wconf 80' lang='lat' dir='ltr'><strong>minuen-</strong></span> 
     </span>
     <span class='ocr_line' id='line_1_41' title="bbox 184 3125 1146 3189; baseline 0.001 -12"><span class='ocrx_word' id='word_1_352' title='bbox 184 3130 240 3180; x_wconf 90' lang='lat' dir='ltr'><strong>dam</strong></span> <span class='ocrx_word' id='word_1_353' title='bbox 257 3142 262 3174; x_wconf 95' lang='lat'><strong>:</strong></span> <span class='ocrx_word' id='word_1_354' title='bbox 279 3127 353 3189; x_wconf 88' lang='lat' dir='ltr'><strong>idque</strong></span> <span class='ocrx_word' id='word_1_355' title='bbox 372 3127 481 3176; x_wconf 79' lang='lat' dir='ltr'><strong>maxime</strong></span> <span class='ocrx_word' id='word_1_356' title='bbox 504 3128 594 3176; x_wconf 81' lang='lat' dir='ltr'><strong>smculo</strong></span> <span class='ocrx_word' id='word_1_357' title='bbox 610 3137 658 3186; x_wconf 81' lang='lat' dir='ltr'><strong>xvi,</strong></span> <span class='ocrx_word' id='word_1_358' title='bbox 684 3141 739 3175; x_wconf 92' lang='lat' dir='ltr'><strong>cum</strong></span> <span class='ocrx_word' id='word_1_359' title='bbox 763 3125 855 3176; x_wconf 82' lang='lat' dir='ltr'><strong>intesta</strong></span> <span class='ocrx_word' id='word_1_360' title='bbox 883 3126 1025 3188; x_wconf 89' lang='lat' dir='ltr'><strong>opinionum</strong></span> <span class='ocrx_word' id='word_1_361' title='bbox 1048 3127 1146 3182; x_wconf 82' lang='lat' dir='ltr'><strong>novitas</strong></span> 
     </span>
     <span class='ocr_line' id='line_1_42' title="bbox 183 3197 1145 3262; baseline 0 -12"><span class='ocrx_word' id='word_1_362' title='bbox 183 3199 321 3262; x_wconf 88' lang='lat' dir='ltr'><strong>complures</strong></span> <span class='ocrx_word' id='word_1_363' title='bbox 335 3197 471 3246; x_wconf 76' lang='lat' dir='ltr'><strong>infatuavit.</strong></span> <span class='ocrx_word' id='word_1_364' title='bbox 485 3199 540 3248; x_wconf 82' lang='lat' dir='ltr'><strong>Post</strong></span> <span class='ocrx_word' id='word_1_365' title='bbox 550 3197 610 3246; x_wconf 89' lang='lat' dir='ltr'><strong>illud</strong></span> <span class='ocrx_word' id='word_1_366' title='bbox 623 3200 724 3259; x_wconf 87' lang='lat' dir='ltr'><strong>tempus</strong></span> <span class='ocrx_word' id='word_1_367' title='bbox 741 3209 791 3246; x_wconf 91' lang='lat' dir='ltr'><strong>non</strong></span> <span class='ocrx_word' id='word_1_368' title='bbox 805 3198 886 3246; x_wconf 81' lang='lat' dir='ltr'><strong>solum</strong></span> <span class='ocrx_word' id='word_1_369' title='bbox 901 3197 1035 3246; x_wconf 89' lang='lat' dir='ltr'><strong>ministrari</strong></span> <span class='ocrx_word' id='word_1_370' title='bbox 1052 3199 1100 3248; x_wconf 88' lang='lat' dir='ltr'><strong>sibi</strong></span> <span class='ocrx_word' id='word_1_371' title='bbox 1113 3201 1145 3250; x_wconf 92' lang='lat' dir='ltr'><strong>li·</strong></span> 
     </span>
     <span class='ocr_line' id='line_1_43' title="bbox 184 3269 1145 3334; baseline -0.001 -12"><span class='ocrx_word' id='word_1_372' title='bbox 184 3273 303 3322; x_wconf 81' lang='lat' dir='ltr'><strong>berialem</strong></span> <span class='ocrx_word' id='word_1_373' title='bbox 326 3269 521 3334; x_wconf 60' lang='lat' dir='ltr'><strong>largiloquam</strong></span> <span class='ocrx_word' id='word_1_374' title='bbox 544 3273 672 3330; x_wconf 79' lang='lat' dir='ltr'><strong>parentat,</strong></span> <span class='ocrx_word' id='word_1_375' title='bbox 688 3269 819 3318; x_wconf 88' lang='lat' dir='ltr'><strong>multitudo</strong></span> <span class='ocrx_word' id='word_1_376' title='bbox 835 3269 979 3328; x_wconf 79' lang='lat' dir='ltr'><strong>contendit3</strong></span> <span class='ocrx_word' id='word_1_377' title='bbox 998 3269 1043 3318; x_wconf 88' lang='lat' dir='ltr'><strong>sed</strong></span> <span class='ocrx_word' id='word_1_378' title='bbox 1067 3276 1145 3322; x_wconf 84' lang='lat' dir='ltr'><strong>ettam</strong></span> 
     </span>
     <span class='ocr_line' id='line_1_44' title="bbox 183 3339 1144 3406; baseline -0.001 -13"><span class='ocrx_word' id='word_1_379' title='bbox 183 3343 304 3406; x_wconf 74' lang='lat' dir='ltr'><strong>originem</strong></span> <span class='ocrx_word' id='word_1_380' title='bbox 321 3341 570 3403; x_wconf 86' lang='lat' dir='ltr'><strong>constitutionemque</strong></span> <span class='ocrx_word' id='word_1_381' title='bbox 586 3341 665 3390; x_wconf 81' lang='lat' dir='ltr'><strong>civilis</strong></span> <span class='ocrx_word' id='word_1_382' title='bbox 677 3341 806 3390; x_wconf 86' lang='lat' dir='ltr'><strong>lrominum</strong></span> <span class='ocrx_word' id='word_1_383' title='bbox 817 3339 943 3390; x_wconf 84' lang='lat' dir='ltr'><strong>societatis</strong></span> <span class='ocrx_word' id='word_1_384' title='bbox 955 3339 1034 3388; x_wconf 86' lang='lat' dir='ltr'><strong>visum</strong></span> <span class='ocrx_word' id='word_1_385' title='bbox 1047 3345 1086 3390; x_wconf 85' lang='lat' dir='ltr'><strong>est</strong></span> <span class='ocrx_word' id='word_1_386' title='bbox 1099 3357 1144 3404; x_wconf 91' lang='lat' dir='ltr'><strong>pro</strong></span> 
     </span>
     <span class='ocr_line' id='line_1_45' title="bbox 183 3411 1144 3476; baseline -0.001 -13"><span class='ocrx_word' id='word_1_387' title='bbox 183 3415 284 3463; x_wconf 86' lang='lat' dir='ltr'><strong>arbitrio</strong></span> <span class='ocrx_word' id='word_1_388' title='bbox 298 3413 448 3476; x_wconf 72' lang='lat' dir='ltr'><strong>corrupere.</strong></span> <span class='ocrx_word' id='word_1_389' title='bbox 473 3411 550 3460; x_wconf 91' lang='lat' dir='ltr'><strong>lmmo</strong></span> <span class='ocrx_word' id='word_1_390' title='bbox 564 3413 716 3460; x_wconf 87' lang='lat' dir='ltr'><strong>recentiores</strong></span> <span class='ocrx_word' id='word_1_391' title='bbox 729 3412 867 3474; x_wconf 86' lang='lat' dir='ltr'><strong>perplures,</strong></span> <span class='ocrx_word' id='word_1_392' title='bbox 877 3423 962 3460; x_wconf 88' lang='lat' dir='ltr'><strong>eorum</strong></span> <span class='ocrx_word' id='word_1_393' title='bbox 979 3411 1090 3474; x_wconf 73' lang='lat' dir='ltr'><strong>vestigiis</strong></span> <span class='ocrx_word' id='word_1_394' title='bbox 1100 3413 1144 3462; x_wconf 91' lang='lat' dir='ltr'><strong>iu-</strong></span> 
     </span>
     <span class='ocr_line' id='line_1_46' title="bbox 183 3481 1144 3548; baseline 0 -15"><span class='ocrx_word' id='word_1_395' title='bbox 183 3487 326 3548; x_wconf 72' lang='lat' dir='ltr'><strong>qrediemes</strong></span> <span class='ocrx_word' id='word_1_396' title='bbox 340 3483 382 3544; x_wconf 91' lang='lat' dir='ltr'><strong>qui</strong></span> <span class='ocrx_word' id='word_1_397' title='bbox 396 3481 443 3530; x_wconf 84' lang='lat' dir='ltr'><strong>sibi</strong></span> <span class='ocrx_word' id='word_1_398' title='bbox 458 3481 583 3542; x_wconf 87' lang='lat' dir='ltr'><strong>superiore</strong></span> <span class='ocrx_word' id='word_1_399' title='bbox 593 3483 684 3532; x_wconf 83' lang='lat' dir='ltr'><strong>seculo</strong></span> <span class='ocrx_word' id='word_1_400' title='bbox 692 3483 893 3544; x_wconf 85' lang='lat' dir='ltr'><strong>philosophorum</strong></span> <span class='ocrx_word' id='word_1_401' title='bbox 907 3495 995 3530; x_wconf 89' lang='lat' dir='ltr'><strong>nornen</strong></span> <span class='ocrx_word' id='word_1_402' title='bbox 1010 3481 1144 3545; x_wconf 83' lang='lat' dir='ltr'><strong>inscripse-</strong></span> 
     </span>
     <span class='ocr_line' id='line_1_47' title="bbox 184 3551 1143 3616; baseline -0.001 -12"><span class='ocrx_word' id='word_1_403' title='bbox 184 3560 251 3616; x_wconf 90' lang='lat' dir='ltr'><strong>runt,</strong></span> <span class='ocrx_word' id='word_1_404' title='bbox 270 3567 370 3604; x_wconf 87' lang='lat' dir='ltr'><strong>omnem</strong></span> <span class='ocrx_word' id='word_1_405' title='bbox 384 3551 498 3614; x_wconf 88' lang='lat' dir='ltr'><strong>inquiunt</strong></span> <span class='ocrx_word' id='word_1_406' title='bbox 514 3557 661 3614; x_wconf 83' lang='lat' dir='ltr'><strong>potestatem</strong></span> <span class='ocrx_word' id='word_1_407' title='bbox 677 3553 796 3616; x_wconf 86' lang='lat' dir='ltr'><strong>apopulo</strong></span> <span class='ocrx_word' id='word_1_408' title='bbox 810 3567 882 3616; x_wconf 83' lang='lat' dir='ltr'><strong>esse;</strong></span> <span class='ocrx_word' id='word_1_409' title='bbox 899 3565 976 3616; x_wconf 81' lang='lat' dir='ltr'><strong>quere</strong></span> <span class='ocrx_word' id='word_1_410' title='bbox 989 3553 1032 3616; x_wconf 91' lang='lat' dir='ltr'><strong>qui</strong></span> <span class='ocrx_word' id='word_1_411' title='bbox 1048 3567 1102 3602; x_wconf 83' lang='lat' dir='ltr'><strong>eam</strong></span> <span class='ocrx_word' id='word_1_412' title='bbox 1115 3556 1143 3604; x_wconf 86' lang='lat' dir='ltr'><strong>iu</strong></span> 
     </span>
    </p>
   </div>
   <div class='ocr_carea' id='block_1_9' title="bbox 0 0 1252 3991">
    <p class='ocr_par' dir='ltr' id='par_1_10' title="bbox 0 0 1252 3991">
     <span class='ocr_line' id='line_1_48' title="bbox 0 0 1252 3991; baseline 0 0"><span class='ocrx_word' id='word_1_413' title='bbox 0 0 1252 3991; x_wconf 95' lang='lat' dir='ltr'><strong> </strong></span> 
     </span>
    </p>
   </div>
  </div>
 </body>
</html>
