2574 3994
206 296 266 361 Μ
431 293 570 341 utnulla
591 291 691 336 ’l'Ol'll'S
712 291 793 336 Jdflts
814 289 962 336 canumet.

676 451 722 508 lll.

213 604 249 651 b!
267 602 342 649 10110
359 599 518 647 ELECTIONIS
538 600 562 644 8.
584 597 732 640 Pouttxtcts
751 597 785 639 BT
804 595 985 640 ruouortoms
999 597 1189 641 uetscoeoltotl

249 683 302 727 AUT
321 683 439 727 attollunt
459 679 630 724 ctdaluolttltt
654 677 689 721 nn
717 676 878 720 diablintres
896 677 930 718 ΒΤ
948 675 1055 720 oratum
1086 675 1191 721 nectu-

252 763 382 807 Sle'l'lGA.

256 890 324 946 171.
349 881 469 956 Quaerit.
487 886 518 943 l⁰
534 875 692 952 Quomodo
715 878 852 941 iacienda
872 879 910 941 sit
929 877 1035 941 electio
1056 880 1088 942 S.
1109 881 1189 943 Pon·

217 973 323 1034 titieis‘?

257 1065 345 1142 ltesp.
362 1058 470 1122 Primis
476 1058 616 1120 Ecclesiae
630 1056 748 1120 saeculis
759 1104 767 1134 ,
777 1063 925 1140 praesente
935 1075 970 1118 ec
983 1056 1190 1122 testimonium

217 1150 333 1211 (licente
370 1147 502 1229 populo,
526 1151 593 1208 tum
620 1143 695 1207 Cleri
717 1143 859 1226 suffragio
882 1151 948 1208 tum
971 1143 1190 1228 Episcoporum
1274 1215 1275 1220 1

220 1237 339 1312 iudicio.
352 1235 538 1316 eligebantur
544 1235 662 1296 Summi
668 1233 839 1296 Pontifices.
852 1235 1190 1316 tltemporeuerdPapae

219 1325 378 1406 Simplicii,
402 1343 455 1386 seu
473 1343 553 1386 anno
572 1327 629 1386 167
652 1321 800 1404 usquead
819 1321 1003 1392 Zachariam,
1021 1340 1101 1384 anno
1118 1329 1189 1402 711,

221 1415 372 1496 Principes
386 1413 558 1489 saeculares,
568 1413 733 1494 praesertim
743 1410 885 1480 Odoacar,
902 1409 1106 1474 Theodericus
1118 1457 1126 1489 ‚
1137 1413 1192 1474 im-

220 1509 338 1586 perator
352 1502 555 1575 lastinianus,
570 1507 642 1576 ete,
658 1500 756 1562 eonati
773 1505 844 1562 sunt
861 1499 1013 1562 intrudere
1026 1508 1190 1563 consuetu·

219 1593 340 1665 dinem,
365 1597 399 1652 ut
420 1590 484 1651 sine
512 1591 566 1651 sua
588 1588 835 1664 confirmatione,
852 1587 955 1651 nullus
976 1595 1192 1668 agnosceretur

221 1683 252 1742 S.
269 1679 415 1741 Pontifex.
428 1677 486 1740 Sed
499 1676 682 1739 suatandem
693 1677 827 1738 restituta
836 1683 882 1738 est
893 1676 1033 1739 Ecclesiae
1048 1679 1191 1740 Romaoae

221 1769 344 1848 antiqua
362 1767 499 1842 libertas,
521 1773 551 1826 et
564 1766 766 1827 communiter
780 1771 814 1827 ut
830 1764 993 1846 apocryphi
1015 1767 1192 1846 rejiciuntur

221 1855 282 1918 dun
295 1857 456 1918 canonesb
472 1855 611 1915 Gratiano
625 1854 709 1915 relati
723 1855 786 1931 (aut
799 1854 904 1916 saltem
917 1852 955 1916 de
969 1854 1090 1917 illorum
1104 1855 1192 1936 iuge-

223 1945 337 2006 nuitate
352 1943 436 2005 valde
456 1941 619 2020 dubitatur)
638 1943 749 2023 quibus
769 1941 939 2004 attribuitur
955 1943 1060 2004 Carolo
1081 1945 1192 2025 blagno
1276 1994 1277 2020 ,

222 2039 252 2094 et
266 2031 401 2094 lttbonil
422 2037 552 2112 potestas
571 2034 683 2112 Papam
695 2029 823 2112 eligendi
838 2032 916 2108 (can.
946 2029 1119 2093 Hadrianus
1133 2036 1189 2108 32,

223 2121 292 2183 dist.
309 2125 346 2183 63
362 2143 370 2196 ;
387 2127 497 2182 elcan.
514 2121 550 2181 Ia
565 2119 684 2201 Syrrodo
698 2123 754 2196 33,
769 2119 838 2180 dist.
850 2122 910 2196 63).
1276 2127 1277 2130 ’

264 2215 333 2272 113.
357 2209 476 2270 Primus
485 2208 537 2290 rpui
551 2209 734 2289 praeeipuam
750 2213 865 2288 partem
879 2208 910 2270 in
923 2207 982 2272 hoc
991 2210 1112 2291 negotio
1127 2209 1193 2271 Car-

225 2299 375 2360 dinalibus
402 2297 525 2372 tribuit,
540 2295 597 2357 luit
612 2296 752 2358 Nicotaus
765 2297 801 2356 11.
831 2295 952 2358 Eisdem
968 2299 1039 2360 verd
1061 2298 1132 2360 solis
1155 2299 1192 2360 ad

224 2387 428 2450 exclusionem
469 2385 543 2445 Cleri
577 2383 741 2466 populique
777 2385 904 2446 Romani
926 2391 957 2448 et
987 2387 1191 2468 lmperatoriS‚

228 2471 394 2538 Alexander
414 2476 472 2546 lll,
492 2491 572 2535 anno
597 2477 692 2550 1173,
713 2478 807 2534 totam
835 2474 992 2536 reservavit
1013 2474 1045 2536 in
1063 2475 1194 2537 Concilio

226 2563 417 2626 Lateranensi
430 2563 468 2623 lll
483 2559 579 2639 (Card.
597 2561 712 2639 Soglia,
736 2561 814 2623 Just.
836 2561 921 2623 Jurr'e
940 2561 1037 2644 publ„
1052 2583 1083 2646 p.
1101 2567 1192 2642 310),

227 2653 411 2733 sancivitque
421 2656 455 2713 ut
469 2649 588 2711 nonnisi
602 2652 619 2712 a
633 2649 751 2712 duabus
764 2651 897 2731 partibus
911 2650 1045 2732 ipsorum
1063 2671 1194 2734 praesen-

227 2741 304 2802 tium
318 2739 420 2820 perfici
434 2743 534 2820 posset
543 2737 648 2800 electio
658 2739 733 2820 (cap.
743 2737 839 2810 Licet,
853 2737 888 2801 de
902 2739 1024 2818 Eleon).
1034 2741 1069 2802 ll.
1081 2741 1193 2818 Andre,

228 2831 266 2888 V⁰
282 2829 376 2909 Pepe,·
393 2828 506 2904 Bouix,
520 2826 555 2888 de
571 2826 663 2889 Currit
679 2827 824 2904 Romami,
839 2848 870 2910 p.
887 2825 962 2904 138,
978 2834 1035 2890 ete.

269 2915 484 2998 Dispositiones
500 2915 658 2977 Alexandri
673 2915 906 2978 ulconfirmatae
919 2915 1004 2980 luere
1017 2917 1049 2980 in
1059 2917 1196 2980 Conciliis

230 3004 423 3068 oecunrenicis
445 3003 639 3083 Lugdunensi
668 3007 709 3080 ll,
735 3023 816 3066 artoo
844 3009 940 3082 tall,
965 3011 996 3067 et
1018 3005 1194 3083 Viennensi,

232 3112 312 3157 anno
327 3097 420 3168 1311,
436 3093 542 3155 additis
556 3093 643 3155 variis
660 3093 949 3175 praescriptionibus,
965 3113 1098 3176 quarum
1117 3113 1196 3176 prae·

232 3184 321 3264 cipue
334 3181 474 3262 estquod
495 3181 600 3243 electio
614 3181 645 3244 in
660 3189 814 3263 posterum
830 3182 965 3244 facienda
980 3183 1056 3245 foret
1075 3183 1107 3244 in
1121 3183 1197 3245 Con-

233 3270 316 3332 clati.

273 3359 380 3421 blultas
396 3359 468 3420 alias
481 3359 691 3439 dispositiones
709 3359 845 3438 adjecere
861 3359 1079 3442 subsequentes
1097 3360 1198 3422 Ponti-

235 3449 324 3510 tices:
339 3448 516 3529 posteriores
529 3447 654 3509 breviter
667 3445 843 3510 reseremus.

236 3615 331 3658 renuas
343 3619 413 3655 nona
426 3603 563 3660 cardinale,
580 3603 623 3654 aad
635 3603 648 3654 1
660 3605 726 3670 Papa
739 3607 882 3671 proponitur
893 3606 918 3657 ln
934 3605 1086 3659 donalrtrrio
1098 3605 1195 3662 tanam

239 3677 266 3724 11
277 3675 403 3740 apocopa,
416 3679 434 3722 1.
447 3675 470 3732 l,
483 3686 507 3740 p.
524 3671 580 3730 285,
593 3673 660 3730 alab
