2588 3994
470 276 694 332 rnopruousxa.
1015 259 1074 323 tas

131 397 148 436 a
174 375 206 439 S.
221 376 361 440 Pontifex
380 377 443 460 pari
464 375 556 438 modo
577 375 766 457 recognoscit
779 375 918 440 eamdem
941 376 1074 459 Religio·

88 486 107 525 r
129 483 225 543 nem,
250 468 416 528 maximam
434 465 592 529 utilitatem
617 467 848 547 maximumque
862 465 955 528 decus
970 485 1073 548 perce·

89 575 107 614 u
131 554 230 636 pisse,
256 562 287 617 et
307 556 366 618 boe
385 573 507 638 quoque
532 553 695 636 prestolari
717 572 752 616 ex
773 553 919 618 catholico
941 553 1023 618 uultu
1042 557 1073 618 in

90 665 107 700 u
132 642 229 705 Gallie
242 645 405 706 constituto
419 693 426 720 ,
439 661 566 706 necnon
581 661 617 705 ex
632 642 777 726 peculiari
791 643 856 722 eius
869 641 1070 726 professione,

5 779 9 786 .
91 753 108 790 a
132 750 226 814 quam
240 732 357 796 faciunt
364 733 549 815 Reipublicae
563 731 718 795 Consules.

132 843 149 880 r>
174 823 244 884 Haec
257 824 330 886 cbm
345 822 385 885 ita
399 823 475 900 sint,
491 827 581 904 atque
594 821 738 902 utrinque
751 819 927 902 recognita,
943 819 982 882 ad
996 819 1074 883 lteli-

91 931 107 968 η
133 909 236 991 gionis
262 909 401 988 bonurn,
427 911 614 992 interneque
628 908 852 992 tranquillitatis
873 909 1074 972 conservatio·

91 1020 107 1058 υ
134 1017 223 1077 nem,
236 1019 272 1062 ea
285 1019 355 1082 quaa
369 1006 536 1082 sequuntur
550 999 629 1082 inter
643 999 724 1082 ipsos
737 1003 884 1062 conventa
898 1005 969 1060 sunt
983 1019 991 1060 :

131 1111 148 1148 r
176 1093 239 1150 Art.
256 1093 287 1152 f.
302 1089 419 1170 Religio
434 1088 601 1166 catholiea,
619 1087 804 1171 Apostoliea,
815 1091 967 1164 Romana,
979 1087 1071 1162 libere

90 1199 106 1236 ι
132 1177 166 1240 in
181 1177 276 1240 dultia
289 1178 486 1241 exercebitur.
497 1177 601 1240 Cultus
615 1177 754 1259 publicus
767 1177 841 1253 erit,
856 1175 957 1239 habitt
969 1185 1070 1240 tamen

90 1290 106 1326 s
132 1267 250 1329 ratione
267 1267 492 1330 ordinationum
511 1265 612 1348 quoad
627 1266 780 1348 politiam,
795 1284 871 1346 quas
884 1265 1069 1332 Gubernium

90 1380 106 1414 a
131 1375 190 1438 pro
203 1356 325 1438 publiea
338 1355 553 1438 tranquillitate
568 1355 750 1418 necessarias
764 1353 955 1416 existimabit.

132 1469 148 1504 r
175 1449 239 1508 Art.
256 1445 524 1529 2.tlepustoliod
536 1444 827 1522 Sede,collatiscum
838 1441 950 1504 Gallico
960 1444 1071 1508 Guber-

91 1557 107 1594 ι
133 1533 187 1598 uio
204 1535 348 1614 consiliis,
372 1536 456 1599 novis
469 1533 583 1598 finibus
597 1534 760 1597 Galliarum
781 1532 927 1596 diceresea
939 1533 1069 1598 circum·

91 1646 107 1684 a
132 1624 316 1688 scribentur.

132 1737 149 1772 a
177 1717 241 1776 Art.
257 1717 285 1778 3.
305 1715 336 1778 S.
352 1713 489 1776 Pontifex
502 1713 673 1776 titularibus
687 1711 908 1776 Gallicanarum
922 1709 1068 1776 Ecclesia-

92 1827 107 1861 η
133 1821 204 1865 rum
224 1805 383 1886 Episcopis
403 1803 583 1885 significabit
605 1821 636 1865 sc
654 1801 759 1878 abiis,
781 1819 837 1883 pro
850 1801 932 1864 bono
946 1803 1028 1883 pacis
1041 1809 1069 1866 et

92 1915 108 1951 s
133 1893 273 1969 unitatis,
298 1892 401 1955 omnia
421 1891 567 1956 sacrificia
587 1890 675 1953 frrmt
695 1890 806 1953 fiducit
832 1898 1008 1973 expectare,
1032 1910 1066 1956 eu

93 2004 108 2041 a
135 2001 198 2044 non
212 1989 336 2064 excepto
350 1981 432 2064 qubd
441 1982 520 2064 ipsas
534 1999 603 2043 suas
616 1979 800 2062 episcopales
809 1979 896 2044 sedes
904 1981 1066 2062 resignent.

134 2094 150 2130 a
175 2073 238 2134 Hbc
258 2073 425 2134 hortatione
452 2070 624 2154 praemissa,
649 2070 673 2130 si
697 2069 769 2132 huic
796 2069 958 2146 sacrificio,
987 2071 1068 2151 quud

93 2181 109 2220 a
134 2161 276 2224 Ecclesiae
289 2161 405 2224 bonum
419 2161 526 2242 exigit,
541 2177 669 2222 renuere
683 2159 738 2240 ipsi
753 2157 863 2220 vellent
879 2157 953 2235 (lieri
969 2158 999 2220 id
1018 2177 1068 2223 au·

93 2275 109 2312 n
134 2259 195 2314 tem
211 2269 298 2332 posse
313 2252 344 2313 S.
361 2249 496 2313 Pontifex
512 2267 568 2312 suo
582 2267 645 2311 non
665 2253 782 2328 reputat
804 2247 937 2326 animo),
957 2247 1066 2328 guber·

93 2365 109 2402 a
136 2339 249 2404 nationi
258 2339 686 2402 GallicanarumEcclesiarum
695 2335 1067 2416 novaecircumscriptionis

93 2455 109 2492 u
133 2431 172 2494 de
187 2430 273 2492 novis
287 2429 453 2492 titularibus
467 2427 681 2510 providebitur,
697 2444 734 2488 eo
748 2426 800 2506 qui
815 2424 950 2506 sequitur
964 2425 1065 2487 modo.

134 2543 149 2582 o
177 2523 240 2582 Art.
264 2523 295 2581 f.
321 2517 432 2584 Consul
457 2519 577 2579 Primus
598 2515 757 2578 Gallicana.
779 2513 975 2596 Reipublicae,
991 2513 1067 2578 intra

95 2634 110 2670 u
134 2617 195 2672 tres
206 2626 326 2670 menses
340 2607 391 2690 qui
407 2607 679 2689 promulgationem
693 2603 919 2666 constitutionis
940 2606 1066 2684 Aposto-

95 2723 110 2760 υ
135 2699 199 2762 licae
222 2705 457 2780 consequentur,
483 2695 731 2776 archiepiscopus
751 2699 780 2756 et
802 2692 966 2774 Episcopus
983 2711 1066 2757 novae

95 2811 111 2848 r
134 2786 424 2870 circumscriptionis
447 2784 627 2848 dloecesibus
647 2781 856 2864 praeficiendus
881 2779 1063 2861 nominabit;

96 2901 111 2938 a
135 2881 166 2942 S.
183 2877 318 2940 Pontifex
332 2875 550 2939 institutionem
564 2870 831 2935 canonicamdabit
841 2871 924 2951 juxte
937 2870 1064 2952 formas,

96 2990 112 3026 r
136 2966 256 3030 relative
269 2965 307 3028 ad
322 2965 447 3044 Gallias,
462 2970 531 3026 ante
548 2960 706 3043 regiminis
721 2961 989 3024 cummutationem
1005 2969 1065 3024 sta-

97 3079 112 3116 r
135 3065 223 3120 tutas.

135 3167 151 3206 n
176 3150 238 3208 Art.
255 3147 286 3208 5.
299 3146 373 3206 ltem
388 3141 498 3205 Consul
511 3139 632 3204 Primus
641 3137 879 3222 adEpiscupales
892 3137 984 3202 Sedes
997 3160 1065 3222 quae

97 3258 112 3296 r
136 3235 340 3316 inposterum
361 3232 548 3308 vacaverint,
573 3249 666 3294 novos
700 3229 852 3291 antistites
879 3229 1062 3310 nominabit,

97 3348 113 3386 a
135 3325 246 3405 iisque,
257 3330 292 3385 ut
304 3323 336 3384 in
350 3321 475 3384 articulo
491 3319 670 3402 praecedenti
684 3319 878 3382 constitutum
893 3325 954 3396 est,
973 3322 1065 3400 Apus

97 3437 112 3475 a
134 3412 223 3476 tulica
237 3411 330 3474 Sedes
342 3410 520 3474 canonicum
534 3409 617 3471 dabit
629 3408 858 3471 institutionem.

135 3525 149 3562 r
174 3507 238 3564 tlrl.
259 3504 291 3564 6.
316 3499 456 3582 Episcopi
479 3505 640 3580 antequam
662 3515 773 3560 munus
793 3513 883 3560 suum
897 3494 1065 3578 gerendum

97 3591 318 3674 rsumipiant‚
339 3607 442 3653 curam
465 3589 567 3651 Primo
590 3585 718 3650 Consule
739 3587 946 3666 juramentum
967 3583 1063 3646 tideli-

98 3674 198 3745 stads
221 3677 447 3763 emittentquod
455 3679 558 3741 eratin
568 3681 748 3754 mure,ante
757 3675 913 3753 regiminis
925 3689 1063 3734 cosumu-
