2588 3994
192 313 249 376 154
407 322 544 372 umnam
564 317 665 368 annus
686 313 767 363 aunis
789 309 936 358 canonici.

190 422 377 504 restringitur
390 421 491 501 aliquo
505 437 542 481 ex
556 415 614 478 iliis
633 413 730 476 tribus
743 409 857 485 modis,
874 425 984 490 nempe
999 405 1046 469 vel
1065 399 1164 486 quoad

189 531 351 596 personas,
366 511 412 572 uel
426 507 526 591 quoad
540 507 623 580 loca,
638 503 684 564 vel
700 499 800 582 quoad
812 497 963 560 materias.

230 607 299 665 281.
323 600 467 662 Dividitur
482 601 513 660 3⁰
529 596 559 658 in
574 589 773 655 voluntariam
787 593 818 650 et
830 587 1038 650 contentiosam
1058 603 1111 646 seu
1129 583 1162 656 in

192 687 448 772 eatrajodiciuiern
462 693 492 748 et
499 681 685 762 judicialem.
699 677 883 752 Voluntaria,
901 696 969 758 quae
979 675 1071 738 etiam
1084 689 1170 734 voca-

191 787 241 843 tur
256 775 512 859 extrajadiciaiis,
530 776 579 835 iiia
589 777 736 852 estqnam
751 767 888 840 superior
903 781 1045 828 exercerc
1058 767 1167 844 potest,

193 870 282 932 ctiam
294 887 365 948 erga
379 866 504 939 invitos,
522 862 636 942 absque
657 857 761 920 turmis
779 875 834 939 pro
853 853 975 936 judiciis
988 855 1005 914 a
1017 851 1084 931 jure
1096 867 1170 932 prae-

193 959 307 1039 ceptis:
324 956 354 1018 in
370 959 406 1017 ed
420 951 584 1014 includitur
602 953 734 1031 potestas
748 963 892 1008 censuras
905 941 1021 1005 ferendi
1038 937 1170 1018 extraju·

194 1045 349 1107 dieiaider.
366 1077 404 1090 -
421 1040 606 1106 Contentioso
625 1037 695 1099 verd
709 1055 762 1098 seu
775 1033 936 1116 judicialis
949 1031 999 1093 ilia
1013 1034 1075 1100 est,
1101 1045 1169 1110 quae

193 1137 276 1214 Juxta
298 1135 409 1194 formas
424 1150 478 1214 pro
493 1128 613 1209 Judiciis
627 1129 723 1206 ajune
740 1123 930 1207 praescriptas
944 1124 1109 1183 exercetur.

235 1222 428 1283 Contentiosa
449 1218 618 1300 jurisdictio
639 1221 723 1278 extra
747 1212 932 1274 territorium
963 1209 1077 1293 praelati
1104 1223 1171 1269 earn

195 1311 362 1376 exercentis
378 1329 438 1371 nnn
455 1313 550 1391 potest
566 1306 644 1368 licite
659 1324 716 1366 nec
737 1302 833 1364 aalide
852 1301 1005 1377 exerceri,
1027 1297 1098 1380 quia
1113 1295 1171 1357 tale

196 1401 371 1464 exercitium
385 1399 447 1459 sini
460 1397 586 1479 strepitu
599 1395 662 1456 deri
679 1394 793 1474 nequit.
804 1394 845 1453 lta
859 1409 926 1472 cap.
942 1389 1169 1461 litanimararn,

196 1491 230 1552 de
239 1491 349 1558 Cenat..
365 1489 446 1564 ine,
455 1485 679 1567 inquodicitur:
689 1484 720 1545 E
721 1490 792 1544 atra
805 1479 991 1542 territorium
991 1475 1169 1559 jasdiceoti,

199 1578 315 1661 impone
327 1597 383 1638 non
393 1583 529 1659 paratam.
551 1610 579 1619 -
600 1573 775 1634 Voluntaria
789 1571 859 1632 vcrd
871 1575 967 1650 potest
984 1568 1074 1629 etiam
1089 1571 1171 1628 extra

198 1667 380 1730 territorium
396 1665 546 1738 exerceri,
566 1662 619 1724 nisi
640 1661 840 1722 ministerium
862 1657 975 1720 ordinis
988 1655 1172 1739 Episcopalis

199 1757 297 1836 exigat
306 1762 340 1816 ut
351 1755 427 1815 intra
438 1753 589 1814 dioecrsim
601 1757 774 1812 exerceatur
784 1747 1041 1830 quemadmodum
1054 1746 1172 1807 eontin-

200 1849 282 1926 gcret
292 1846 315 1905 si
329 1843 511 1904 Pontidcrdia
521 1846 740 1912 exercerentur,
754 1839 789 1912 si,
799 1857 826 1899 v.
838 1827 881 1918 g,
893 1841 1078 1898 sacramenta
1088 1833 1172 1896 Ordi-

201 1933 247 1995 nis
257 1941 287 1994 ct
297 1930 540 1993 Conixnnationis
555 1929 726 1990 diocesano
740 1947 795 1989 suo
810 1925 959 1988 conferret
971 1925 1148 2006 Episcopus.

240 2027 309 2084 282.
327 2021 472 2082 Dividitur
486 2026 518 2081 4⁰
534 2017 760 2081 inordinatione
776 2023 806 2078 et
825 2015 996 2096 deiepaturn.
1015 2014 1174 2075 Ordinatio

200 2112 309 2176 dicitur
323 2129 358 2173 ca
371 2110 553 2192 quaeaiicui,
567 2109 634 2187 jure
645 2107 778 2189 proprio,
792 2105 907 2168 ratione
918 2103 1007 2166 officii
1019 2111 1069 2166 aut
1080 2101 1176 2184 digni-

201 2202 270 2264 tatis
283 2217 367 2277 suae,
384 2217 419 2262 ex
435 2200 515 2279 iege,
531 2197 764 2272 consuetudine,
780 2201 832 2257 aut
852 2194 1007 2276 privilegio
1027 2193 1086 2254 rim
1102 2193 1175 2274 legis

202 2290 348 2366 habente,
363 2288 525 2370 competit:
544 2287 609 2348 talis
623 2291 668 2348 ost
679 2285 847 2364 jurisdictio
860 2283 1004 2356 Parochi,
1023 2282 1175 2349 Paenitea-

203 2380 296 2455 tiarii,
319 2377 476 2460 Episcopi,
498 2375 642 2458 Capituli,
669 2375 810 2450 abbatis,
832 2375 863 2434 S.
889 2371 1044 2435 Pontinus
1062 2373 1093 2433 in
1114 2375 1177 2434 tota

203 2469 348 2543 Ecdesia,
363 2467 476 2547 Legati,
492 2471 550 2528 etc.
567 2463 744 2542 (nerdense,
761 2463 813 2524 lib.
832 2466 861 2538 t,
877 2463 922 2524 tit.
940 2465 999 2538 31).
1012 2461 1067 2533 Qui
1084 2462 1179 2543 possi-

204 2556 277 2618 dent
306 2555 546 2636 jurisdictionem
576 2553 759 2615 ordinariam
792 2553 824 2613 in
853 2551 918 2613 ioro
948 2557 1072 2613 externo
1106 2556 1180 2612 sunt

205 2645 369 2719 Ordinarii;
386 2661 449 2724 quo
464 2641 587 2726 nomine
601 2646 744 2703 vocantur
759 2660 821 2702 non
836 2641 934 2702 solum
949 2639 1106 2720 Episcopi,
1124 2639 1179 2702 sed

206 2749 311 2794 eorum
338 2733 448 2793 vicarii
471 2731 625 2813 generales
652 2736 681 2792 et.
708 2730 849 2806 Praelati,
870 2729 973 2810 quiin
995 2729 1084 2790 certis
1104 2728 1180 2792 locis

204 2819 443 2900 jurisdictionem
473 2818 778 2901 quasi-episcopalem
815 2823 965 2880 exercent.
1003 2817 1061 2880 Sed
1097 2817 1180 2880 dicto

207 2909 331 2971 nomine
346 2927 408 2969 non
422 2907 619 2989 designantur
633 2907 770 2984 Paroehi,
790 2909 859 2990 quia
879 2925 941 2969 non
964 2906 1077 2968 habent
1090 2907 1183 2986 juris-

207 2997 370 3060 dictionem
386 2997 416 3058 in
435 2996 499 3058 soro
520 3006 649 3059 caterno.
674 2997 709 3058 V.
732 2997 822 3058 Cone.
839 2996 996 3073 Trident,
1020 2998 1099 3059 Sess.
1118 3001 1178 3072 24,

208 3106 236 3149 c.
249 3091 278 3162 i,
291 3085 341 3148 ubi
355 3085 501 3153 Parocdas
520 3085 713 3166 distinguitur
728 3086 766 3147 ab
780 3085 938 3148 Ordinario
952 3088 1072 3167 proprie
1086 3085 1178 3148 dicto.

249 3179 317 3238 ⁶283.
340 3173 512 3237 iurisdictio
532 3173 665 3256 deieqata
684 3181 729 3236 est
751 3193 786 3236 ea
805 3193 896 3255 qnam
918 3177 985 3256 quis
1009 3193 1069 3238 non
1091 3175 1184 3236 habet

208 3267 275 3344 jure
290 3265 431 3346 proprio,
447 3263 552 3340 idest,
570 3281 631 3324 non
647 3264 761 3326 ratione
777 3263 823 3326 sui
837 3261 924 3325 oflicii
940 3270 991 3326 aut
1004 3263 1181 3345 dignitatis,
1281 3255 1282 3296 ³

211 3356 227 3415 a
242 3353 322 3434 lege,
337 3352 571 3430 consuetudine,
587 3358 639 3414 aut
649 3353 803 3435 privilegio
814 3353 875 3414 rim
889 3353 963 3434 legis
977 3354 1116 3425 habente,
1128 3353 1184 3416 sed

212 3444 310 3505 sutiam
324 3461 377 3525 per
390 3442 637 3504 commissionem
651 3443 791 3519 alterius3
808 3461 876 3524 quae
890 3443 953 3504 dari
968 3449 1069 3505 tarnem
1084 3451 1185 3526 potest
1281 3447 1282 3476 t

212 3552 274 3596 non
287 3535 406 3595 tantiam
420 3531 458 3593 ab
472 3531 615 3608 homine,
631 3531 683 3594 sed
701 3533 790 3594 ctiam
807 3533 923 3612 ajure,
948 3541 1037 3614 prout
1053 3540 1185 3613 potestas

213 3621 385 3684 absolvendi
399 3622 431 3683 in
446 3621 571 3684 articulo
587 3625 705 3698 mortis,
722 3640 802 3702 quae,
817 3639 855 3684 cx
867 3621 1097 3700 consuetudine,
1114 3622 1185 3684 data

215 3718 370 3790 reputatur
383 3711 525 3774 omnibus
539 3710 752 3774 sacerdotibus.
