2588 3994
251 305 254 310 ,
478 245 566 298 crasa
585 242 706 306 sarnus
1024 230 1083 294 ll5

106 361 167 409 non
181 343 279 420 licite,
301 345 339 408 ab
360 345 397 408 iis
417 345 470 427 qui
484 345 623 409 ordinem
636 343 770 422 babent,
785 344 875 408 etiam
894 343 1042 406 haereticis
1054 350 1084 407 el

106 434 320 510 schismaticis,
336 435 438 516 peragi
451 435 566 497 valcat:
582 434 673 516 porro
685 433 877 514 ejusgeneris
891 439 961 495 sunt
975 436 1005 494 l·
1015 451 1084 514 quse

107 523 240 586 Christus
268 522 425 585 ordinibus
451 523 616 596 annexuit,
644 521 783 584 videlicet
809 521 1029 584 ordinationem
1055 529 1085 584 ct

106 611 369 675 confirmationem
384 611 482 674 ordini
497 609 679 694 episcopali;
700 611 957 673 consecrationem
972 609 1086 674 Eucha-

107 700 217 774 ristiae,
238 701 388 763 Extrema
406 701 563 764 tinctionis
578 699 869 762 administrationem
888 699 988 762 ordini
1007 718 1087 781 pres-

107 788 254 870 hyterali,
282 789 356 852 ilem
381 788 565 851 habilitatem
589 787 627 850 ad
655 787 887 866 absolvendum,
911 787 974 852 imo
993 795 1024 850 et
1049 787 1084 852 ad

108 877 365 954 confirmandum,
374 877 535 940 accedente
541 883 643 939 tamen
652 875 809 940 sufficienti
818 876 1083 959 Ecclesiaedeputa

109 966 203 1029 tiono.
223 968 296 1030 Haec
317 985 435 1028 annexa
457 972 529 1028 sunt
551 984 569 1027 a
592 965 708 1028 Christo
734 965 833 1029 ordini
860 966 1022 1048 episcopali
1041 963 1089 1029 vel

107 1055 317 1138 presbyterali,
328 1063 358 1118 et
371 1055 502 1126 exerceri
516 1055 625 1131 ualent,
641 1054 861 1133 saltemvalide,
872 1057 964 1118 etiam
976 1055 1015 1119 ab
1024 1055 1089 1120 hae·

111 1145 253 1208 reticiset
266 1144 474 1216 schismaticis
486 1149 520 1207 ut
532 1143 766 1226 supradiximus
778 1146 855 1206 exS.
871 1145 986 1207 'thoma
995 1147 1088 1225 (ast).

151 1235 184 1296 2⁰
201 1235 273 1307 Oua
286 1231 420 1296 Ecclesia
433 1233 524 1296 etiam
538 1233 683 1294 annexuit
695 1231 869 1310 ordinibus,
885 1236 996 1316 nempe
1009 1235 1090 1297 varia

112 1322 212 1386 officia
225 1323 380 1385 minorum
393 1321 536 1385 ordinum
550 1327 580 1384 et
594 1321 681 1403 plura
693 1321 786 1383 etiam
797 1322 948 1400 majorum
964 1341 972 1382 r
990 1330 1090 1404 potes-

113 1419 205 1475 tatem
224 1431 254 1474 r.
278 1429 309 1493 g.
334 1409 515 1473 conficiendi
538 1417 569 1472 ct
590 1409 765 1473 conserendi
788 1409 1034 1489 sacramentalia,
1058 1419 1093 1474 ut

114 1500 358 1564 consecrationes
379 1499 602 1576 Ecclesiamm,
620 1499 779 1575 altarium,
801 1517 941 1562 vasorum
961 1507 992 1562 et
1019 1499 1093 1562 alias

115 1592 212 1653 varias
239 1588 487 1666 benedictiones,
514 1607 644 1670 quarum
672 1587 810 1669 quedam
838 1589 994 1671 Episcopis
1022 1596 1092 1654 sunt

115 1687 290 1755 reservatae,
303 1677 370 1740 aliae
392 1677 464 1741 verb
477 1677 660 1760 presbyteris
680 1685 730 1740 aut
743 1677 809 1740 aliis
830 1679 985 1760 permissae
1002 1699 1009 1741 :
1027 1677 1092 1742 haec

116 1770 208 1832 etiarn
217 1767 315 1830 valide
328 1785 447 1848 semper
461 1773 638 1830 exercentur
650 1765 688 1827 ab
702 1765 739 1828 iis
752 1766 803 1847 qui
814 1767 953 1830 ordinem
966 1767 1090 1831 babent.

118 1863 260 1920 Attamen
284 1855 417 1938 pendent
439 1853 478 1918 ab
491 1853 636 1926 Ecclesia,
652 1861 682 1916 et
703 1855 816 1917 variare
838 1863 975 1938 possunt.
1004 1856 1093 1922 unda

119 1948 191 2010 olim
206 1946 347 2009 africanis
360 1943 542 2027 presbyteris
551 1943 771 2006 concedebatur
784 1951 914 2026 potestas
929 1945 995 2009 olea
1009 1965 1094 2010 sacra

117 2045 148 2100 et
157 2040 188 2100 S.
202 2035 339 2098 chrisma
348 2031 528 2098 conficiendi
540 2080 548 2112 ‚
559 2039 593 2096 ut
606 2033 706 2096 videre
720 2040 765 2094 est
777 2052 814 2095 ex
824 2034 956 2115 Epistola
967 2036 1095 2099 loannis

118 2127 244 2188 Diaconi
260 2123 297 2186 ad
312 2121 502 2185 Senatorium
516 2124 533 2184 h
552 2121 726 2184 hlabillonio
740 2121 832 2183 relata
846 2125 930 2200 (torn.
948 2127 978 2200 l,
997 2125 1094 2188 Musei

118 2215 234 2294 Italici),
250 2212 333 2295 quod
346 2209 435 2273 hodie
450 2229 511 2272 non
526 2212 707 2292 permittitur
722 2210 779 2271 nisi
794 2211 943 2274 rarissime
953 2214 974 2273 ¹.

159 2308 228 2366 258.
252 2305 342 2366 Juxta
355 2301 392 2361 Ι).
409 2299 515 2376 Bouix,
530 2299 565 2362 de
579 2298 757 2380 Principiis,
772 2317 803 2380 p.
820 2301 897 2374 52⁹2,
912 2299 950 2360 ad
964 2306 1093 2381 potesta-

118 2401 182 2458 tem
193 2387 547 2472 jurisdictionispertinet
555 2388 655 2451 omnis
665 2393 793 2469 potestas
801 2385 999 2450 ecclesiastica
1013 2407 1093 2470 quae,

120 2485 166 2547 rel
189 2501 245 2564 pro
268 2479 385 2560 objecto
404 2495 466 2539 non
489 2477 579 2540 habet
596 2484 782 2540 sacramenta
800 2483 851 2539 aut
868 2477 1096 2542 sacramentalia

120 2571 312 2638 conticescet
326 2567 510 2641 ministrare,
522 2567 566 2630 vel
583 2585 645 2630 non
654 2566 711 2630 luit
723 2565 866 2628 aChristo
879 2563 925 2628 vel
938 2565 977 2628 ab
990 2567 1093 2631 Eccle-

122 2663 167 2726 εἰ)
180 2659 269 2724 alicui
284 2677 321 2722 ex
334 2655 492 2720 ordinibus
506 2655 635 2738 alligata.

161 2746 342 2833 Huiusmodi
357 2743 480 2808 assertio
494 2745 637 2827 supponit
650 2745 731 2827 qubd
745 2745 842 2808 ambe
854 2747 971 2810 tantbm
989 2748 1094 2813 sintin

121 2839 257 2904 Ecclesia
270 2842 445 2921 potestates,
458 2833 674 2914 jurisdictionis
688 2835 800 2898 scilieet
819 2841 849 2898 et
867 2836 982 2900 ordinis
995 2841 1093 2919 (ata),

123 2938 155 2994 et
168 2927 249 3011 quod
263 2926 414 3006 objectum
428 2923 520 2985 unius
533 2939 599 2985 esse
613 2941 674 2985 non
689 2923 783 3005 possit
796 2924 946 3005 objectum
960 2926 1093 2992 alterius.

124 3019 219 3084 Porro
240 3018 311 3079 cbm
327 3020 457 3096 poteslas
482 3011 521 3074 dc
541 3015 602 3093 quit
621 3013 718 3093 agitur
739 3013 771 3074 in
793 3014 884 3092 modo
901 3014 980 3077 dicta
998 3034 1095 3080 asser-

124 3107 208 3172 tione
225 3108 303 3187 (2‘58)
318 3120 379 3164 non
401 3101 439 3164 sit
459 3107 588 3183 potestas
606 3100 739 3178 ordinis,
754 3109 788 3165 ut
802 3110 883 3184 patet
902 3122 939 3167 ex
962 3107 1096 3188 proposi-

125 3199 207 3262 tione
227 3212 318 3276 supra
331 3190 458 3254 stabilita
472 3193 564 3270 (257),
588 3197 724 3274 superest
741 3193 908 3254 necessario
927 3199 961 3257 ut
979 3193 1096 3259 dicatur

123 3282 350 3371 jurisdictionis

164 3380 209 3439 lta
222 3371 344 3456 quidem
359 3371 523 3432 rationetur
535 3371 572 3432 D.
589 3369 702 3443 Bouix,
718 3369 770 3432 scd
788 3369 993 3434 difficultatem
1007 3371 1096 3436 babet

157 3524 168 3554 ⁴
185 3515 298 3566 Potestas
313 3515 395 3560 autem
410 3507 520 3574 priuatim
535 3507 673 3576 baptizandi
690 3507 715 3559 in
732 3511 890 3569 necessitate,
910 3514 935 3559 at
953 3505 1096 3558 conserendi

128 3583 311 3641 matrimonium
331 3584 366 3651 (in
381 3581 501 3635 sententis
516 3581 712 3648 probabilissirut
731 3580 797 3647 quhd
815 3578 918 3629 ministri
933 3578 983 3628 sint
994 3583 1096 3627 contra·

128 3660 223 3724 tenta)
237 3671 288 3708 non
299 3663 338 3708 est
349 3662 457 3725 potestas
469 3653 572 3717 ordinis,
585 3655 641 3706 cim
654 3667 706 3703 nou
718 3651 792 3703 luerit
802 3649 881 3702 ordini
896 3647 1004 3753 alligapta.
