2570 4006
509 304 595 367 amati
615 317 732 366 sarnus.
1053 292 1111 356 uit

134 426 153 470 a
176 403 384 472 Caraliualibus
398 405 430 469 in
443 405 576 468 conclavi
601 404 811 479 manentibus,
832 403 1112 488 debentoonquies·

136 517 154 556 n
179 513 248 558 cere
260 501 291 556 et
302 493 465 557 dormitare
487 492 587 574 quoad
602 493 722 573 negotia
744 491 794 554 illa
806 498 836 554 et
849 511 974 569 causas,
994 513 1062 576 que
1080 496 1111 557 in

136 606 153 644 a
177 585 417 666 congregatione
425 581 1112 666 expediunturpersubscriptionemtlardinalis

134 695 153 735 n
178 671 326 748 Praefecti,
341 691 395 736 seu
408 671 547 735 habentis
555 671 725 752 sigillum...
735 671 824 750 ninisi
836 672 916 751 justa
929 690 1018 734 causa
1028 673 1112 735 aliter

14 801 16 805 .
135 761 289 845 postulet).
307 761 412 840 Bouix,
427 757 760 842 DeCuricillomonrt,p.
772 761 1111 841 l33.-«Negotiaquae

136 874 152 911 a
178 851 210 914 in
233 851 387 912 communi
409 849 507 912 iormt
527 851 545 910 a
566 849 631 912 solo
654 848 819 911 secretario
841 847 973 930 expediri
994 849 1109 930 solent,

137 961 154 1000 n
179 947 306 1022 possunt
319 940 409 1002 etiam
422 938 556 1020 expediri
566 937 643 1001 Sede
656 944 791 1000 vacante.
806 938 976 1015 »Ferraria
990 957 1020 1000 v·
1035 937 1110 1002 Cor·

139 1027 267 1098 diaulia,
285 1034 341 1090 art.
358 1032 393 1104 5,
409 1039 444 1088 n·
456 1031 507 1090 43.

181 1140 197 1176 n
216 1120 251 1179 ln
272 1117 419 1180 electione
441 1117 575 1198 plurium
599 1119 653 1180 SS.
674 1115 856 1178 Pontificum
877 1121 907 1176 et
926 1131 998 1178 casu
1016 1116 1110 1180 schis-

136 1228 154 1268 n
177 1207 266 1268 matis
277 1254 285 1284 ,
297 1205 504 1268 cardinalibus
516 1206 586 1268 licet
599 1205 768 1267 Concilium
778 1222 887 1284 cogere
900 1209 929 1265 et
942 1211 1110 1268 controver-

137 1319 153 1355 ι)
177 1296 252 1358 siam
266 1294 415 1358 decidere.
427 1317 442 1352 n
453 1294 664 1375 Plettemberg,
680 1293 779 1355 Notit.
790 1291 993 1374 Conqreq.,ex
1007 1293 1107 1358 Const.

137 1385 251 1447 Nicolai
269 1386 305 1448 ll.
330 1385 409 1456 Quin
429 1384 544 1447 eisdem
564 1382 634 1446 licet
655 1381 831 1445 Pontificem
857 1383 1003 1462 pecunia,
1026 1391 1109 1446 metu

136 1481 189 1536 aut
204 1473 302 1535 lavore
321 1473 471 1535 intrusum
487 1473 635 1550 expellere
650 1470 732 1552 (cap.
757 1469 796 1532 Si
811 1469 878 1552 quis
887 1469 1020 1551 pecunie,
1038 1471 1106 1536 dist.

136 1562 202 1642 79).
219 1562 287 1623 Vid.
303 1565 340 1624 R.
356 1560 394 1624 de
409 1564 463 1639 M,
479 1568 501 1624 t.
518 1565 551 1637 l,
566 1579 635 1643 pag.
651 1564 722 1622 281.

176 1654 246 1713 713.
274 1673 290 1711 a
309 1651 481 1713 Cardinales
493 1651 526 1714 in
540 1650 678 1712 Conclari
693 1649 852 1711 existentes
866 1653 991 1730 possunt
1005 1649 1109 1714 insuia

136 1851 153 1888 n
178 1848 232 1910 per
251 1845 323 1891 suos
335 1829 459 1891 vicarios
477 1835 506 1890 et
520 1827 674 1890 ministros
697 1845 706 1888 a
728 1826 771 1889 sic
792 1826 882 1888 etiam
897 1827 990 1905 Major
1013 1827 1109 1890 Poeni-

137 1939 152 1979 r
177 1917 334 1980 tentiarius
348 1917 379 1978 in
395 1917 531 1979 Conclavi
546 1917 687 1994 existens,
703 1920 808 1998 potest,
826 1933 887 1976 non
902 1918 1107 1999 personaliter,

136 2030 152 2067 n
177 2007 230 2069 sed
242 2025 297 2088 per
310 2005 456 2070 officiales
467 2006 700 2070 Pmnitentiariae
713 2022 851 2066 exercere
872 2004 1005 2066 officium
1019 2024 1108 2068 suum

139 2123 154 2154 a
177 2103 259 2159 extra
280 2095 463 2158 conclave...
485 2095 633 2158 stramen
654 2094 747 2154 nollet
761 2094 793 2153 in
815 2091 950 2154 clausura
972 2113 1106 2174 manere,

136 2209 152 2246 a
177 2186 265 2247 etiarn
277 2184 482 2266 personaliter,
492 2183 591 2244 utitur
604 2183 730 2263 officio...
740 2182 790 2243 Sic
799 2182 909 2263 pariter
922 2183 1109 2246 Camerarius

136 2296 152 2333 n
177 2273 377 2336 cardinalis...
394 2273 554 2334 (temerarii
569 2273 652 2334 enim
666 2279 695 2332 et
709 2271 1002 2334 Poenitentiariorum
1020 2273 1108 2354 Papae

138 2386 154 2422 u
177 2362 320 2436 oflieium,
336 2369 455 2424 mortuo
466 2365 546 2443 Papa
560 2379 622 2423 non
636 2361 761 2442 expirat,
772 2361 876 2440 eisque
886 2359 1106 2440 deficientibus,

137 2475 153 2512 n
180 2459 277 2534 potest
296 2451 462 2534 Collegium
480 2450 682 2512 cardinalium
696 2449 771 2511 alios
788 2448 950 2530 subrogare
965 2467 1018 2531 pro
1036 2457 1109 2512 tem·

136 2565 152 2601 n
177 2537 1109 2623 perevacationis.Clem.,deElectione,oap.Neltornuni,§Eo

136 2651 152 2690 a
179 2638 276 2692 tamen
286 2632 414 2712 prouisa.

178 2723 250 2781 lli.
273 2739 289 2778 n
315 2717 485 2788 cardinales
497 2736 557 2780 non
567 2723 636 2779 sunt
647 2715 773 2797 eogendi
784 2715 894 2778 intrare
906 2715 937 2776 in
951 2715 1107 2794 Conclare,

135 2829 152 2868 r
178 2807 236 2870 nisi
250 2809 282 2870 in
296 2826 368 2871 casu
386 2825 447 2888 quo
462 2807 562 2868 nullus
584 2806 670 2867 vellet
684 2806 809 2878 intrare,
829 2804 875 2866 vel
889 2804 920 2865 in
941 2821 1012 2867 casu
1026 2825 1107 2886 quo,

136 2919 153 2958 r
179 2914 239 2959 non
254 2895 349 2959 eleeto
363 2895 519 2969 Pontifiee,
534 2912 643 2956 omnes
657 2893 762 2970 simul,
777 2893 824 2955 vel
845 2893 1010 2955 successive
1028 2895 1109 2958 exire

136 3007 152 3046 a
177 2985 375 3067 contingeret.
388 2985 480 3046 Clem.
493 2983 527 3045 de
540 2983 653 3060 Eteri,
668 3001 734 3064 cap.
750 2982 797 3044 Ne
811 2981 944 3052 Romani,
956 2981 1105 3062 §torres

136 3077 287 3151 Ferraris,
303 3085 334 3136 νο
350 3071 534 3142 cardinalis,
552 3079 606 3134 art.
623 3075 660 3142 5,
679 3071 719 3133 nl·
735 3074 834 3134 ra-aa.

178 3166 247 3225 715.
273 3161 395 3235 Ouarit.
415 3166 446 3224 'l‘
461 3162 605 3235 Ouaenam
620 3160 679 3223 sint
692 3159 845 3242 privilegia
858 3167 888 3222 et
902 3159 1031 3240 insignia
1043 3161 1109 3224 Car·

136 3250 305 3316 alinalium‘?

178 3341 270 3421 Resp.
286 3341 309 3402 l.
325 3339 459 3421 Longius
473 3344 549 3401 esset
563 3354 740 3400 enumerare
753 3335 856 3400 omnia
873 3337 1025 3419 priuilegia
1039 3339 1108 3400 Car·

136 3425 289 3492 ‹linalibus
301 3447 465 3506 concesse;
481 3427 606 3490 sufficiat
621 3425 731 3488 referre
745 3428 900 3508 sequentia
918 3445 924 3486 :

179 3521 208 3580 l·
230 3519 358 3580 Possunt
372 3525 527 3578 tonsuram
541 3523 571 3578 et
584 3515 717 3576 nrinores
730 3515 851 3578 ordines
867 3517 929 3578 suis
943 3513 1067 3577 subditis
1080 3523 1108 3578 et

136 3605 335 3672 familiaribus
358 3605 493 3668 conferre
508 3605 539 3666 in
556 3605 619 3668 suis
631 3603 742 3677 titulis,
758 3605 813 3666 etsi
827 3611 974 3666 caractere
996 3603 1108 3683 episco

136 3694 201 3788 pali
213 3693 347 3778 insigniti
363 3711 423 3758 non
440 3695 510 3756 sint.
