2574 3994
484 275 569 326 evoca
589 270 707 324 vntuus.
1024 251 1083 319 273

151 367 243 455 iiesp.
258 372 289 436 st
299 374 400 436 minor
409 373 499 452 huius
508 373 678 456 argumenti
687 369 871 436 coucedatur
880 367 970 448 (sicut
980 369 1082 430 reveri

110 461 316 524 communiter
329 461 504 525 conceditur
518 479 536 525 a
550 463 610 524 DD.
626 461 712 542 juxta
726 463 762 522 D.
786 459 901 534 Bouix,
922 458 966 520 lte
988 457 1081 520 Poro-

110 549 174 625 elro,
183 569 214 631 p.
230 551 304 626 310;
315 551 382 613 vide
391 558 492 613 minen
501 550 655 626 eumdem,
667 549 711 612 De
724 549 879 630 Episcopo,
892 551 914 608 t.
929 550 958 622 1,
969 565 999 628 p.
1011 549 1081 623 347,

111 656 234 720 propos.
252 641 317 717 18),
335 657 396 701 non
410 637 526 700 videtur
539 637 694 720 quomodo
715 655 776 698 non
791 635 996 698 admitteretur
1010 653 1083 696 eon-

110 727 269 808 sequentia
279 747 285 788 :
297 735 428 790 attamen
442 745 479 790 ex
493 731 555 789 unt
569 733 652 808 parte
666 724 832 789 concordes
845 722 1083 786 suntcanonistoe

4 799 7 822 ’
111 815 144 876 in
162 815 310 878 sententio
322 816 404 897 qudd
424 815 461 878 ad
487 815 683 897 privationem
697 813 785 876 oflicii
801 809 999 874 inamovibilis
1021 830 1082 874 non

111 903 206 983 possit
224 903 345 985 procedi
362 903 417 966 uisi
432 909 548 966 servato
558 903 636 983 juris
652 901 774 978 ordine,
789 907 819 963 et
832 919 869 962 ex
882 899 940 962 alia
954 905 1037 981 parte
1051 900 1083 962 in

112 990 189 1053 libro
202 997 220 1053 't
235 991 426 1055 decretorum
438 993 536 1056 Sacro
550 992 697 1072 congreg.
710 988 833 1052 concilii
841 988 904 1068 (toi.
915 991 953 1051 89
963 989 1085 1072 atergo)

112 1079 224 1160 'egitur
245 1099 253 1141 :
282 1081 520 1163 scongregatio
545 1079 670 1144 Consilii
695 1078 822 1154 censuit,
849 1076 1084 1160 caputprimum

110 1165 1084 1250 asess.tt,deresorm.,heberelocuminruspensionitusetpro
1173 1207 1177 1214 -

111 1279 128 1316 s
151 1255 344 1319 bibitionibus
357 1261 419 1320 tam
435 1256 623 1339 temporariis
636 1259 730 1337 quam
741 1254 905 1337 perpetuis,
923 1260 954 1316 et
966 1259 1082 1336 tempo-

111 1366 128 1404 s
151 1345 246 1408 ratem
261 1345 490 1427 prohibitionem
504 1353 534 1407 et
549 1345 779 1424 suspensionem
799 1341 858 1404 dici
875 1359 960 1420 eam,
982 1341 1033 1404 ubi
1047 1361 1083 1405 ex

111 1455 129 1492 a
151 1434 262 1496 delicto
275 1437 393 1498 occuito
410 1432 671 1514 extrajudicialiter
690 1430 826 1514 procedit
845 1429 1024 1511 Episcopus,
1045 1430 1083 1492 ad

112 1544 128 1580 n
152 1540 243 1586 suum
257 1521 478 1603 beneptacitum
489 1521 676 1603 prohibendo
685 1519 731 1582 vei
742 1517 984 1600 suspendendo.»
997 1517 1083 1582 Unda

108 1611 195 1688 iuxta
212 1609 305 1674 Bouix
319 1629 381 1674 non
396 1617 519 1693 apparet
532 1607 686 1692 quomodo
707 1607 849 1671 solvenda
862 1606 901 1669 sit
912 1605 1080 1670 difficultas.

111 1699 180 1762 Non
202 1699 281 1762 bene
300 1705 402 1761 umen
423 1697 538 1761 videtur
560 1715 616 1760 cur
637 1695 740 1778 negari
760 1714 823 1758 non
843 1701 943 1780 posset
963 1695 1081 1758 minore

112 1785 225 1849 etenim
256 1805 361 1850 verum
386 1786 548 1850 discrimen
574 1785 700 1848 inveniri
727 1790 824 1867 potest
854 1785 1083 1867 suspensionem

112 1883 289 1958 perpetuam
306 1875 384 1938 inter
403 1881 435 1937 et
456 1874 651 1956 privationem
667 1874 848 1953 juridicam:
862 1873 911 1936 illa
925 1874 1006 1936 enim
1020 1892 1083 1938 non

3 1997 6 2008 ‚
114 1965 213 2046 privat
225 1960 335 2039 officio,
345 1963 398 2025 sed
408 1962 553 2026 duntaxat
561 1962 703 2026 exercitio
714 1962 870 2025 ministerii
879 1961 1081 2040 ecclesiastici,

112 2053 155 2116 itu
167 2060 219 2130 ut,
234 2053 259 2115 si
277 2069 367 2134 poene
380 2051 599 2120 remitteretur,
615 2069 781 2133 suspensus
794 2049 859 2113 sine
875 2055 952 2114 novt
965 2051 1082 2114 institu-

111 2140 196 2203 tione
224 2139 398 2204 exercitium
417 2139 464 2202 sui
484 2139 619 2202 muneris
643 2145 744 2220 posset
763 2157 967 2214 reassumere,
988 2147 1019 2202 et
1036 2139 1082 2201 in-

111 2234 195 2292 terea
212 2247 314 2292 revera
333 2235 454 2292 exercet
473 2227 683 2310 pervicacium
704 2233 757 2290 eut
774 2226 1081 2305 coadjutorem3di1m

112 2316 245 2398 privatus
259 2317 387 2397 juridice
408 2334 566 2397 nunquam
585 2315 694 2398 poterit
714 2333 901 2377 reassumere
919 2314 1083 2378 officiumo

112 2424 176 2487 quo
193 2407 326 2487 privatus
345 2405 421 2480 tuit,
444 2403 501 2466 nisi
523 2404 550 2467 ei
571 2403 609 2467 de
629 2422 706 2466 novo
720 2402 909 2480 conseratur,
924 2410 955 2465 et
974 2403 1026 2484 qui
1041 2402 1082 2466 iili

113 2494 302 2556 substituitur
329 2493 412 2556 nulio
432 2493 523 2555 modo
540 2491 599 2556 dici
614 2499 712 2574 potest
732 2491 826 2573 ipsius
845 2491 972 2554 vicarius
994 2490 1079 2569 (Vid.

113 2583 145 2646 S.
159 2582 294 2662 Liguor„
309 2582 401 2658 lib.'i,
416 2590 450 2644 n⁰
465 2585 539 2657 3233
550 2581 656 2659 Bouix,
671 2581 716 2644 De
725 2580 879 2662 Episcopo,
894 2585 917 2642 t.
934 2583 963 2656 1,
977 2599 1007 2661 p.
1023 2583 1079 2642 817

112 2677 144 2732 et
163 2673 247 2752 818);
263 2689 325 2752 quo
338 2669 487 2747 admisso,
507 2669 671 2746 evanescit,
687 2675 721 2732 ut
734 2675 825 2751 patet,
841 2667 990 2750 proposita
1004 2667 1081 2732 diffi-

113 2758 219 2821 cultas.
233 2759 449 2822 Verumtamen
464 2758 631 2821 notandum
645 2765 691 2820 est
703 2757 752 2819 hic
769 2756 852 2837 qudd
862 2757 948 2836 iuxta
966 2755 1079 2821 theolo-

113 2863 187 2928 gum
201 2847 231 2909 S.
248 2848 280 2910 G.
296 2847 328 2910 in
341 2850 431 2910 causa
445 2847 643 2922 Lucionensi,
658 2863 738 2908 anno
749 2848 845 2922 1818,
867 2845 972 2907 eadem
991 2847 1081 2910 Sacra

112 2935 310 3016 congregatio
323 2936 478 2998 recesserit
489 2939 570 2998 ssutt
583 2933 674 2996 veteri
688 2933 831 2996 sententie
845 2932 945 3015 quoad
957 2951 1080 3018 suspen·

113 3023 213 3086 siones
225 3029 394 3105 perpetuas.
411 3023 485 3086 Vide
498 3021 716 3085 interdicenda
731 3025 840 3100 (6018).

153 3115 224 3174 555.
247 3111 334 3184 Quod
346 3111 476 3174 diximus
484 3111 522 3173 de
533 3110 673 3174 Parochis
687 3109 925 3175 inamovibiiibus
938 3109 1078 3194 applicari

113 3197 203 3263 debet
223 3199 347 3263 Vicariis
361 3199 532 3282 perpetuis,
553 3218 581 3261 v.
597 3219 628 3280 g.
643 3199 879 3279 cathedralium,
900 3199 952 3282 qui
971 3201 1079 3282 pariter

114 3289 260 3352 removeri
271 3307 334 3350 non
347 3288 458 3350 debent
471 3289 535 3350 sine
546 3286 660 3368 judicio
672 3295 702 3351 ct
715 3290 861 3352 sententia
870 3288 1009 3370 iuridici.

153 3376 257 3450 Quoad
270 3383 390 3440 curatos
402 3376 441 3440 ad
455 3383 563 3440 nutum
576 3376 759 3454 amovibiles,
776 3377 912 3442 dicemus
924 3377 956 3442 iu
964 3381 1078 3460 puncto

3 3547 5 3558 ³
113 3473 367 3628 oegggntzuaem·
380 3556 410 3617 1·
424 3551 516 3627 Quale
525 3551 633 3618 debeat
640 3544 706 3617 esse
712 3555 826 3618 crimen
837 3561 870 3618 ut
878 3553 947 3637 quis
955 3557 1076 3639 propter

112 3639 186 3706 illud
199 3659 255 3705 suo
270 3641 415 3706 beneficio
426 3641 473 3704 vel
486 3640 591 3706 Officio
603 3642 758 3724 privetur?
