2570 4006
224 264 284 324 tttlt
442 231 701 322 rrmirar'otmi·
715 224 967 322 baroniana.

222 377 259 438 eo
272 375 353 457 quod
373 373 529 437 decretum
546 371 657 434 Bened.
673 373 739 433 xlv
755 370 847 433 tuerit
864 372 981 434 tantum
1000 387 1078 433 nova
1095 370 1197 447 cautio

221 472 326 527 contra
347 462 467 525 fraudes
488 459 718 536 baereticorum,
743 477 805 521 non
829 459 992 522 excludens
1015 458 1156 540 antiquas
1180 461 1197 519 a

222 554 304 616 Sixto
317 555 343 612 V
358 551 555 634 praescriptas.
573 547 631 610 Sed
650 549 721 610 oiim
739 545 830 609 verba
851 547 1099 630 Congregationis
1119 547 1197 608 ludi·

221 643 264 705 ois
277 661 334 704 nor
347 661 404 704 esse
413 637 635 722 permittendas,
653 653 716 698 non
730 643 856 717 possunt
869 637 993 718 intelligi
1007 637 1046 698 de
1064 639 1096 699 S.
1115 639 1193 696 Pon·

221 729 316 808 tibae,
331 730 439 792 merito
458 726 574 790 videtur
596 743 661 788 esse
675 723 920 788 concludendum
943 726 1114 788 vernaculos
1134 744 1196 785 vera

221 821 313 880 aiones
327 837 413 901 posse
427 815 466 878 ab
479 813 635 896 Episcopis
649 812 790 889 concedi,
811 813 934 894 quando
949 833 966 875 a
981 815 1014 876 S.
1029 815 1107 876 Sede
1126 821 1198 875 suut

221 909 281 986 jam
289 905 469 988 approbata,
479 903 525 964 vel
533 902 644 964 babent
652 901 859 964 adnotationes
869 904 922 964 SS.
935 905 1059 966 Patrum
1069 909 1121 964 aut
1131 905 1194 964 oo.

222 989 783 1056 Catlrolicorum.lmdD.Bouixsaltem
793 990 948 1072 probabile
956 998 1121 1073 putattuno
1131 992 1198 1053 nul·

222 1085 281 1145 lam
296 1083 406 1164 requiri
419 1079 659 1144 licentiam.Vide
675 1079 719 1142 De
734 1078 827 1141 Corio
841 1079 981 1152 Romano,
998 1100 1029 1162 p.
1045 1083 1189 1146 sat-oar.

266 1193 281 1230 a
301 1169 475 1252 Bibliopolas
489 1169 559 1232 verb
573 1169 625 1251 qui
640 1167 813 1250 praedictam
825 1165 996 1230 facultatem
1012 1187 1073 1231 non
1083 1168 1196 1230 haben·
1265 1175 1266 1182 ’

222 1284 236 1319 o
261 1269 322 1329 tes,
343 1260 439 1322 Biblia
454 1259 593 1322 idiomate
610 1256 725 1338 vulgari
746 1257 915 1338 conscripta
928 1256 1133 1330 vendiderint,
1150 1259 1195 1320 rel

221 1375 236 1409 u
261 1351 320 1412 alio
329 1351 435 1433 quovis
449 1347 540 1410 modo
549 1347 764 1422 concesserint,
775 1345 922 1407 librorum
936 1347 1067 1427 pretium
1082 1346 1113 1407 in
1123 1365 1197 1408 usus

221 1464 236 1498 u
260 1433 1195 1522 piosabEpiscopoconvertendumamittant3alioquinpoenis,

221 1551 236 1588 o
261 1524 707 1610 prodolictrqualitateejusdem
717 1524 855 1604 Episcopi
866 1523 1193 1604 arbitrio,subJ’aeeant.

261 1640 276 1676 o
298 1617 458 1698 llegulares
471 1617 559 1694 verb,
576 1613 697 1675 nonnisi
717 1611 855 1675 facultate
871 1615 888 1674 a
909 1613 1041 1676 Praelatis
1057 1617 1122 1678 suis
1146 1618 1196 1681 ba-

221 1729 235 1766 »
261 1705 339 1782 bita,
355 1725 390 1768 ea
403 1705 501 1781 legere
513 1709 564 1765 aut
577 1720 677 1764 emere
692 1702 817 1782 possint.

261 1797 330 1857 738.
353 1815 368 1852 a
393 1791 505 1874 Reputo
528 1791 560 1852 V.
581 1791 661 1852 Libri
682 1791 722 1852 illi
737 1792 789 1871 qui
810 1790 1020 1854 baercticorum
1034 1803 1195 1860 auctorum

220 1905 235 1942 o
261 1884 351 1963 opert
365 1881 516 1944 interdurn
531 1879 697 1962 prodeunt,
713 1879 745 1941 in
760 1880 870 1960 quibus
886 1879 967 1942 nulla
980 1889 1031 1944 aut
1044 1903 1142 1964 pauca
1157 1887 1194 1950 de

220 1994 235 2030 a
261 1989 316 2033 suo
334 1977 509 2054 apponunt,
525 1968 578 2032 sed
595 1969 723 2032 aliorum
743 1967 824 2030 diota
842 1967 1008 2051 colligunt,
1023 1974 1195 2052 cujusmodi

219 2083 235 2119 o
260 2061 449 2138 suntlexica,
465 2059 698 2136 concordantiae,
713 2057 944 2139 apotbegmata,
960 2059 1194 2146 similitudines,

219 2173 234 2208 s
259 2149 376 2212 Indices
394 2156 424 2212 et
445 2147 637 2228 hujusmodi,
659 2147 684 2209 si
710 2165 778 2227 quae
800 2146 930 2208 habeant
952 2148 1105 2230 admixta,
1126 2173 1196 2236 quae

219 2261 234 2296 a
259 2241 475 2320 expurgatione
496 2237 672 2319 indigeant,
697 2235 755 2297 illis
782 2235 922 2318 Episcopi
950 2243 981 2299 et
1005 2240 1195 2321 Inquisitoris
1264 2257 1265 2270 ¹

219 2351 234 2386 a
258 2331 319 2391 una
330 2347 400 2390 oum
407 2327 628 2408 Theologorum
642 2325 859 2388 catholicorum
870 2325 997 2389 consilio
1010 2329 1196 2397 sublatisaut

219 2440 234 2476 o
258 2416 425 2480 emendatis
436 2466 444 2493 ,
454 2417 674 2498 permittantur.
691 2436 706 2474 u
725 2414 755 2477 Si
769 2420 871 2476 tamen
885 2414 953 2476 libri
968 2431 1022 2497 per
1036 2417 1194 2485 decretum

219 2505 465 2588 Congregationis
475 2503 586 2567 suerint
599 2503 702 2565 inserti
718 2503 857 2585 catalogo
867 2503 1011 2568 librorum
1022 2508 1191 2588 prohibito-

218 2614 286 2658 rum
296 2614 367 2659 cum
376 2593 509 2656 clausula
522 2593 608 2654 donec
618 2593 815 2674 corriperetur,
829 2595 974 2656 correctio
985 2595 1117 2674 illorum,
1132 2620 1192 2666 non

217 2683 255 2746 ab
275 2684 346 2768 ipsis
368 2683 525 2765 Episcopis
546 2679 611 2742 lieri
629 2687 748 2762 potest,
765 2680 817 2744 sed
832 2701 879 2744 res
894 2690 955 2745 tota
967 2731 975 2761 ,
988 2685 1073 2762 juxta
1098 2687 1194 2752 Bene

217 2771 287 2836 dict.
299 2775 376 2851 XlV,
387 2771 426 2833 ad
439 2773 561 2832 Sacram
572 2768 683 2831 Indicis
693 2771 961 2852 congregationem
971 2781 1016 2834 est
1029 2773 1194 2842 deferenda

216 2863 388 2942 (Analecta,
404 2859 488 2928 ibid..
506 2858 565 2922 col.
581 2863 651 2936 tom
667 2867 697 2922 et
711 2863 760 2922 18⁰
776 2861 853 2932 liar..
870 2859 928 2922 col.
945 2863 1044 2942 2660).

256 2953 326 3014 739.
337 2971 353 3009 a
363 2947 475 3030 Reputo
487 2947 537 3010 Vl.
550 2947 630 3009 Libri
644 2948 757 3030 vulgari
773 2949 922 3019 idiomate,
933 2949 1194 3020 decontroversiia
1263 3019 1264 3022 ,

214 3062 229 3100 a
256 3039 334 3101 inter
346 3037 508 3100 catholicos
522 3043 550 3098 et
560 3037 715 3100 haereticos
730 3038 822 3100 nostri
835 3039 979 3119 temporis
992 3039 1190 3123 disserentes,

213 3150 230 3189 ι
256 3147 318 3190 non
328 3127 440 3209 passim
453 3126 681 3208 permittantur:
697 3127 748 3189 sod
764 3126 843 3188 idem
857 3127 896 3190 de
910 3127 946 3189 iis
960 3138 1093 3194 serretur
1107 3138 1191 3216 quod

214 3239 230 3278 n
255 3217 293 3278 do
307 3215 411 3278 Bibliis
423 3213 538 3296 vulgari
552 3214 655 3297 lingua
668 3217 786 3298 scriptis
799 3223 942 3280 statutum
953 3225 1037 3282 est.»
1055 3221 1193 3290 Difficilis
1263 3271 1264 3290 i

214 3305 429 3370 observationis
442 3305 559 3368 ridetur
572 3323 636 3367 esse
650 3305 714 3368 haeo
731 3305 835 3386 regula
854 3306 885 3367 in
904 3307 1015 3384 Gallio,
1031 3321 1122 3390 prout
1144 3333 1193 3378 res
1263 3299 1264 3364 i

214 3413 297 3460 nuno
310 3401 426 3456 exstant
437 3415 445 3470 ;
457 3411 515 3456 nec
524 3393 600 3456 forte
606 3394 760 3472 iudicandi
776 3401 847 3456 sunt
856 3395 897 3457 rei
913 3399 1025 3477 peooati
1040 3401 1190 3476 mortalis,

214 3486 274 3548 sire
295 3483 398 3546 fideles
420 3484 472 3564 qui
491 3483 556 3545 sine
574 3484 708 3564 periculo
726 3481 795 3544 tidei
817 3483 921 3563 legunt
941 3485 996 3548 hos
1015 3496 1191 3554 controver-

214 3575 326 3636 siarum
340 3571 442 3648 libros,
458 3571 519 3634 sive
540 3571 714 3651 Bibliopolas
728 3572 780 3650 qui
798 3590 850 3632 eos
869 3572 1003 3634 rendunt
1017 3621 1024 3651 ,
1040 3587 1130 3655 prurit
1143 3588 1192 3644 cst

217 3660 405 3726 consuetudo
419 3659 500 3743 apud
515 3675 580 3721 nos.
598 3658 719 3719 Dubitat
732 3665 832 3720 autem
847 3661 883 3720 D.
903 3659 1017 3734 Rouix,
1037 3663 1079 3723 De
1093 3665 1189 3726 Curio
