2570 4006
475 223 561 268 nam
581 225 697 271 emaus.
1011 217 1065 278 tet

93 341 109 380 ι
134 325 235 382 autem
260 338 391 401 quorum
414 319 516 400 inopia
546 320 798 402 compositionem
828 341 890 385 non
917 325 1070 396 admittit,

92 429 107 468 s
134 405 1068 499 possitoondonare,injunettproeorurnviribuseleemosynd,

93 519 108 558 o
133 497 225 559 modo
241 495 436 579 supradicto.

132 609 147 645 n
172 586 222 647 1v.
238 585 343 658 Quoed
364 586 443 650 mele
466 586 564 650 ablata
586 586 633 649 vel
655 593 790 666 retenta,
819 590 941 671 quando
955 592 1068 657 domini

93 697 108 735 n
134 674 239 737 incerti
254 681 325 738 sunt
346 681 376 738 et
388 694 476 739 casus
486 675 607 752 occulti,
620 685 736 756 partem
750 677 883 760 aliquam
894 679 1070 764 delinquen-

61 778 62 782 *
92 787 107 822 n
133 763 214 826 tibus
231 763 435 846 pauperibus,
451 766 475 828 si
489 783 595 828 earum
609 765 751 847 qualitate
769 773 798 828 et
812 770 987 834 necessitate
999 791 1070 853 pen-

92 875 107 912 u
132 854 203 916 satis
217 853 257 916 ite
270 853 429 931 videbitur,
446 854 596 917 remittere
613 873 666 918 seu
681 854 903 928 condonare...,
913 859 1069 924 residuum

91 967 107 1003 ι)
132 945 202 1006 verb
218 943 402 1027 pauperibus
424 943 581 1024 distribui,
596 943 643 1006 vel
657 944 689 1006 in
711 945 761 1026 pie
778 963 870 1028 opera
890 951 1023 1030 erogari,
1040 958 1069 1014 et

91 1053 107 1092 n
132 1031 256 1115 quidem
270 1035 295 1095 si
309 1031 374 1096 fieri
389 1039 500 1116 potest,
520 1032 553 1093 in
567 1031 641 1096 locis
658 1032 710 1096 ubi
731 1033 780 1096 illa
797 1034 916 1114 abluta,
935 1045 1066 1119 extorta,

90 1143 107 1182 s
131 1122 177 1185 vel
193 1129 336 1204 usurpata
350 1129 430 1200 sunt,
447 1121 591 1184 mandare
607 1121 732 1186 debet...

131 1233 146 1270 n
173 1209 362 1292 decipientes
387 1229 516 1273 munere
538 1213 556 1273 b
579 1211 781 1292 regularibus,
813 1216 944 1297 exceptis
966 1235 1067 1280 rerum

92 1323 105 1353 a
131 1299 359 1363 medicinalium
385 1319 440 1362 seu
467 1299 634 1362 devotionis
665 1301 842 1365 muneribus
872 1304 951 1387 (sub
979 1308 1068 1371 variis

95 1411 109 1442 »
132 1388 375 1468 conditionibus,
399 1388 614 1468 restitutionis,
634 1388 852 1472 eleemosynae,
868 1391 954 1477 eto),
968 1396 1067 1460 absol·

94 1498 212 1542 suere.

130 1591 146 1628 o
171 1573 208 1632 V.
224 1572 401 1634 duramento
418 1588 635 1653 quecumque,
651 1569 684 1632 in
699 1567 810 1652 quibus
823 1571 1010 1653 exploratum
1030 1577 1068 1638 sit

90 1679 106 1716 n
132 1658 248 1720 nullum
269 1661 317 1742 agi
337 1661 517 1742 cujusquam
531 1657 751 1740 praeiudicium,
768 1656 939 1724 facultatem
959 1661 1067 1726 habeat

91 1770 106 1806 o
131 1747 238 1810 inloro
248 1749 439 1812 conscientiae
452 1747 596 1810 duntaxat
608 1746 800 1811 relaxandi...
909 1827 912 1836 ‚

131 1859 146 1896 u
166 1839 239 1900 Vota
247 1839 395 1922 simplicia
405 1854 617 1921 quecumque,
627 1837 742 1900 tametsi
753 1838 926 1918 juramento
935 1839 1062 1919 firmata,

90 1948 106 1985 r>
131 1926 221 1989 etiam
239 1927 407 2009 religionis,
424 1927 582 2003 castitatis,
599 1927 776 1990 visitationis
790 1929 946 2011 Sepulchri
961 1932 1064 1994 Domi-

90 2035 105 2074 a
131 2015 203 2093 nioi,
216 2017 274 2078 BB.
293 2016 505 2098 Apostolorum
520 2015 598 2077 Petri
613 2021 643 2077 et
652 2015 809 2093 Pauli,aut
822 2018 854 2079 S.
863 2019 979 2097 Jacobi,
994 2039 1063 2102 pos-

89 2125 105 2164 i>
131 2105 168 2166 sit
181 2105 279 2169 inalia
288 2106 405 2187 pietatis
418 2123 527 2187 opera,
538 2103 754 2187 dispensando,
763 2113 962 2185 commutare,
974 2109 1064 2171 etiam

89 2194 168 2256 aad
197 2195 337 2258 ellectum
367 2193 564 2256 contrahendi
596 2194 798 2271 matrimonii;
832 2195 904 2257 item
926 2203 1064 2260 votorum

89 2306 105 2342 s
131 2283 361 2366 implementum
378 2283 514 2357 differre,
536 2287 566 2346 et
579 2282 617 2345 ab
633 2282 755 2346 illorum
777 2285 1064 2366 transgressionibus

88 2395 104 2433 n
128 2372 301 2450 absolvere,
322 2373 568 2437 consideratis...
595 2379 626 2435 et
648 2373 791 2454 injunctis
810 2392 879 2456 quae
905 2373 1064 2457 iniungere

88 2483 104 2524 s
129 2463 353 2526 Poenitentiaria
366 2463 531 2526 consuevit.

128 2575 144 2612 s
169 2555 267 2636 Super
284 2552 458 2616 recitatione
477 2552 570 2616 divini
589 2551 698 2632 oflicii,
718 2558 841 2636 propter
854 2553 986 2636 eliquam
1004 2553 1062 2616 im-

88 2663 103 2704 o
127 2643 353 2725 possibilitatem
368 2661 422 2706 seu
436 2643 583 2706 moralem
605 2643 827 2720 difficultatem,
850 2642 1061 2726 dispensandi,

89 2753 102 2792 i
128 2751 199 2796 cum
222 2733 458 2796 commutatione
472 2733 504 2794 in
528 2732 601 2795 elias
612 2751 716 2814 preces
738 2733 784 2796 vel
806 2732 864 2795 alia
886 2733 937 2815 pia
958 2751 1060 2816 opere,

86 2839 102 2883 a
127 2839 293 2904 earumque
307 2839 361 2885 seu
375 2840 480 2884 eorum
495 2822 693 2902 injunctione,
705 2821 813 2884 habeat
826 2821 1007 2885 facultatem.
1023 2847 1038 2884 r>

128 2915 227 2976 v1.1n
250 2912 308 2975 hoc
326 2929 455 2974 numero
472 2910 581 2993 amplae
602 2911 790 2992 regularibus
807 2912 1004 2976 conferuntur
1017 2914 1061 2977 la·

88 3003 212 3068 cultates
234 3008 268 3066 ut
285 3001 361 3084 ipsi,
384 2999 653 3064 nonobstantibus
673 3000 855 3083 quibuslibet
877 3001 1058 3076 defectibus,

87 3091 203 3176 possint
216 3091 368 3173 suscipere
382 3089 513 3160 ordines,
530 3089 576 3152 vel
590 3090 709 3172 assequi
727 3091 833 3153 munia
846 3097 875 3153 et
888 3090 1060 3173 praelaturas

86 3183 133 3248 sui
153 3181 285 3259 ordinis,
300 3187 335 3243 ut
356 3185 497 3262 apostatas
517 3178 759 3252 reconcilientur,
774 3187 809 3244 ut
825 3180 907 3260 gravi
920 3179 959 3242 de
970 3183 1062 3243 coust

85 3269 418 3336 concedaturtransitus
431 3267 469 3331 ob
484 3271 545 3331 unt
559 3268 650 3330 etiam
663 3269 794 3344 arctiori,
810 3269 848 3332 ad
862 3269 951 3332 aliam
964 3269 1061 3333 laxioo

86 3381 151 3426 rem
167 3361 355 3443 religionem,
370 3359 401 3420 in
415 3360 476 3440 qutt
485 3365 586 3420 tamen
601 3357 891 3439 vigeatobservantie
901 3359 1057 3438 regularis.

131 3452 223 3513 «Vll.
245 3451 280 3510 ln
294 3446 494 3510 matrimoniis
506 3446 719 3510 contrahendis
738 3447 832 3530 possit
850 3448 945 3527 Major
958 3447 1058 3510 Poeni·

9 3551 11 3582 ὲ
87 3563 102 3602 a
128 3538 300 3616 tentiarius,
320 3538 352 3600 in
372 3537 438 3601 loro
459 3535 651 3600 conscientie
673 3537 804 3612 tantiam,
826 3553 918 3617 super
931 3534 1058 3616 impedi·

86 3649 102 3690 s
130 3627 241 3690 mentis
254 3625 393 3704 occultis,
409 3643 478 3706 quae
497 3621 724 3688 matrimonium
743 3641 805 3687 non
818 3621 982 3701 dirimunt,
1000 3621 1059 3687 dis·
