2574 3994
158 193 218 256 666
319 183 327 198 “
380 199 518 244 returnar
538 198 640 244 renus
660 197 742 243 runis
764 197 911 244 ernamur.

196 297 265 358 tau.
290 293 329 357 In
343 294 431 356 tertio
444 313 521 366 casu,
533 298 650 356 certum
660 297 706 354 est
714 292 808 374 qubd,
818 291 918 356 statim
928 311 963 355 66
971 293 1134 356 translatus

134 423 136 430 ,
157 400 244 446 norae
263 381 414 467 peroclriae
433 384 656 465 possessionem
679 380 804 463 pacifice
826 381 989 464 assumpsit
1010 383 1055 445 rel
1079 403 1135 464 per

158 471 244 536 illum
267 473 348 535 stetit
367 473 533 553 quominus
553 473 764 552 assumpserit,
785 473 867 555 prior
887 471 1027 554 parochie
1048 471 1134 536 alteri

156 559 222 624 dari
237 567 345 643 potest.
367 563 409 623 lta
430 563 512 622 enim
533 577 565 622 se
587 561 677 622 babet
698 579 764 641 cap.
791 561 873 622 Licet
893 561 1056 644 Episcopus
1074 566 1132 644 28,

157 651 192 714 de
207 649 354 712 credend.
366 657 394 712 et
405 649 537 731 Dipaia,
548 649 579 710 in
590 652 642 710 6⁰:
658 671 673 706 c
682 649 765 710 Licet
774 649 941 732 Episcopus
950 649 1133 712 beneficium

158 761 173 798 n
197 739 281 821 quod
292 757 363 803 cum
373 739 543 800 animarum
557 739 630 800 curt
640 737 763 800 tenebas
773 741 944 820 (postquam
961 739 1042 802 aliud
1060 740 1135 802 reci-

158 852 172 886 n
198 827 476 910 pisticonsimileac
487 825 581 907 ipsius
592 825 812 908 possessiouem
823 827 950 890 habuisti
962 825 1132 910 pacificam,

159 941 173 977 o
200 917 246 979 vel
261 935 315 998 per
324 923 353 979 te
367 915 458 992 stetit,
468 915 632 997 quominus
645 915 772 978 haberes
781 915 934 994 eumdem)
946 917 1135 998 possitolten'

158 1029 173 1065 6
198 1005 324 1086 dejure
349 1004 482 1085 conferre
504 1023 517 1068 .·
543 1004 630 1066 illum
652 1011 755 1066 tamen
782 1005 832 1068 cui
861 1005 1046 1083 contulerit,
1071 1023 1133 1068 non

158 1118 173 1152 o
197 1093 334 1168 debebit,
346 1099 376 1156 te
387 1111 449 1155 non
463 1099 567 1156 vocato
581 1096 662 1170 (cum
678 1093 730 1154 tibi
750 1094 874 1156 forsitan
885 1095 935 1173 jus
946 1093 1041 1176 possit
1052 1113 1134 1156 conr-

158 1207 174 1241 »
197 1191 300 1266 petere
308 1182 481 1264 retinendi),
492 1183 525 1245 in
536 1181 759 1266 possessionem
772 1183 866 1264 ipsius
878 1183 1133 1266 inducerecorp‘o

158 1295 174 1331 6
198 1271 336 1334 ratem.»

198 1369 352 1441 Nonideb
366 1374 468 1432 tamen
482 1369 643 1433 translatus
655 1369 752 1453 pendit
762 1388 886 1433 omnem
893 1369 1133 1450 jurisdictionem

159 1461 191 1524 in
204 1461 336 1544 priorem
350 1459 543 1542 parochiam:
555 1459 593 1521 66
607 1458 665 1521 666
677 1459 839 1540 requiritur
852 1477 888 1520 ex
903 1457 1024 1541 prealato
1037 1460 1133 1541 eapite

159 1557 192 1612 ut
215 1567 310 1612 novus
330 1549 458 1610 titularis
483 1547 705 1630 possessionem
728 1548 939 1629 assumpserit,
964 1547 1045 1628 quod
1067 1549 1132 1611 lieri

160 1638 284 1718 nequit,
301 1637 357 1700 nisi
371 1642 475 1698 vocato
494 1635 607 1698 titulari
627 1635 788 1714 translato,
803 1642 834 1698 et
851 1642 926 1700 tunc
940 1637 1023 1700 istius
1036 1645 1133 1700 cessat

157 1725 323 1806 jurisdictio
343 1745 351 1787 ι
373 1724 454 1786 idem
472 1723 589 1788 videtur
606 1723 770 1787 dicendum
792 1724 818 1787 si
836 1725 867 1786 in
886 1725 979 1808 priori
993 1727 1134 1808 parochia

159 1815 367 1878 nominaretur
380 1812 508 1876 vicarius
521 1816 544 1874 ¹.

199 1915 270 1974 631.
294 1911 416 1985 Quaerit.
433 1916 465 1974 6ο
481 1913 647 1994 Quousque
661 1913 821 1976 translatus
834 1913 1134 1978 lructusacredditus

159 2001 292 2064 ecclesiae
305 2019 323 2063 a
337 2003 398 2084 qut
411 1999 552 2079 discedit,
568 2002 663 2083 possit
675 2003 852 2085 perciperet

199 2101 289 2180 ¹llesp.
302 2101 332 2161 Si
348 2105 453 2180 agatur
466 2097 504 2160 de
514 2099 664 2181 Episcopo
677 2101 820 2163 translato
834 2100 871 2163 ab
884 2101 947 2162 unt
960 2099 1081 2162 dioecesi
1095 2101 1134 2163 66

160 2185 269 2265 alium,
283 2189 355 2250 cum
377 2188 471 2269 ipsius
488 2187 645 2250 vinculum
663 2207 734 2251 cum
751 2189 843 2271 priori
863 2187 984 2252 dimeesi
1003 2189 1134 2252 solvatur

160 2279 277 2340 tacitum
292 2276 323 2338 in
337 2276 520 2340 consistorio
533 2279 603 2339 Sum
617 2277 803 2352 Sanctitate,
824 2299 840 2338 6
854 2276 1022 2340 necessarib
1036 2279 1128 2361 sequi·

160 2391 175 2426 n
199 2373 268 2443 tur,
284 2365 383 2448 inquit
396 2363 509 2428 Bened.
520 2367 585 2427 XlV
596 2365 641 2443 (de
653 2366 745 2448 Syn,
757 2365 810 2429 lib.
827 2370 876 2443 ta,
893 2385 959 2449 cap.
977 2369 1026 2444 ld,
1043 2368 1131 2448 n0'1),

159 2479 176 2516 o
200 2455 290 2518 licere
302 2456 453 2536 Episcopo
466 2452 600 2516 redditus
609 2455 715 2536 prioris
725 2455 865 2518 Ecclesiae
875 2455 1027 2538 percipere
1037 2475 1133 2537 usque

160 2568 176 2606 6
200 2543 239 2608 66
253 2543 325 2606 illud
335 2541 545 2606 tantummodo
556 2543 699 2625 temporis
709 2551 899 2607 momentum
909 2548 999 2626 quot
1014 2545 1045 2607 S.
1057 2547 1133 2608 Pon·

159 2656 176 2695 6
199 2631 281 2695 tilica
295 2633 326 2693 in
341 2630 524 2694 consistorio
537 2630 575 2692 ab
595 2632 674 2695 illius
687 2633 809 2696 vinculo
822 2633 995 2696 absolvitur.
1010 2634 1041 2698 Si
1056 2653 1133 2716 quos

161 2743 177 2782 6
200 2723 271 2784 verb
285 2721 400 2784 tructus
418 2725 486 2800 post
507 2719 582 2782 illud
599 2727 719 2803 tempas
739 2721 883 2785 decursos
897 2727 1079 2805 perceperit,
1095 2725 1134 2786 ad

161 2810 325 2874 »eosdem
349 2809 548 2872 restituendos
574 2811 681 2872 teneri.
706 2833 722 2869 6
757 2811 846 2872 Addit
874 2818 976 2874 autem
1001 2813 1134 2875 Ferraris

161 2898 211 2978 (Ψ
223 2900 401 2984 Episcopus,
418 2906 474 2960 art.
486 2902 516 2975 3,
528 2907 561 2960 n⁰
577 2902 644 2978 ary:
660 2899 853 2982 «Episcopus
864 2899 1023 2963 translatus
1037 2907 1135 2983 potest

192 3100 201 3128 ⁴
219 3091 254 3141 lta
265 3093 306 3159 jur
318 3101 470 3140 commune:
488 3087 513 3137 in
528 3086 574 3139 htc
590 3095 671 3139 autem
691 3089 855 3141 Valentinensi
868 3089 970 3144 dioecesi
989 3091 1025 3143 sic
1040 3091 1134 3144 babent

161 3167 252 3214 statuta
272 3161 427 3211 dioecesana:
443 3175 454 3204 ι
468 3157 555 3217 Quand
575 3175 608 3209 un
623 3159 715 3212 Vicaira
732 3167 769 3211 eet
782 3161 850 3228 place
864 3163 924 3212 dans
944 3179 993 3214 une
1005 3171 1075 3215 autre
1088 3179 1133 3230 pu-

165 3253 175 3282 ·
195 3233 282 3291 roisse,
291 3246 331 3281 ees
342 3229 457 3295 pouvoirs
465 3236 572 3293 cessent,
584 3247 646 3296 pour
658 3233 679 3282 la
693 3233 820 3298 premiere,
832 3233 921 3300 quinze
927 3238 997 3302 jours
1007 3239 1077 3301 apres
1087 3251 1132 3288 son

165 3325 175 3355 r
192 3305 358 3370 changement
377 3300 408 3351 de
420 3298 543 3352 domicile.
560 3321 570 3350 ι
589 3301 651 3352 Nihil
670 3304 777 3370 speciale
792 3304 816 3354 in
829 3305 865 3356 eis
878 3307 1020 3358 continetur
1032 3307 1062 3358 de
1074 3323 1133 3358 casu

163 3373 305 3427 mutationis
322 3371 517 3440 parochorum...
531 3372 601 3424 Unde
619 3373 667 3424 diri
686 3382 769 3440 posset
785 3377 852 3442 quod
865 3377 894 3426 ad
907 3377 947 3443 jus
959 3394 1091 3429 commune
1102 3379 1132 3428 si·

163 3453 222 3498 tuno
242 3445 440 3496 recurrendum:
464 3445 549 3495 saltem
570 3461 620 3495 nun
637 3446 752 3496 ridentur
769 3463 866 3499 cessare
885 3447 1013 3501 facultates
1033 3450 1132 3516 parochi

164 3515 274 3568 translati
286 3523 343 3568 ante
354 3516 385 3567 15
397 3516 449 3568 dies
460 3523 514 3583 post
526 3517 687 3567 mutationem
700 3517 833 3580 domicilii,
846 3535 962 3587 casuque
975 3536 1053 3571 novus
1064 3537 1135 3586 puro·

166 3589 224 3640 6666
234 3595 276 3640 aut
288 3588 375 3640 saltem
385 3588 491 3642 vicarius
502 3588 613 3640 nondum
625 3589 650 3641 in
661 3588 766 3656 priorem
780 3590 920 3658 parochiam
931 3590 1036 3643 advenit·
