2574 3994
498 229 584 274 urana
606 226 723 272 narnus.
1044 207 1103 268 229

127 329 231 404 sileat,
251 327 304 390 sed
326 327 434 388 habeat
456 326 624 388 canonicos
647 332 680 386 ut
703 323 871 403 legitimos,
896 327 926 384 et
955 320 1105 403 legitimas

128 431 239 513 pariter
262 431 378 490 Primae
400 428 564 509 Dignitates
583 427 614 487 in
639 425 733 487 Gallie
757 425 917 486 existentes
935 445 942 485 :
959 426 1002 486 sic
1021 424 1104 486 enim

127 519 237 599 legitur
251 519 282 579 in
297 517 430 580 Concilio
446 515 659 589 avenionensi,
676 531 758 576 anno
772 516 849 576 1849
865 513 923 594 (tit.
940 515 970 586 6,
986 531 1053 593 cap.
1071 517 1103 590 l,

42 764 44 768 y
130 627 149 690 p
173 718 188 753 a
210 693 414 776 capitulorum
436 693 597 768 institutio,
617 693 649 752 in
663 693 806 774 presenti
826 692 973 766 existens,
990 689 1059 754 licet
1074 691 1105 751 in

129 806 145 844 s
170 783 272 846 multis
289 781 461 860 dissimilis,
476 781 582 844 eadem
597 789 698 842 tamen
713 781 803 843 estin
822 779 962 844 essentia.
978 779 1105 841 Consilii

131 894 146 933 r
170 875 273 934 Patres
285 890 340 952 pro
354 879 435 932 certo
444 871 555 932 hebent
566 871 780 931 institutionem
794 869 878 945 lonc,
884 888 1008 950 prorsus
1016 887 1107 929 cano-

130 982 146 1020 n
169 961 265 1020 nicam
279 978 346 1029 csse,
364 965 393 1022 et
405 959 485 1022 illius
499 965 623 1034 statute,
639 965 741 1040 utpote
756 957 794 1020 eb
807 957 964 1039 Episcopis
979 956 1105 1038 prolata,

130 1071 146 1108 s
171 1052 198 1110 vi
212 1048 395 1110 auctoritatis
408 1047 595 1130 apostolicae,
612 1046 739 1109 fideliter
751 1065 818 1109 esse
831 1045 986 1108 servanda.
1000 1068 1014 1104 a

171 1139 205 1200 ln
219 1137 353 1198 Concilio
367 1138 437 1198 vero
451 1137 592 1197 Remensi
608 1136 743 1216 ejusdem
758 1136 828 1197 anni
845 1136 900 1212 (tit.
918 1140 967 1210 ll,
982 1153 1049 1215 cap.
1066 1135 1105 1215 Ι),

131 1227 175 1288 sic
189 1225 317 1306 legitur:
333 1247 348 1283 n
358 1225 466 1286 Vicerii
482 1225 642 1286 Generales
656 1225 707 1305 qui
724 1243 836 1286 nrunus
849 1231 989 1285 exercent
1006 1223 1109 1286 Archi-

131 1337 147 1371 a
171 1313 389 1389 diaconorum,
406 1331 536 1394 quornm
557 1313 680 1374 nomine
696 1311 829 1392 insigniti
850 1319 920 1373 sunt
938 1311 1017 1392 apud
1035 1330 1106 1388 nos,

132 1425 146 1459 s
172 1401 320 1463 lralrentur
334 1407 367 1464 ut
383 1403 496 1464 Prima·
512 1401 678 1482 Dipnitotes
692 1401 841 1463 Eeclesioe.
858 1401 917 1482 Ipsi
933 1401 964 1461 in
976 1401 1069 1462 choro
1079 1407 1109 1462 et

132 1513 147 1549 n
173 1498 255 1552 extra
278 1497 344 1572 post
367 1493 550 1572 Episcopum
581 1491 753 1552 immediate
775 1491 916 1560 veniunt,
939 1491 1016 1551 sieut
1043 1508 1110 1551 rnos

133 1602 149 1640 s
176 1579 255 1662 apud
280 1579 441 1641 Galliarum
472 1579 640 1656 Ecclesias‚
665 1581 682 1642 t
703 1579 889 1642 Concordato
912 1579 984 1640 enni
1010 1582 1107 1656 1801,

132 1691 148 1727 s
173 1669 313 1729 universe
328 1668 468 1742 invaluit;
490 1690 505 1726 n
528 1675 557 1729 et
570 1687 636 1748 cap.
652 1672 709 1729 i...
735 1689 749 1725 c
768 1669 802 1729 ln
816 1667 960 1748 Capitulis
981 1669 1109 1748 primam

133 1778 148 1814 s
174 1756 251 1816 inter
265 1756 432 1818 canonicos
446 1755 561 1818 obtinet
576 1759 731 1834 uesanos,
746 1757 911 1819 eanonicus
933 1773 1043 1838 nempe
1057 1757 1109 1836 qui

133 1867 149 1902 u
174 1843 211 1904 ad
225 1843 406 1906 decanatum
419 1844 457 1905 ab
471 1845 626 1925 Episcopis
640 1853 796 1926 promotus
809 1845 875 1906 luit.
892 1867 907 1904 n

176 1931 302 1993 l‘raelate
312 1939 419 1994 statuta
429 1932 606 1994 correctioni
623 1935 653 1994 S.
671 1932 756 1994 Sedis
770 1933 921 2013 subjecta,
937 1935 1002 1996 sine
1017 1933 1111 1994 modi-

136 2019 274 2082 ficatione
289 2022 414 2082 remissa
428 2027 514 2096 sunt;
531 2029 560 2081 et
574 2023 711 2100 quamvis
725 2021 835 2083 exhinc
848 2039 910 2082 non
925 2023 1018 2103 possit
1037 2041 1110 2082 con·

134 2107 214 2169 cludi
225 2108 371 2170 illaluisse
383 2111 485 2170 ltomae
495 2110 667 2190 approbata,
680 2109 796 2170 videtur
802 2109 1018 2171 tamenexhinc
1024 2127 1110 2190 posse

135 2195 263 2266 deduci,
278 2196 328 2256 illa
343 2215 404 2256 non
419 2195 510 2258 luisse
525 2197 711 2278 improbata3
731 2199 862 2259 maxinre
876 2198 900 2259 si
922 2197 1109 2274 attendetur,

136 2283 219 2364 quod
233 2303 270 2345 ex
286 2282 383 2346 Glossrt
398 2285 500 2361 ueteri,
513 2285 572 2364 Juri
587 2285 625 2347 de
640 2305 701 2366 quo
717 2305 799 2349 nunc
812 2287 931 2366 agimus
949 2288 1043 2366 possit
1056 2285 1111 2346 de-

137 2373 248 2452 rogata
264 2371 307 2433 sio
320 2373 402 2434 enim
413 2372 502 2434 halret
516 2373 620 2434 Glossa
633 2381 718 2436 vetus
733 2375 763 2434 in
778 2377 875 2455 capite
891 2374 963 2436 Cum
978 2373 1111 2435 Ecclesia

144 2459 331 2529 Volterrunc.
348 2459 383 2523 de
398 2462 427 2521 E
429 2460 549 2523 lectione
558 2480 571 2524 .·
589 2483 603 2520 a
622 2464 696 2526 Dico
710 2462 791 2543 qued
813 2462 851 2524 de
869 2464 938 2542 jure
956 2463 1111 2524 communi

137 2571 152 2606 s
177 2549 266 2610 simul
277 2547 314 2610 ad
329 2549 512 2631 Episcopum
522 2557 551 2610 et
564 2551 733 2631 Capitulum
750 2552 877 2632 pertinet
887 2551 1004 2613 collatio
1019 2551 1111 2613 bene-

139 2660 152 2696 υ
175 2635 312 2698 liciorum
324 2637 638 2716 (carronicalium);sed
646 2638 817 2702 consuetudo
826 2640 857 2700 in
860 2639 999 2722 pluribus
1014 2640 1087 2702 Eecl
1102 2677 1112 2687 -

137 2747 153 2784 n
176 2725 230 2785 siis
248 2723 368 2806 deroqnt
387 2725 456 2786 truie
471 2725 586 2806 juri.»
609 2729 653 2788 De
671 2726 749 2789 lacto
768 2739 868 2789 autem
887 2727 1046 2810 postremis
1067 2728 1112 2792 his

137 2813 325 2892 temporibus
351 2811 421 2875 huic
442 2814 501 2892 juri
533 2813 688 2895 derogavit
712 2816 743 2877 S.
774 2815 892 2886 Sedes,
918 2817 1112 2898 approbando

138 2907 246 2962 statuta
260 2901 446 2981 Capitularia'
458 2900 595 2964 dioecesis
610 2903 762 2966 [liniensis
777 2903 829 2966 ubi
852 2905 980 2980 dicitur,
999 2913 1054 2966 art.
1072 2909 1110 2968 3:

141 3009 158 3047 u
178 2991 210 3049 ln
222 2993 323 3050 nostre
337 2989 501 3051 Cathedrali
516 2991 649 3054 Ecclesia
662 2993 748 3053 unica
762 3000 807 3055 est
820 2999 888 3075 post
907 2993 1113 3057 Pontificalem

138 3099 154 3134 s
178 3077 324 3156 Dignius
342 3095 451 3159 nempe
465 3079 622 3152 Essenos,
639 3081 690 3160 qui
705 3087 750 3143 est
767 3089 857 3164 eaput
868 3083 958 3144 totius
973 3083 1111 3164 Capitoli.

138 3187 154 3223 s
179 3166 255 3225 Sunt
274 3165 397 3245 insuper
420 3175 548 3246 quatuor
568 3167 685 3242 (illicia,
706 3169 843 3233 videlicet
864 3190 871 3232 ι
892 3179 987 3242 etc...,
1010 3179 1065 3233 art.
1081 3179 1111 3247 l,

138 3273 155 3312 s
177 3253 347 3315 Canonicus
360 3253 486 3316 titularis
502 3259 674 3336 possessione
686 3259 838 3342 antiquior
851 3260 911 3321 erit
930 3259 1111 3338 Deeunus...;

139 3362 155 3400 n
179 3347 234 3402 art.
251 3344 281 3412 6,
296 3341 497 3404 Canonirntns
516 3352 580 3406 tum
599 3346 749 3422 titulares,
765 3354 831 3409 tum
849 3347 1027 3411 honorarios
1040 3367 1113 3410 con-

139 3451 155 3488 r
179 3428 258 3491 serre
272 3429 365 3492 Notis
378 3430 462 3491 uniet
475 3451 691 3496 reseruemus.»
709 3437 753 3498 De
771 3435 818 3497 his
841 3437 907 3498 vide
926 3437 1001 3498 last.
1026 3441 1060 3497 lt.
1077 3437 1113 3499 de

139 3517 196 3594 M„
208 3537 238 3599 p.
255 3520 312 3580 383
323 3517 475 3594 stema
484 3518 714 3593 dedroitccnon,
724 3526 828 3604 parlll.
846 3525 957 3600 Andre,
970 3525 1114 3602 temptes

140 3601 217 3666 cteta
231 3603 638 3697 clancularius-Prolem.
652 3608 689 3673 S.
699 3606 845 3686 tutatast.
854 3613 968 3684 ΗΒΘ,
977 3631 1015 3657 -·
1026 3611 1110 3673 carn
