2586 3988
501 271 722 319 rauracorum.
1055 259 1095 320 «15

113 397 166 462 per
182 377 416 441 comessionem
432 373 556 437 alterius
571 375 705 457 rescripti
718 374 877 452 contrarii;
894 375 1028 458 expressi
1043 397 1096 459 prr

116 469 339 530 revocationem
360 465 476 548 prioris
493 465 713 537 concessionis,
730 483 795 547 cap.
815 466 869 526 ult.
885 463 920 527 de
934 465 1097 548 Rescriptr's

117 557 150 620 in
164 557 207 631 bl,
218 556 271 618 ubi
292 553 468 617 Bonilacius
483 555 547 614 Vlll
562 554 707 615 revocavit
728 571 836 614 ornnes
854 556 1096 616 concessionesb

117 665 150 707 se
172 645 219 706 rel
246 644 285 705 ab
305 642 549 706 antecessoribus
571 639 662 704 lactas
692 639 874 722 quibusdam
904 643 1041 720 clericis,
1067 650 1098 705 ut

117 735 235 796 buetus
249 732 471 796 beneficiorum
489 749 614 794 suorum
628 737 750 812 possent
763 733 920 813 percipere
934 729 966 792 in
989 732 1097 794 absen-

114 825 167 884 tia.
184 821 351 901 (lteillenst.
368 820 409 881 ib.
427 822 511 896 271).

155 916 208 972 76.
221 911 299 973 Nota
312 909 394 992 qood
408 909 551 991 rescripta
561 909 685 988 justitiae
699 912 717 972 a
730 911 779 973 die
789 910 874 974 lactae
886 909 1099 973 insinuationis

116 1001 218 1063 valere
237 999 395 1081 incipiant.
415 998 565 1060 insinuari
580 1005 681 1060 autem
695 999 800 1062 tandiu
815 1005 942 1082 possunt
963 997 1098 1080 quandiu

120 1090 207 1151 durat
220 1089 299 1150 actio
306 1095 358 1150 aut
370 1087 509 1169 exceptio
516 1085 555 1147 ob
565 1105 658 1168 quam
673 1089 830 1170 impetrata
847 1095 928 1150 sunt.
947 1090 984 1148 at
997 1088 1099 1169 siquis

119 1195 297 1260 perannum
307 1177 542 1239 insinuationem
554 1175 731 1257 neglexerit,
742 1185 771 1239 et
781 1177 1095 1240 interimadversarius

119 1269 186 1347 ejus
200 1265 283 1329 aliud
306 1266 485 1346 rescriptum
505 1274 686 1327 consecutus
702 1265 801 1342 luerit,
814 1265 993 1345 rescriptum
1015 1267 1097 1347 priua

120 1355 247 1437 expirat.
262 1356 306 1416 lta
316 1353 403 1416 Card.
420 1353 501 1434 Sogl.
514 1372 552 1414 ea
564 1353 663 1415 [nnec.
682 1353 743 1428 Ill,
762 1371 790 1415 c.
806 1357 862 1428 23,
878 1351 913 1414 de
927 1353 1097 1434 Rescriptr's.
1123 1376 1128 1386 ·

120 1445 206 1520 (last.
219 1443 289 1524 jur.
301 1441 384 1524 pall.
401 1442 477 1522 §th
494 1442 524 1503 in
541 1441 647 1519 turcl:
666 1463 682 1500 a
700 1443 729 1504 Si
745 1442 1002 1524 rescriptagratflae
1016 1443 1099 1505 nullo

120 1557 136 1591 n
158 1531 307 1612 temporis
320 1533 417 1612 spatio
432 1530 551 1610 alligata
570 1531 646 1606 sint,
662 1531 808 1613 perpetuo
826 1530 925 1593 valent
938 1551 946 1608 ;
961 1530 1098 1594 videlieet
1202 1571 1204 1578 ι

120 1645 135 1680 n
160 1619 305 1683 duratura
319 1617 441 1682 suntad
461 1621 525 1698 ejus
543 1621 635 1682 vitam
650 1621 702 1700 qui
721 1621 900 1702 rescriptum
918 1628 1098 1683 consecutus

121 1733 138 1769 rr
161 1715 219 1770 est.
249 1713 287 1769 rit
313 1709 458 1790 rescripta
482 1707 604 1787 justitiae
627 1708 796 1772 heredibus
818 1716 848 1772 et
875 1709 1097 1772 successoribus

120 1821 137 1858 r
161 1797 254 1859 etiarn
268 1803 405 1880 prosunt.
421 1817 437 1856 r
454 1796 528 1860 Ibid.
542 1801 592 1860 20.

571 1990 647 2071 pv.

407 2141 449 2202 De
464 2139 662 2204 Conciliorrrm
683 2141 817 2204 decretis.

164 2327 216 2384 Π.
239 2321 372 2383 Concilio
392 2327 463 2382 sunt
478 2328 566 2382 cetus
584 2323 760 2382 auctoritate
780 2320 913 2402 lepitimd
931 2324 1099 2402 conprapeti

125 2411 166 2474 od
184 2409 336 2472 tractanda
350 2409 467 2490 repotia
480 2409 687 2484 eeclesiastico,
706 2410 859 2491 dequibus
875 2407 1015 2490 Episcopi
1032 2429 1100 2492 pro-

125 2499 275 2560 nuntient.
292 2499 401 2574 Bouix,
418 2497 537 2562 Concile
545 2497 725 2580 provincial,
742 2517 811 2580 pag.
828 2502 877 2560 bl.

166 2588 401 2650 controvertitur
414 2605 453 2649 an
471 2587 603 2648 Concilio
624 2587 685 2648 sint
705 2587 896 2648 institutionis
914 2586 1044 2665 divinae,
1060 2591 1096 2652 V.

124 2677 214 2740 Card.
230 2681 367 2738 Gousset.
384 2675 537 2758 (Eupoait.
552 2675 600 2736 des
608 2677 757 2758 principes
771 2675 812 2736 du
827 2675 907 2736 droit
919 2678 1094 2758 cancrique,

124 2787 155 2849 p.
182 2769 264 2842 tra.)
284 2765 336 2846 qui
359 2764 592 2846 probabiliorem
614 2771 730 2846 reputat
749 2765 928 2826 sententiam
949 2765 1099 2828 affirman-

124 2863 185 2917 tem
203 2875 211 2914 :
229 2873 290 2914 non
310 2852 378 2914 ideo
395 2861 497 2914 tamen
513 2853 646 2915 Concilio
666 2855 852 2916 aecumenica
872 2853 1011 2916 habenda
1029 2861 1099 2918 sunt

123 2951 158 3006 ut
176 2941 313 3004 absolute
333 2941 475 3003 Ecclesia
496 2941 686 3018 necessaria,
707 2941 761 3004 sed
782 2940 927 3004 duntaxat
949 2951 1020 3006 sunt
1041 2943 1098 3026 ipsi

124 3033 229 3108 utilia,
244 3029 350 3092 saltem
364 3029 528 3092 ordinarie.

163 3124 215 3181 78.
239 3118 300 3180 Soli
315 3118 454 3200 Episcopi
469 3120 501 3180 in
516 3118 652 3182 conciliis
664 3137 770 3180 vocem
784 3118 945 3184 decisivam
960 3141 1012 3186 seu
1027 3123 1099 3188 dell-

124 3209 249 3271 nltivam
263 3205 406 3268 exolllcio
416 3207 541 3284 namne
558 3207 636 3270 banc
650 3216 748 3270 autem
762 3225 799 3270 ex
813 3209 969 3292 privilegio
981 3216 1097 3278 tantum

124 3295 1100 3381 babentCardinalesnonEpiscopi,autllbbatesaliaequeDigni-

123 3395 200 3449 tates
214 3385 248 3446 in
268 3384 405 3551 coppglpis
418 3385 618 3466 generalibus.
634 3383 733 3464 (Card.
749 3387 887 3461 Gousset,
902 3388 1096 3471 Eupositr'ua,

125 3484 197 3553 ete,
214 3492 286 3556 pag.
374 3517 382 3534 .

165 3565 256 3626 circs
269 3558 352 3643 quod
368 3577 431 3624 non
444 3568 489 3624 est
501 3563 754 3644 praetermittenda
764 3579 895 3644 sequens
908 3561 1100 3642 propositiol

128 3647 798 3730 elovltnltutttlueurenpatarinorum·
810 3648 919 3724 tim.
937 3646 1100 3708 incutitur

946 3747 982 3814 Ι*
