2588 3994
22 3677 56 3718 k

201 227 259 288 134
418 245 554 290 uenuste
575 241 676 290 rorrus
697 241 779 288 roais
803 239 953 286 canonici.

237 363 253 400 u
278 345 371 406 XXV.
387 344 470 406 liora
485 363 538 406 sua
552 343 675 407 cuilibet
688 347 733 404 est
747 341 862 404 nociva.

239 453 254 489 o
279 433 386 494 XXVI.
402 433 445 495 Ea
459 451 528 515 quae
543 431 618 496 fiunt
633 434 650 494 b
662 431 783 512 iudice,
799 429 824 492 si
838 429 951 510 adeius
965 447 1027 492 non
1041 435 1175 514 spectant

198 542 213 578 n
238 519 390 598 officium,
405 521 518 585 viribus
533 540 594 583 non
609 521 785 584 subsistunt.

237 631 252 668 n
277 612 396 672 XXVll.
414 609 525 674 Solenti
545 617 574 672 et
587 607 786 674 consentienti
805 624 868 670 non
886 605 1061 688 titiniano,
1076 626 1175 691 neque

202 721 217 758 a
242 697 340 761 dolus.

237 809 252 846 o
277 790 410 850 XXVIII.
426 791 500 860 Quae
513 791 530 851 l
542 790 609 869 J'ure
620 786 776 851 communi
787 785 970 864 exorbitant,
982 803 1173 868 nequaquam

198 897 213 936 n
238 877 275 940 ad
289 879 538 960 consequenIIam
553 884 622 941 sunt
636 875 793 940 trahenda.

237 988 252 1025 o
276 969 381 1029 XXIX.
398 966 485 1039 Quod
498 985 605 1030 omnes
618 967 731 1048 tangit,
746 965 836 1030 debet
848 964 887 1028 ab
900 965 1043 1030 omnibus
1061 984 1172 1049 appro-

197 1075 213 1115 υ
240 1054 317 1118 bari.

236 1165 252 1203 r
276 1147 369 1208 XXX.
384 1147 419 1207 ln
433 1144 570 1208 obscuris
584 1144 746 1208 minImum
760 1150 805 1208 est
815 1144 1017 1226 sequendum.

237 1255 252 1294 n
276 1235 383 1298 XXXI.
404 1235 484 1297 Eum
503 1235 556 1318 qui
580 1242 680 1299 certus
700 1239 764 1313 est,
789 1234 943 1298 certiorari
961 1234 1087 1299 ulterius
1111 1253 1170 1302 non

200 1345 217 1384 o
240 1331 368 1406 oportet.

236 1437 252 1472 n
277 1417 394 1478 XXXII.
411 1418 478 1478 Non
490 1415 559 1478 licet
574 1415 673 1478 Actori
684 1413 782 1496 ‚quod
791 1415 854 1475 Reo
864 1412 979 1476 licitum
990 1431 1052 1476 non
1062 1413 1169 1476 existit.

236 1525 252 1563 a
278 1506 409 1566 XXXIII.
426 1507 541 1568 Mutare
555 1505 716 1567 consilium
730 1504 798 1586 quis
813 1519 875 1564 non
889 1509 985 1585 potest
1005 1502 1037 1565 in
1051 1502 1172 1567 alterius

196 1615 213 1654 r
238 1592 464 1657 detrImentum.

235 1704 251 1742 a
276 1684 407 1745 XXXIV.
428 1682 536 1745 Generi
552 1701 607 1765 per
626 1683 758 1766 speciem
771 1682 942 1764 deropatur.
957 1704 973 1742 r>
991 1683 1038 1756 (V.
1061 1701 1091 1765 g.
1115 1685 1169 1746 cll

196 1772 334 1853 principe
347 1773 497 1834 emanavit
509 1771 610 1853 aliqua
630 1771 677 1834 lex
696 1789 750 1854 per
769 1791 861 1854 quam
877 1771 1055 1852 generaliter
1072 1772 1170 1854 impo-

198 1861 279 1923 nitur
288 1879 378 1942 poena
391 1860 645 1924 omnibuscontra
656 1859 833 1924 iacientibus
843 1861 905 1937 ‚vel
914 1859 1170 1926 contrafacientes

196 1950 364 2032 puniantur
377 1948 415 2012 ad
425 1949 581 2013 arbitrium
589 1950 912 2032 iudicis3aliquisfacit
924 1956 1027 2013 contra
1038 1949 1168 2033 aliquam
1292 1965 1293 1972 ¹

196 2037 295 2120 legem
309 2039 465 2120 antiquam
487 2059 555 2121 quae
577 2040 705 2122 imponit
727 2039 888 2121 specialem
911 2057 1051 2122 poenam:
1067 2047 1168 2102 utrum

196 2125 246 2190 illa
261 2147 339 2190 nova
352 2145 459 2210 poena,
475 2147 543 2210 quae
563 2128 728 2211 imponitur
742 2147 796 2210 per
810 2129 908 2210 legem
923 2147 1047 2206 novam,
1063 2135 1169 2192 exten-

195 2216 283 2280 datur
295 2217 333 2280 ad
348 2219 444 2298 legam
467 2218 644 2299 antiquam,
659 2237 728 2300 quae
746 2217 835 2280 habet
849 2217 1009 2301 specialem
1023 2219 1168 2301 poeoaml
1291 2223 1292 2230 ’

194 2307 403 2389 Respondotur
423 2307 506 2388 quod
527 2326 607 2370 non:
632 2307 787 2390 quinquis
804 2307 917 2389 duplici
936 2311 1026 2390 poena
1043 2309 1167 2390 punire·

195 2401 254 2460 tur.
272 2420 288 2457 n
305 2400 348 2460 lta
362 2395 490 2475 Glossa.)

239 2509 254 2546 o
274 2487 391 2549 XXXV.
409 2485 480 2547 Plus
502 2505 622 2568 semper
640 2487 673 2548 in
696 2505 728 2549 se
742 2487 877 2549 continet
896 2485 978 2570 quod
993 2493 1039 2550 est
1052 2487 1163 2551 minus.

234 2597 249 2634 o
276 2577 407 2638 XXXVI.
432 2577 491 2638 Pro
506 2593 677 2658 possessore
690 2575 827 2655 habetur,
842 2577 895 2659 qui
913 2576 983 2640 dolo
996 2575 1084 2640 desiit
1097 2596 1167 2660 pos-

194 2685 210 2728 »
235 2664 343 2727 sidere.

233 2775 248 2812 a
272 2757 414 2818 XXXVll.
434 2754 511 2820 Utile
526 2773 587 2817 non
602 2755 692 2820 debet
704 2773 759 2838 per
773 2756 878 2819 inutile
892 2755 998 2819 vitiari.

233 2864 248 2902 o
273 2845 430 2906 XXXVIII.
456 2846 499 2906 Ex
522 2861 559 2907 eo
582 2863 644 2908 non
667 2844 756 2908 debet
775 2847 843 2927 quis
866 2845 996 2908 Iruotum
1020 2846 1165 2929 consequi

193 2953 208 2994 a
234 2931 316 3014 quod
329 2932 412 2995 nisus
426 2934 536 2995 exstitit
550 2933 729 3017 impugnare
743 2935 789 3016 (V.
802 2935 959 3018 Glossam).

232 3043 247 3079 r
272 3021 405 3084 XXXIX.
429 3023 504 3084 Clrm
528 3022 601 3104 quid
625 3024 815 3106 prohibetur,
840 3023 1037 3106 prohibentur
1063 3023 1164 3087 omnis

192 3129 208 3171 a
233 3129 301 3193 qnae
316 3118 483 3192 sequuntur
497 3129 534 3174 ex
548 3111 610 3175 illo.

232 3222 247 3259 n
272 3201 332 3263 XL.
348 3199 475 3262 Pluralis
489 3199 599 3264 locutio
609 3200 739 3264 duorum
755 3221 882 3265 numero
896 3207 940 3265 est
953 3207 1103 3266 contenta.

232 3312 247 3348 o
272 3291 344 3352 XLI.
362 3290 505 3372 Imputari
525 3309 587 3352 non
610 3290 699 3354 debet
718 3291 762 3366 ei,
777 3311 831 3374 per
849 3311 942 3374 quem
964 3311 1026 3354 noo
1043 3299 1118 3370 stat,
1139 3294 1164 3357 si

192 3401 207 3440 n
234 3397 293 3442 non
303 3377 392 3442 faciat
404 3379 485 3462 quod
500 3398 553 3460 per
567 3399 638 3444 eum
649 3379 745 3443 luerat
758 3381 941 3444 laciendum.

231 3492 247 3528 u
271 3469 357 3532 XLII.
381 3469 589 3532 Accessorium
617 3477 754 3532 naturam
781 3469 866 3552 sequi
891 3469 1031 3552 congruit
1051 3469 1165 3554 princi·

193 3579 207 3619 n
232 3559 318 3641 palis.

230 3669 246 3709 n
270 3649 370 3712 XLIII.
387 3648 444 3722 Qui
458 3653 535 3712 tacet
543 3649 713 3712 consentire
726 3648 854 3714 videtur.
