2546 3992
488 233 573 290 trusa
595 236 712 288 narnus.
1029 215 1089 286 aba

116 352 131 404 t
155 361 212 407 nec
225 333 316 404 etiam
330 342 448 404 ratione
461 341 680 422 persecutionis
689 358 742 403 seu
756 339 940 403 defensionis
949 357 1092 422 quarum·

117 454 132 491 a
156 449 288 512 cumque
302 429 400 492 litium
411 447 464 491 scu
473 429 762 502 controversiarum
775 429 820 491 vel
834 429 959 491 ineundi
973 428 1093 491 Ioedcris

117 543 131 578 n
155 525 208 584 aut
221 520 441 600 cujuscumque
454 517 576 580 alterius
593 517 705 600 negotIi
720 518 810 580 etiam
825 517 1030 597 gravissimi...
1047 516 1106 580 voi

118 633 131 668 a
155 608 303 670 distantias
316 607 473 685 locorum,
489 612 542 669 aut
554 605 704 668 brevitatis
713 607 858 688 temporis
871 606 912 668 ob
925 623 1016 687 quam
1030 624 1091 667 non

118 720 133 757 n
159 697 293 759 videatur
321 694 521 777 exspectanda
547 693 835 778 sedisapostolicae
859 694 981 756 licentia
1008 701 1092 756 ante-

119 810 133 846 a
157 804 288 868 qnam...
316 784 492 861 discedant3
517 789 569 847 aut
591 783 708 846 ratione
728 785 949 866 cujuscumque
971 781 1094 845 atterius

120 897 134 934 n
158 893 257 938 causae
270 873 362 938 etiam
377 873 530 954 publicae..
546 873 637 935 etiam
651 872 812 952 cujuslibet
821 871 966 948 utilitatis,
978 871 1094 934 sirene·

120 985 135 1024 a
158 963 303 1027 cessitaIIs
314 963 517 1026 EcclcsIarum
531 967 562 1024 et
574 979 785 1043 personarum.
801 983 817 1020 n

159 1056 191 1114 9ο
214 1051 326 1114 Abesse
333 1050 535 1134 possuntstnc
548 1049 668 1112 licentib
679 1050 851 1112 cardinales
861 1056 905 1125 ut,
916 1051 1093 1133 Sechpos

120 1140 208 1202 toIch
218 1147 354 1217 vacante,
368 1139 407 1201 ad
420 1138 521 1201 Iocum
535 1137 691 1200 Conclavis
702 1139 857 1202 accedant.
866 1139 1007 1203 Urbanus
1017 1143 1092 1215 VIII,

122 1228 176 1304 it,
191 1227 209 1307 ξ
223 1231 272 1290 13.

161 1319 230 1378 891.
254 1317 377 1389 Quaerit.
402 1319 435 1378 3⁰
456 1319 504 1378 Αη
526 1318 543 1378 a
565 1315 726 1378 residentia
749 1321 906 1380 excusetur
928 1316 1097 1398 Episcopus

122 1411 244 1487 propter
257 1404 426 1487 periculum
440 1403 652 1468 contrahendae
666 1404 782 1485 pestis?

161 1495 251 1576 Resp.
272 1515 287 1554 o
300 1493 432 1556 Dubium
446 1493 524 1567 boc,
545 1492 643 1575 iuquit
658 1491 769 1555 Bened.
786 1493 852 1556 XIV
867 1493 922 1570 (Dc
935 1491 1026 1576 Syra,
1041 1493 1094 1556 lib.

123 1606 137 1642 a
164 1585 222 1660 13,
237 1600 304 1664 cap.
321 1585 375 1660 19,
397 1587 432 1644 ηο
444 1584 493 1662 9),
508 1581 547 1645 ad
561 1583 683 1644 Sacram
697 1583 845 1663 congreg.
862 1582 974 1645 Concil.
991 1582 1097 1646 detulit

123 1696 137 1730 a
162 1672 204 1750 (S.
222 1671 344 1734 Carolus
358 1672 608 1752 Roranam)...
625 1673 814 1752 Responsum
829 1676 930 1733 autem
944 1669 1001 1733 fuit
1021 1674 1098 1734 resi-

123 1783 137 1818 n
162 1759 252 1822 dendi
267 1759 481 1841 obligationem
490 1761 536 1823 vel
547 1766 621 1823 tunc
634 1759 749 1841 vigere,
765 1761 860 1842 etque
876 1760 1019 1842 astringi,
1035 1779 1097 1823 non

123 1872 138 1907 a
164 1848 255 1912 modo
270 1849 434 1930 parochos,
461 1849 514 1912 sed
533 1856 564 1911 et
580 1849 795 1932 Episcopus...;
812 1848 923 1931 quibus
941 1849 1098 1912 Pontifioia

123 1959 138 1997 n
163 1955 285 2018 quoquc
299 1937 433 2018 Gregorii
443 1939 507 2000 XIII
521 1939 647 2000 accessit
656 1937 867 2019 approbatio.»
882 1939 1097 2000 Potesttamen

123 2027 290 2107 Episcopus
309 2025 342 2086 in
363 2026 437 2088 Iocis
450 2025 610 2087 tutioribus
630 2043 767 2100 manere,
793 2024 906 2088 atinde
928 2026 1095 2107 providere.

122 2117 165 2176 Ito
181 2113 261 2176 idem
284 2114 408 2194 Gregor.
428 2115 512 2188 XIII,
534 2115 571 2174 I8
591 2120 667 2194 sept.
687 2115 785 2189 1576,
806 2113 888 2195 apud
901 2115 1051 2193 Ferreus,
1067 2124 1097 2178 ν’

128 2203 307 2284 Episcopus,
323 2208 378 2262 art.
395 2203 432 2276 3,
448 2208 481 2261 n⁰
497 2203 545 2276 12.

163 2293 233 2352 899.
256 2291 323 2350 Νοη
342 2287 458 2350 videtur
471 2293 573 2350 mmen
587 2289 669 2369 quod
682 2297 757 2352 tunc
770 2289 938 2371 Episcopus
951 2292 1096 2372 astringa-

124 2385 174 2441 tur
199 2377 236 2440 ad
264 2385 484 2441 sacramentum
511 2375 753 2441 Confirmationis
779 2385 861 2460 peste
893 2377 1097 2443 laborantibus

124 2465 396 2532 administrandum
406 2467 496 2548 ·,quia
510 2465 704 2530 Confirmatio
718 2473 835 2529 nonest
848 2467 982 2529 absolute
997 2486 1098 2530 neces·

123 2556 201 2618 saria
222 2555 260 2618 ad
282 2555 426 2628 satutem3
452 2571 509 2617 nec
528 2555 618 2616 etiarn
642 2555 723 2635 quod
739 2563 810 2618 tune
833 2561 968 2617 teneatur
982 2555 1097 2620 eisdem

123 2643 263 2726 baptismi
278 2649 309 2705 et
317 2644 500 2726 poenitcntiae
509 2651 695 2706 sacramenta
708 2644 893 2726 dispensare,
904 2643 960 2706 nisi
974 2645 1097 2726 quando

125 2751 217 2795 nemo
235 2733 312 2794 alins
333 2731 449 2794 adesset
463 2731 515 2814 qui
529 2731 558 2794 id
573 2739 716 2813 praestare
736 2740 836 2814 posset
858 2755 865 2792 ι
886 2731 958 2815 quia
975 2733 1097 2798 illorum

124 2821 308 2904 dispensatio
322 2829 367 2883 est
387 2821 586 2902 parochorum
600 2839 679 2883 onus
695 2824 852 2904 proprium
866 2821 989 2900 (Rened.
1009 2825 1093 2901 XIV,

125 2909 180 2986 ib,
211 2912 246 2971 n⁰
273 2910 327 2988 6.).
351 2908 553 2972 Laudabititer
578 2915 679 2971 autem
707 2915 798 2990 agent
818 2910 958 2993 Episcopi
981 2911 1014 2974 in
1039 2910 1097 2976 boo

125 2999 157 3061 S.
174 2999 270 3060 Caroli
283 2998 406 3080 vestigia
419 3004 597 3080 sequentes,
617 2998 670 3078 qui
683 2998 824 3080 praedicta
837 3005 1023 3062 sacramenta
1034 3001 1097 3065 imo

124 3091 156 3148 et
173 3087 312 3150 viaticum
331 3093 361 3149 et
381 3086 736 3148 extremam-unctionem
750 3087 895 3169 pestiferis
909 3089 1096 3153 ministrabat

136 3175 250 3252 Bouix,
269 3175 314 3238 De
327 3175 492 3258 Episcopo,
507 3181 530 3237 t.
546 3179 583 3250 2,
598 3194 629 3256 p.
647 3176 706 3256 17).

165 3269 234 3328 893.
248 3265 496 3337 Quaerittaintra
506 3262 659 3344 quodnam
668 3265 813 3347 temporis
819 3267 1094 3351 spatiumEpiscopi

14 3353 15 3392 ³
125 3360 263 3416 recenter
277 3352 407 3434 promoti
421 3351 550 3415 debcant
564 3351 601 3414 ad
615 3369 701 3415 suam
716 3354 824 3418 Sedem
840 3375 872 3418 se
885 3356 1042 3419 conferre?

168 3445 256 3524 Resp.
272 3443 332 3503 Eos
345 3441 398 3522 qui
413 3447 530 3502 exstant
543 3441 623 3522 apud
633 3443 799 3505 Romanam
814 3444 945 3521 Curiam,
960 3445 996 3506 ad
1007 3463 1093 3508 suam

126 3531 236 3594 Sedem
250 3549 283 3592 se
296 3529 433 3593 conterre
446 3528 556 3592 debere
566 3529 643 3592 intra
656 3549 791 3594 mensem
805 3535 823 3593 a
836 3533 885 3596 die
898 3551 960 3596 suae
975 3551 1094 3613 promo·

128 3619 235 3696 tionis3
251 3635 304 3681 cos
323 3619 394 3682 verb
411 3619 464 3700 qui
478 3623 560 3682 extra
580 3621 707 3681 Romam
728 3627 757 3682 et
771 3621 848 3682 infra
861 3621 992 3696 ItaIIam,
1015 3621 1092 3684 intra

907 3723 973 3781 Μ’*
