2574 3994
176 297 234 359 abt
401 310 537 354 uersuum
558 309 659 353 roaros
679 309 761 354 runis
781 303 927 352 canonici.

21 391 22 398 ἵ
119 427 122 432 ·
178 425 264 491 posse
277 406 394 470 videtur
408 407 443 466 ed
464 403 545 485 qudd
560 422 622 465 non
644 421 763 485 semper
784 409 901 464 constet
914 399 996 482 qudd
1017 397 1151 460 titulares

177 497 208 558 in
222 494 395 575 hujusmodi
410 493 482 555 locis
497 512 558 554 non
572 494 703 574 possint,
719 493 780 556 sive
794 511 830 554 ex
845 489 993 572 stipendio
1007 491 1025 549 a
1039 487 1152 548 Guber-

177 585 228 648 nio
239 583 368 666 praestito
378 583 438 644 siue
446 600 482 644 ex
490 582 554 644 aliis
566 581 757 664 proventibus
766 581 897 661 aliquam
907 577 1148 652 domumlocare;

176 673 228 736 sod
244 673 314 754 quia
328 691 364 733 ex
376 671 434 733 boc
447 671 517 732 oriri
527 678 650 752 possent
662 669 850 732 difficultates
864 687 919 750 pro
934 665 1065 748 generali
1079 664 1152 726 dioe-

176 762 253 824 cesis
267 760 413 842 regiruine
428 768 549 843 propter
565 778 641 841 quas
655 779 717 822 non
731 757 886 840 expediat,
907 775 961 838 pro
979 762 1061 818 certo
1075 761 1151 816 tem-

177 869 250 932 pore
264 857 298 912 ut
314 848 478 929 Episcopus
496 849 647 930 permittat
659 847 797 930 parochis
811 845 941 909 residere
956 844 988 906 in
1003 842 1152 925 parochiis

178 958 241 1000 non
259 937 437 1000 habentibus
457 937 565 999 domus
583 937 800 1019 presbyterales
814 941 844 997 et
866 951 928 996 non
951 932 1092 994 dantibus
1104 931 1152 998 in<

177 1027 373 1090 demnitatenr
388 1025 418 1086 in
429 1025 487 1088 boc
499 1044 572 1088 casu
586 1027 811 1108 praescriptam,
827 1023 900 1085 nibil
913 1022 1028 1084 videtur
1037 1020 1153 1101 sapien·

179 1117 257 1190 tius,
286 1115 317 1176 in
344 1114 396 1176 tali
422 1114 534 1192 dubio,
564 1119 656 1197 qubm
679 1120 774 1176 totum
802 1113 958 1193 negotium
981 1109 1153 1190 relinquere

180 1203 347 1287 prudentiae
362 1203 508 1265 Ordinarii
520 1205 573 1286 qui
587 1211 689 1266 umen
698 1201 789 1264 debet
802 1201 984 1264 sufficienter
997 1196 1153 1281 providere

180 1299 214 1354 ut
228 1293 305 1355 bene
328 1291 380 1354 ssat
393 1293 546 1354 servitium
569 1291 742 1372 hujusmodi
763 1289 973 1373 parochiarum
996 1291 1078 1349 elul
1098 1303 1153 1366 pro

179 1398 284 1444 earum
296 1380 402 1443 incolis
415 1381 593 1462 applicetur,
608 1381 715 1443 diebus
729 1378 888 1441 dominicis
903 1386 932 1439 et
945 1375 1037 1452 lestis,
1054 1374 1154 1436 missae

179 1469 371 1532 sacrificium.
387 1469 463 1531 Vide
476 1477 579 1532 tamen
593 1469 721 1532 dicenda
734 1467 812 1530 inlra
827 1466 929 1548 (ltro
938 1465 964 1547 ).

628 1631 646 1710 ξ
665 1632 703 1692 ll.

185 1767 227 1829 ne
246 1767 431 1831 inclinatione
450 1769 587 1831 amico
607 1767 868 1850 promovendorum
885 1765 926 1828 ad
943 1764 1045 1848 efficia
1058 1764 1154 1828 eccle·

603 1866 734 1927 siastiea.

661 2017 681 2074 l.

377 2145 413 2188 D!
432 2145 621 2191 lllS'l'l'l'll'l'lOllE
640 2147 775 2190 canonica
793 2147 822 2191 tlt
840 2145 960 2194 GENER.
1074 2195 1078 2199 ,

222 2259 291 2318 370.
315 2257 437 2330 Quaerit.
455 2262 485 2319 l⁰
500 2257 576 2330 Ouid
590 2258 772 2338 intelligatur
785 2277 838 2339 per
853 2259 1097 2322 institutionem?

224 2341 311 2428 Resp.
328 2345 462 2409 Verbum
477 2347 627 2408 institutio
643 2345 755 2428 duplici
770 2365 860 2409 sensu
875 2347 1038 2428 accipitur:
1053 2347 1154 2410 stricti

171 2423 211 2493 'et
225 2434 286 2494 loti
308 2453 320 2495 :
342 2435 446 2496 stricto
460 2454 551 2497 sensu
575 2435 704 2497 sumitur
725 2453 780 2517 pro
803 2436 999 2498 concessione
1017 2435 1155 2500 beneficii

182 2521 259 2584 lacta
281 2542 335 2604 per
348 2523 517 2604 legitimum
540 2524 747 2606 superiorem,
763 2521 802 2585 ad
824 2526 1087 2605 praesentationem
1106 2547 1151 2610 pa·

182 2611 272 2673 troni.
283 2612 358 2674 Lato
370 2629 460 2674 sensu
470 2618 516 2674 est
524 2613 679 2675 concessio
688 2614 907 2694 cujuscumque
920 2613 1008 2676 officii
1019 2633 1071 2696 per
1086 2617 1151 2696 legi·

181 2700 289 2760 timum
321 2702 533 2782 superiorem,
567 2719 761 2784 quocumque
788 2702 923 2782 legitimo
956 2703 1047 2766 modo
1079 2703 1154 2769 lacta

183 2787 310 2866 (beloti,
327 2788 362 2851 de
379 2790 521 2859 Petronis.
537 2790 581 2852 tit.
598 2793 626 2860 5,
637 2797 710 2852 sect.
726 2795 757 2867 l,
771 2791 790 2870 ᾗ
803 2796 857 2868 47;
875 2791 1039 2867 Ηεὶίῖεηεῑ.,
1056 2793 1106 2856 lib.
1122 2797 1152 2870 3,

180 2874 226 2937 ut.
236 2881 265 2950 ¹1,
276 2881 342 2955 mu,
358 2879 446 2958 etc).
462 2879 527 2942 Hoc
536 2879 692 2962 posteriori
706 2879 1094 2945 sensuverbumlastitutio
1105 2882 1151 2948 bit

179 2981 357 3046 accipimus.

220 3055 290 3116 371.
313 3055 436 3128 Ouaerit.
451 3059 486 3118 2·
504 3057 552 3117 dn
565 3057 692 3120 omnind
710 3057 748 3118 sit
762 3057 930 3122 necessaria
944 3058 1089 3122 institutio
1102 3079 1148 3126 ca·

180 3142 290 3206 nonicu
302 3142 330 3206 ei
344 3143 397 3226 qui
411 3142 495 3207 obire
507 3143 573 3207 vult
584 3145 707 3226 aliquod
720 3144 854 3208 officium
868 3146 1127 3211 ecclesiasticum?

221 3233 310 3313 ltesp.
342 3231 525 3296 Affinnativb
558 3240 590 3296 et
624 3235 768 3315 probatur
803 3238 834 3296 l⁰
861 3252 898 3298 ex
928 3235 1027 3298 verbis
1049 3235 1157 3302 Christi

178 3323 388 3405 (loann.‚cap.
403 3326 449 3392 lu,
466 3341 496 3384 v.
513 3322 560 3404 ll:
576 3345 591 3381 a
605 3322 661 3394 Oui
676 3341 738 3385 non
752 3323 906 3405 intratper
917 3324 1028 3386 ostium
1038 3325 1069 3386 in
1079 3327 1152 3390 ovile

180 3431 195 3468 a
219 3409 336 3484 ovium,
356 3410 410 3472 sed
423 3409 557 3472 ascendit
570 3410 710 3487 aliunde,
729 3411 779 3473 ille
793 3409 841 3472 fur
860 3417 905 3473 est
927 3421 957 3474 et
970 3412 1055 3474 latro.
1071 3435 1087 3473 a
1105 3417 1154 3478 ln-

179 3504 257 3559 trure
271 3515 325 3578 per
337 3499 448 3560 ostium
463 3501 596 3561 estcertl
611 3499 721 3560 intrare
737 3517 791 3582 per
801 3499 964 3582 legitimam
979 3501 1155 3567 missionem

180 3585 363 3667 superioris,
378 3605 432 3648 seu
446 3605 500 3668 por
513 3586 733 3649 institutionem
746 3589 935 3651 canonicam.
950 3591 1049 3671 Ergo,
1065 3599 1123 3655 etc.

219 3675 294 3736 Item
308 3691 344 3734 ex
359 3671 456 3736 verbis
470 3673 500 3736 S.
528 3673 681 3748 Pauli(ad
705 3675 811 3752 flaba,
831 3679 957 3754 c.5,v.
976 3679 1037 3758 lla
1064 3683 1156 3745 «Nae
