2588 3994
182 277 187 283 .
211 213 270 285 ild
429 240 566 286 annuam
587 231 688 288 torres
707 231 791 288 roais
812 236 963 289 canonice.

250 339 363 402 Pariter
377 337 567 420 Capitulum,
592 338 663 402 sede
686 343 832 418 vacante,
847 345 945 422 potest
967 357 1021 422 per
1035 337 1194 403 Vioarium
1286 369 1287 384 ÷

210 422 363 490 dioecesim
386 446 508 507 regere,
532 427 660 509 proinde
684 427 927 509 jurisdictionem
954 429 1095 511 Episcopi
1122 429 1194 492 sind

210 525 359 580 caractere
373 516 535 599 episcopali
549 535 702 580 exercere.
723 520 801 599 Ergo
815 521 847 579 2·
864 565 873 596 ‚
888 523 946 581 etc.

249 607 330 687 Ergo
344 606 489 670 differunt
501 606 700 670 essentialiter
718 615 849 690 potestas
860 606 1078 687 jurisdictionis
1095 613 1125 670 et
1137 623 1195 690 po-

210 702 299 761 testas
318 696 457 773 ordinis,
478 702 508 759 el
529 698 547 758 a
567 714 600 759 se
622 696 753 760 invicem
774 704 845 760 sunt
867 695 1059 780 separabiles.
1089 717 1105 757 o
1131 695 1193 769 Oui

210 806 226 844 n
250 785 413 849 discrimen
433 785 508 850 illud
525 792 649 868 negant,
668 786 709 848 ait
726 787 763 849 D.
779 785 876 848 Bouix
891 785 989 866 (itit,
1005 792 1038 850 ut
1055 803 1139 868 supr.
1156 807 1190 868 p.

210 895 226 934 n
250 875 334 955 517),
357 881 502 958 tanquam
520 873 722 938 heterodoxiae
742 893 861 939 veneno
884 874 993 938 imbuti
1013 874 1103 958 plane
1122 875 1194 956 reji-

211 981 231 1026 ι
250 965 349 1028 ciendi
365 971 445 1028 sunt.
462 988 478 1025 n

250 1057 321 1117 256.
344 1057 384 1119 Ut
396 1054 496 1119 adhuc
516 1055 628 1119 claritis
645 1054 844 1137 perspiciatur
861 1053 1025 1118 discrimen
1044 1051 1126 1136 quod
1140 1053 1190 1115 in·

126 1159 134 1180 ·
210 1149 301 1206 terest
318 1144 396 1206 inter
410 1151 589 1227 potestatem
603 1143 719 1206 ordinis
739 1149 770 1206 ct
780 1143 1015 1224 jurisdictionis,
1030 1142 1191 1206 observem

211 1231 285 1296 dum
312 1239 357 1296 est
382 1234 465 1316 qubd
488 1234 593 1316 prior:
624 1237 656 1296 1⁰
681 1232 834 1296 confertur
859 1252 914 1316 per
936 1233 1159 1298 ordinationem
1179 1253 1188 1310 ;

211 1323 245 1384 2⁰
256 1323 381 1405 oequalis
393 1330 439 1386 est
451 1323 484 1386 in
499 1324 535 1386 iis
549 1325 600 1406 qui
616 1323 758 1386 eumdem
776 1322 916 1386 ordinem
931 1322 1057 1400 babent;
1074 1323 1104 1385 3·
1120 1341 1190 1404 per-

210 1421 301 1493 petue
314 1420 416 1476 manet
430 1412 461 1474 in
475 1412 609 1495 quolibet
623 1413 777 1488 ministr0;
794 1417 826 1478 l·
844 1411 976 1496 delegari
987 1410 1111 1495 precise
1126 1430 1190 1474 non

211 1508 319 1582 potest.
339 1503 417 1566 llum
432 1509 563 1586 potestas
572 1502 791 1582 jurisdictionis
805 1503 822 1564 e
836 1509 941 1566 contra
957 1521 965 1563 ε
982 1505 1013 1563 t⁰
1033 1504 1098 1564 Non
1113 1519 1190 1564 con·

211 1589 305 1654 fertur
316 1592 485 1656 necessario
495 1609 549 1674 per
558 1591 797 1668 ordinationem,
809 1591 872 1654 imd
883 1597 953 1654 ante
966 1591 1189 1656 ordinationem

211 1679 339 1743 obtineri
359 1687 475 1764 potest,
495 1681 548 1745 sed
566 1681 720 1744 confertur
738 1699 792 1764 per
811 1681 988 1744 missionem
1009 1680 1186 1762 legitimam.

210 1771 520 1852 2⁰1naequatisestin
541 1770 630 1832 variis
642 1770 784 1850 subjectis
804 1770 894 1833 etiam
915 1771 1052 1851 ejusdem
1072 1768 1189 1833 ordinis

211 1863 242 1918 et
254 1857 416 1940 dignitatis.
433 1863 465 1921 3ο
479 1860 547 1921 Non
566 1865 611 1921 est
629 1867 771 1941 perpetua
787 1859 839 1922 sed
853 1859 943 1922 variis
958 1859 1057 1922 modis
1076 1858 1187 1922 retrahi

210 1945 257 2008 rel
271 1947 334 2009 tolli
348 1954 455 2029 potest.
473 1953 504 2010 l⁰
522 1947 646 2030 Proprie
660 1955 757 2030 potest
770 1949 914 2030 delegari.

251 2035 317 2097 Dixi
339 2037 421 2118 qood
435 2044 565 2120 potestas
578 2037 694 2100 ordinis
711 2037 843 2120 delegari
859 2039 983 2120 praeoisb
997 2057 1059 2102 non
1072 2038 1185 2103 valeat:

211 2127 287 2187 Nam
308 2127 423 2190 etiamsi
438 2147 492 2210 per
506 2127 727 2210 delegationem
742 2147 794 2191 seu
810 2129 1057 2192 commissionem
1072 2130 1184 2212 possit,

210 2232 239 2276 r.
256 2235 286 2296 g.
300 2217 440 2280 sacerdos
453 2216 590 2280 conferre
604 2226 829 2280 sacramentum
844 2217 1107 2296 confirmationis,
1123 2235 1185 2282 non

211 2303 279 2368 ideo
294 2307 350 2388 ipsi
360 2307 483 2390 proprie
495 2307 650 2388 delegatur
664 2313 794 2388 potestas
807 2307 865 2370 hoc
875 2317 1097 2372 sacramentum
1110 2327 1184 2371 con-

211 2391 351 2474 ficiendi,
367 2395 418 2458 sed
433 2397 556 2478 ponitur
569 2395 703 2458 conditio
717 2414 771 2478 per
785 2415 877 2478 quom
892 2397 1031 2460 sacerdos
1046 2397 1078 2458 tit
1091 2415 1185 2480 capax

210 2483 435 2546 confirmandi:
457 2485 584 2567 simplex
605 2485 689 2548 enim
710 2493 844 2549 caracter
863 2487 1053 2550 sacerdotalis
1071 2487 1185 2572 indiget

210 2569 267 2634 bto
280 2573 495 2637 commissione
508 2581 542 2637 ut
555 2575 594 2638 sit
606 2573 759 2638 sufficiens
779 2574 818 2640 ad
838 2575 1065 2641 conficiendum
1078 2575 1184 2658 hujus-

210 2661 292 2723 modi
307 2671 541 2728 sacramentum.

659 2808 764 2892 sn,

239 2941 317 3022 Ouid
322 2942 445 3027 precise
458 2943 666 3030 complectatur
674 2953 804 3030 potestas
819 2945 940 3010 Ordinis
950 2993 961 3027 ,
971 2943 1044 3032 qnid
1054 2947 1144 3016 erton

505 3051 637 3126 potestas
642 3041 887 3126 jurisdictionis?

208 3191 321 3252 257.-
339 3187 515 3270 Proposttio.
527 3223 567 3236 -
583 3188 628 3252 ld
643 3194 819 3272 potestatem
833 3189 955 3254 Ordinis
968 3190 1125 3257 referenda
1138 3199 1180 3258 est

249 3275 391 3360 quaelibet
404 3275 584 3341 conficiendi
603 3278 649 3342 vel
667 3277 841 3342 conferendi
866 3289 1053 3346 sacramenta
1070 3291 1122 3346 aut
1138 3301 1178 3348 sa·

248 3367 443 3432 oramentalia
456 3374 586 3450 potestas
612 3387 706 3452 quam
729 3367 863 3433 Christus
876 3369 922 3432 vel
939 3369 1070 3435 Ecclesia
1092 3371 1178 3437 alicui

249 3455 391 3521 ordinum
402 3457 508 3540 gradui
521 3457 663 3540 alligavit.

248 3565 324 3631 lllud
338 3568 421 3630 enim
435 3567 543 3631 meritd
555 3564 593 3631 ad
609 3571 783 3650 potestatem
796 3568 917 3633 Ordinis
930 3569 1125 3636 referendum
1137 3578 1179 3636 est

209 3657 290 3740 quod
304 3656 345 3721 ita
358 3657 512 3741 alligatum
525 3655 581 3722 suit
594 3655 689 3739 ipsius
701 3658 843 3722 exercitio
857 3664 891 3722 ut
903 3657 1000 3721 valide
1013 3659 1117 3724 saltem
1132 3707 1140 3742 ,
1154 3661 1177 3726 rt
1278 3701 1287 3795 t
