2506 3984
462 259 549 307 aman
567 257 685 306 antuus.
1004 236 1064 298 625

92 384 107 422 a
132 366 230 425 matur
244 355 429 431 coniunctim
448 356 486 420 ab
507 356 655 437 Episcopo
673 360 702 416 et
716 351 868 436 Capitula:
887 348 927 413 ab
945 347 996 412 illo
1010 349 1064 410 sci·

23 451 28 460 '
92 473 108 511 a
132 449 202 514 licet
224 455 369 530 tanquam
390 446 503 526 capite,
522 445 560 508 ab
581 445 637 506 isto
658 449 758 505 autern
780 449 925 523 tanquam
947 439 1064 520 reliquo

92 562 108 600 a
132 555 280 622 corpore3
305 535 505 599 ecclesiastica
529 533 739 614 jurisdictione
759 531 853 613 penes
874 535 972 592 totum
994 546 1061 590 eor·
1146 577 1149 585 l

92 651 108 688 a
132 647 190 710 pus
204 624 393 689 habitualiter
408 623 577 699 residente,
591 620 734 684 exercitio
753 626 853 682 autern
868 617 900 679 in
913 615 1065 698 plerisque

93 739 109 778 a
134 721 325 798 competente
345 712 445 796 capiti.
466 713 703 792 Consequenter,
722 707 839 772 delecto
859 705 977 787 capite,
998 705 1065 783 jura

93 829 108 866 a
133 802 398 878 consolidationis,
414 801 461 864 rel
479 819 516 864 cx
531 801 600 880 jure
623 816 685 861 non
698 795 912 872 decrescendi,
928 793 1065 856 universa

97 920 111 953 a
130 892 349 974 iurisdictio...,
364 898 426 954 tam
440 889 472 952 in
485 889 590 952 habitu
601 891 694 972 quam
710 888 742 949 in
758 885 916 961 exercitio,
931 889 1066 944 remanet

94 1007 109 1044 a
134 1000 228 1067 penes
241 980 411 1064 Capitulum
424 985 569 1061 tanquam
583 977 735 1059 reliquum
748 993 869 1059 corpus.
890 993 907 1034 a

475 1159 629 1218 Punctum
648 1158 690 1216 rt.

161 1300 218 1354 atto
237 1297 377 1346 nonanto
398 1297 437 1342 tlt
458 1297 623 1342 cartautuu
643 1293 800 1342 'umnam
818 1290 998 1339 tuatsotcuttt

482 1383 673 1431 uatsaoattts.

136 1518 225 1577 llll.
241 1547 281 1559 -
294 1517 326 1575 l⁰
344 1515 377 1574 ln
393 1529 463 1574 casu
478 1510 583 1572 mortis
597 1509 697 1571 statim
711 1526 746 1571 ac
759 1506 876 1570 decedit
888 1507 1065 1590 Episcopus,

95 1603 161 1683 ejus
171 1599 338 1682 jurisdictio
346 1599 384 1663 ad
393 1599 562 1681 Capitulum
572 1599 677 1660 transit
687 1645 695 1670 ,
706 1597 761 1660 etsi
774 1595 957 1678 Capitulares
969 1597 1068 1662 adhuc

95 1691 188 1772 ipsius
202 1697 329 1756 mortem
340 1690 495 1771 ignorent3
507 1687 629 1750 evidens
638 1694 739 1748 tamen
750 1691 795 1749 est
807 1684 889 1768 qudd
895 1685 1067 1767 Capitulum

97 1795 158 1840 non
181 1778 288 1840 debeat
315 1775 393 1840 hane
416 1775 655 1857 jurisdictionem
677 1792 838 1851 exercere,
860 1773 918 1837 nisi
940 1776 1065 1838 constitu

97 1865 234 1949 Episcopi
254 1865 393 1929 decessu:
410 1866 434 1928 si
448 1867 518 1928 vead
533 1873 605 1928 tune
618 1883 686 1927 eam
700 1869 867 1940 exerceret,
882 1863 1068 1947 culpabiliter

96 1953 220 2036 quidam
234 1963 349 2038 ageret.
375 1954 428 2017 sed
450 1955 584 2018 valerent
603 1954 698 2036 ipsius
718 1959 802 2031 acta,
818 1954 973 2035 supposito
986 1953 1068 2035 qudd

97 2044 212 2106 Praesul
226 2047 329 2108 reuera
341 2045 404 2123 jam
418 2043 551 2105 obiisset.

136 2136 170 2194 2⁰
189 2135 224 2194 ln
243 2151 315 2196 casu
329 2129 548 2204 translationis,
563 2129 712 2210 videque
728 2129 860 2192 diximus
873 2147 963 2212 supra
976 2131 1066 2211 (528).

136 2224 167 2281 3ο
188 2223 222 2281 ln
237 2239 308 2284 casu
321 2219 527 2302 depositionis,
544 2216 711 2297 iurisdictio
729 2217 835 2280 transit
848 2216 886 2278 ad
900 2219 1068 2300 Capitulum

97 2309 196 2374 statim
221 2327 257 2372 ac
282 2307 474 2392 pronuntiata
501 2306 556 2370 luit
582 2305 729 2368 sententia
759 2305 838 2368 hanc
872 2323 995 2388 posnam
1019 2309 1069 2370 in·

97 2397 215 2478 digens.

136 2492 168 2548 4⁰
190 2489 224 2549 In
238 2504 312 2550 casu
331 2486 453 2548 heresis
473 2486 608 2561 notoriae,
621 2483 788 2563 jurisdictio
800 2485 906 2546 transit
919 2483 1017 2546 statim
1034 2504 1070 2549 ac

98 2576 211 2659 prolata
225 2575 281 2639 luit
294 2575 442 2638 sententia
457 2573 638 2657 Episcopum
651 2572 808 2636 declarans
822 2572 1007 2636 haereticum.

136 2671 169 2727 5ο
189 2668 224 2727 ln
243 2683 315 2728 casu
337 2663 477 2746 Episcopi
499 2661 538 2724 ab
560 2661 707 2724 hereticis
719 2662 766 2725 vel
780 2662 905 2744 paganis
919 2662 996 2744 eapti
1019 2671 1070 2727 aut

88 2753 155 2816 -alio
169 2751 261 2816 modo
274 2752 405 2828 detenti,
420 2751 460 2814 ita
473 2757 508 2814 ut
533 2769 591 2813 nec
613 2769 666 2833 per
689 2752 823 2833 scipsum
847 2768 904 2814 neo
923 2769 977 2834 per
999 2771 1070 2816 suos

98 2842 230 2904 Viccrios
254 2841 349 2904 valeat
370 2839 523 2904 diaecesim
548 2839 771 2918 administrare,
784 2838 952 2920 jurisdictio
965 2843 1070 2904 transit

97 2930 134 2992 ad
148 2929 318 3012 Capitulum
331 2931 430 2992 statim
444 2947 481 2992 ac
494 2928 642 3012 incipiunt
654 2928 826 3009 hujusmodl
841 2929 1067 3012 impedimenta.

97 3022 130 3081 In
145 3019 388 3102 omnibussupra
400 3021 584 3081 enumeratis
593 3018 712 3082 casibus
722 3036 783 3081 non
797 3017 886 3080 debet
899 3019 1069 3101 Capitulum

97 3107 386 3170 administrationem
400 3105 537 3171 dioecesis
550 3123 685 3181 sumere,
696 3107 752 3168 nisi
761 3125 798 3170 eo
810 3106 1001 3190 instantique
1014 3109 1068 3191 ipsi

98 3196 258 3259 innotescit
278 3196 403 3260 cessatio
425 3194 641 3276 jurisdictionis
653 3195 845 3278 episcopalis,
860 3202 890 3258 et
907 3205 975 3259 octo
992 3197 1067 3276 dies,

95 3285 232 3369 Capitulo
254 3283 314 3346 dati
333 3285 370 3348 ad
384 3283 592 3367 deputandum
609 3283 758 3348 vicarium
775 3285 985 3368 Capitularem
1008 3305 1069 3350 non

98 3373 244 3456 incipiunt
252 3391 373 3437 currere
381 3371 855 3454 nisiadieilliuscoguitionis.V.
865 3373 979 3438 Bencd.
990 3377 1069 3455 xlv,

99 3463 143 3525 De
155 3461 245 3544 Syn..
257 3461 311 3524 lib.
329 3465 362 3533 Ξ,
378 3481 445 3546 cap.
456 3465 493 3540 a,
508 3471 542 3524 n⁰
556 3465 586 3526 2.

139 3555 228 3614 taut.
251 3553 286 3614 ln
301 3551 406 3630 Gallia,
420 3551 526 3614 electio
540 3551 728 3616 vicariorum
748 3551 962 3634 capitularium
981 3553 1071 3616 aflu-

100 3642 204 3704 oernio
212 3647 259 3704 est
271 3640 516 3724 recognoscenda
523 3659 579 3724 pro
588 3641 745 3704 effectibus
753 3641 903 3726 ciuilibus:
912 3641 962 3722 jus
969 3649 1070 3705 umen
