2570 4006
499 263 588 311 menn
607 261 723 312 ιιιιιιιιε,
1042 233 1101 308 tit

126 382 141 418 ιι
166 360 190 422 si
202 360 266 440 jam
280 359 334 421 luit
347 363 550 430 consecratus,
567 364 703 420 cessante
714 358 796 436 justo
809 355 1037 437 impedimento,
1048 375 1102 440 per

126 471 140 506 ιι
166 467 199 510 se
216 449 262 510 vel
277 453 502 530 procuratorem
516 453 618 529 petere
641 446 791 524 Pallium;
806 446 918 508 eliis...
939 445 1102 510 commisse

125 559 140 594 ιι
164 537 219 598 sibi
234 543 316 599 cerci
330 537 480 618 Dignitete
495 553 504 598 ι
519 555 587 598 con.
605 535 750 612 Quoniam
764 538 796 605 l,
810 534 877 596 dist.
891 537 988 598 100...
1006 534 1101 597 Hodie

125 627 235 687 »vero
248 625 443 702 exTrldent„
458 629 584 695 sess..'l
599 643 667 707 cop.
692 629 731 698 0,
747 623 796 687 elii
811 631 872 686 tres
886 641 1007 686 menses
1024 623 1100 686 dun·

124 737 139 771 ι
167 719 214 776 tur
227 714 264 776 ed
272 713 432 796 petendam
441 714 714 776 consecrationem
707 731 779 794 qur
772 713 877 774 ettam
887 711 926 774 nd
937 711 1096 794 petendum

125 825 140 860 ιι
165 800 290 865 Pettium
308 811 529 885 consequenter
548 803 613 864 dnri
632 809 804 866 censentur.
821 823 836 860 ι
862 801 1021 919 (Ferraria.
1044 801 1085 864 io.

126 889 220 954 ι’·ιι
234 891 338 972 erre.)

164 981 422 1053 memerito
449 985 471 1043 ll
495 981 679 1062 quibusnam
693 981 799 1042 debent
819 998 852 1044 se
872 979 1023 1044 abstinere
1047 982 1103 1042 Ar·

125 1067 335 1151 chlepisoopus
348 1077 418 1132 ante
428 1070 514 1132 Pallii
529 1071 734 1151 receptionem
747 1070 763 1131 'l

164 1159 255 1239 Resp.
273 1161 351 1219 Ante
370 1159 574 1238 receptionem
594 1157 699 1235 Pallii,
717 1157 949 1240 Archiepiscopo
962 1159 1100 1241 quemvis

124 1247 162 1308 sit
181 1253 373 1308 consecratus
387 1245 419 1308 in
438 1247 622 1327 Episcopum
640 1245 687 1310 vel
708 1247 801 1328 possit
821 1249 989 1310 consecrari
1012 1249 1097 1330 (nep.

123 1333 325 1416 Suffroponet's
346 1337 395 1407 ll,
410 1334 444 1396 de
462 1335 647 1414 Electione),
667 1335 729 1396 imo
747 1335 862 1397 etiamsi
878 1337 1099 1416 possessionem

124 1442 186 1486 suae
200 1421 285 1486 Sedis
304 1421 417 1499 inierit,
437 1423 583 1486 nonlicet
600 1442 633 1486 se
657 1421 922 1506 Archiopisoopum
943 1425 1101 1488 nominare

123 1513 199 1594 (cop.
216 1511 288 1574 Nisi
307 1512 444 1594 specialis
461 1517 499 1590 3,
519 1511 555 1576 de
573 1521 685 1576 auctor.
708 1521 738 1576 et
755 1533 809 1574 usu
823 1511 948 1592 Pollio),
971 1531 1028 1578 nec
1047 1533 1100 1577 eos

124 1609 207 1664 actus
221 1619 362 1663 exercere
380 1601 432 1683 qui
448 1607 519 1664 sunt
528 1601 747 1682 jurisdictionis
761 1601 899 1683 majoris,
916 1621 972 1666 nec
985 1611 1055 1667 unte
1068 1623 1100 1668 se

124 1707 247 1752 crucem
257 1689 355 1754 lacere
368 1688 476 1752 deferri
490 1689 683 1774 :pontificale
693 1699 723 1755 et
735 1709 803 1775 cep.
823 1691 989 1768 Ouodsieut
1002 1697 1051 1770 28,
1065 1692 1100 1756 de

124 1778 248 1840 Eleos...
260 1778 311 1841 ubi
324 1778 433 1842 dicitur
449 1798 457 1841 ε
477 1782 655 1844 «Praeteree
668 1783 738 1844 cium
754 1801 816 1844 non
831 1781 918 1844 liceat
931 1781 1100 1864 Archiepie
1115 1863 1118 1868 Ι

124 1889 138 1924 ι
152 1885 230 1949 copo
238 1866 300 1928 nni
307 1867 409 1930 Pallio
419 1887 585 1933 convocare
593 1871 929 1945 Concilium‚conlicere
938 1869 1095 1933 chrisme»

124 1955 192 2033 (hoc
205 1961 307 2018 temen
325 1962 355 2019 et
368 1958 525 2040 sequentia
539 1959 665 2022 licerent
677 1959 807 2042 simplici
820 1960 971 2042 Episcopo
985 1961 1037 2042 qui
1049 1961 1100 2040 jus

124 2044 206 2106 Pallii
222 2043 361 2116 heberet,
376 2046 461 2124 iuxta
471 2048 585 2125 Bouix,
601 2047 646 2110 De
659 2049 816 2131 Episcopo,
831 2055 907 2110 tom.
924 2052 954 2124 l,
969 2067 1001 2130 p.
1017 2053 1097 2128 483),

127 2155 143 2192 ιι
163 2133 302 2196 dedicere
319 2133 478 2212 ecclesias,
496 2134 636 2198 ordinare
650 2135 792 2212 clericos,
807 2141 838 2198 et
850 2137 1015 2218 Episcopos
1028 2156 1100 2200 con-

123 2245 137 2280 ιι
163 2239 305 2284 secrare.
297 2241 304 2257 ·
322 2222 417 2284 multo
435 2221 570 2303 prolecto
588 2225 745 2306 proesumit
768 2223 837 2305 qui,
857 2231 1020 2304 antequem
1041 2225 1098 2287 im-

123 2334 139 2368 ι
163 2317 260 2392 potret
272 2310 419 2380 Pellium,
440 2309 566 2374 clericos
583 2311 724 2375 ordinere
743 2311 887 2375 festinat.
902 2313 974 2374 curn
989 2313 1019 2375 id
1037 2333 1098 2376 non

123 2421 138 2459 ι
164 2405 310 2480 tanquam
324 2398 453 2496 simplex
466 2399 652 2484 Episcopus,
667 2401 721 2464 sed
734 2407 882 2484 tanquam
897 2401 1100 2484 Archiepisco·

123 2510 139 2547 ι
163 2507 222 2569 pus
235 2487 334 2550 lacere
348 2479 494 2550 videntur.
506 2511 521 2547 ιι

164 2580 266 2640 Potest
280 2567 478 2640 nihilominus
489 2576 664 2659 hujusmodi
678 2580 920 2646 consecrationes
933 2586 1003 2642 unte
1015 2579 1099 2643 Pallii

123 2669 327 2748 receptionem
361 2665 444 2730 alteri
471 2669 685 2751 committere,
713 2667 882 2734 dummodo
914 2687 975 2730 non
1003 2668 1075 2732 sit
1067 2689 1098 2732 ιιι

123 2760 207 2819 morl
227 2753 348 2838 petendi
370 2755 499 2819 Pettium
517 2759 550 2838 (t
553 2718 721 2841 oritifimle).
736 2763 823 2837 Item,
839 2757 925 2839 juxte
944 2765 1099 2825 auctorem

124 2844 261 2910 Proelect.
278 2843 313 2907 S.
329 2843 462 2927 Sulpitii
477 2845 524 2927 (ιιο
539 2850 597 2908 tot
610 2894 618 2924 ,
632 2850 682 2926 111,
698 2850 730 2911 in
747 2848 835 2930 fine),
851 2847 1100 2930 Archiepisconus

124 2940 232 3016 potest,
241 2937 312 2996 ente
326 2940 483 3016 acceptum
498 2935 637 3007 Pettium,
653 2954 794 3001 exercere
807 2944 892 3002 ectus
901 2937 1014 3000 ordinis
1023 2957 1100 3020 quos

123 3023 292 3104 Episcopus
301 3040 445 3105 peregere
452 3023 529 3088 solet
541 3027 617 3089 stell
629 3028 749 3090 tentum
758 3026 893 3104 indutus,
904 3032 939 3090 ut
952 3033 996 3089 est
1010 3039 1101 3091 oene-

124 3109 226 3174 dioere
249 3109 357 3174 calices
378 3117 409 3174 et
428 3131 513 3176 secra
532 3123 716 3197 paramenta.
735 3151 769 3164 -
785 3117 861 3180 Note
874 3116 963 3178 etiem
978 3115 1060 3199 quod
1073 3117 1099 3180 si

125 3199 307 3278 functiones,
324 3201 380 3282 ipsi
394 3209 464 3264 unte
478 3211 636 3285 acceptum
652 3204 778 3268 Pellium
793 3205 977 3289 prohibitae,
993 3205 1100 3270 nihilo-

12 3341 13 3370 ,
125 3291 227 3352 minus
241 3297 380 3372 peregnt,
396 3290 497 3354 illicite
511 3292 636 3374 quidem
650 3301 728 3376 eget,
745 3313 806 3356 non
822 3297 891 3356 vero
904 3294 1051 3356 invalide:
1067 3296 1100 3357 in

12 3375 14 3462 i
125 3378 1100 3464 capitulnenimniodorelato(Quodsicntldicitur,nonqutldnon

12 3529 14 3556 ι
126 3469 219 3550 possit
232 3467 283 3530 sed
300 3468 381 3550 quod
398 3468 454 3550 ipsi
467 3489 523 3532 non
538 3471 634 3534 licent.
652 3474 688 3534 V.
705 3474 850 3551 Ferraris,
867 3471 1098 3546 tumlti-16.

165 3559 234 3618 85t.
252 3556 371 3629 Ouaerit.
393 3561 428 3619 tt·
442 3559 640 3632 Quendonem
658 3561 753 3624 Pellio
767 3563 809 3624 uti
824 3562 918 3644 possit
932 3559 1101 3644 Arnhiepis·

127 3644 249 3729 copus?

258 3765 269 3808 1
751 3821 757 3832 ¹
958 3753 989 3813 tt
