2574 3994
152 205 153 208 '
181 215 238 276 EES
399 232 537 276 urnulas
558 231 658 276 rorrns
678 233 759 276 rnrns
781 233 929 278 casonrcr.

48 381 51 394 ,.
143 329 144 332 ’
180 333 449 415 qtradragenariam
459 335 550 410 (tao).
563 336 648 406 Qudd
658 342 759 395 autem
770 337 801 397 S.
814 335 951 396 Pontifex
962 354 1023 396 non
1037 336 1151 414 ignoret

66 473 67 476 ,
181 420 335 504 praelatam
357 422 630 497 consuetudinem,
654 432 828 484 constater
852 423 925 484 notis
946 425 1072 485 Concilii
1096 428 1151 485 tte·

7 539 11 546 ·
27 515 34 548 '¹
180 510 294 572 mensis
308 529 389 572 anno
404 514 492 586 1850,
509 510 558 572 ubi
574 510 683 572 dicitur
699 530 707 572 τ
727 515 888 584 «Quorum
899 513 1152 591 (Canonicoruml

181 620 196 658 r
220 617 300 660 unus
314 599 351 659 nb
365 599 514 681 Episcopo
531 599 731 661 demandatur
751 601 789 662 ad
809 601 947 682 regimen
963 601 1156 677 animarum,

180 707 196 745 a
221 688 271 768 qui
287 694 315 749 et
329 687 482 750 abeodem
496 689 625 750 revocari
642 689 1153 769 potest‚retentocan0nicititulo.a

182 775 227 853 (P.
253 780 334 856 tot.)
366 775 449 839 adde
477 795 538 838 non
567 783 704 838 constare
732 777 814 857 quod
842 778 1030 840 consuetudo
1052 778 1156 852 debeat

182 864 331 928 introduci
345 884 381 928 ex
396 867 476 928 certa
490 865 614 927 scientia
624 865 709 943 juxta
722 865 800 927 dicta
814 885 903 947 supra
917 869 927 944 (
935 869 1008 944 llll).

221 953 383 1028 Praeterea,
396 955 480 1033 juxta
493 953 726 1016 declarationem
745 955 777 1016 S.
794 955 904 1036 Congr.
921 955 1046 1016 Concilii
1067 975 1154 1037 supra

121 1039 124 1046 '
181 1041 305 1104 relatam
324 1044 431 1126 (453),
447 1041 613 1104 nominatio
630 1042 810 1104 vicariorum
827 1041 1014 1104 saeculariam
1028 1043 1070 1105 ad
1088 1053 1152 1105 tera·

182 1149 235 1214 pus
264 1133 340 1212 (seu
368 1131 602 1211 revocabilium)
624 1133 657 1190 in
681 1130 826 1212 benefieiis
848 1131 958 1208 unitis,
987 1140 1099 1214 spectat
1121 1154 1140 1194 a

66 1273 72 1292 „
181 1217 382 1301 Episcopum,
399 1229 429 1281 et
446 1219 569 1300 quidem
582 1220 610 1282 vi
627 1221 719 1282 Cone.
735 1219 884 1297 Trident,
900 1237 973 1282 sess.
990 1225 1028 1298 7,
1044 1241 1111 1303 cap.
1127 1227 1155 1299 *l²

181 1305 217 1369 de
229 1308 348 1388 reform
367 1307 474 1388 (Bouix
489 1312 512 1384 ¹,
530 1308 572 1369 Dr
591 1307 708 1388 Rapui„
729 1316 751 1370 t.
772 1313 801 1382 2,
818 1329 848 1390 p.
865 1312 915 1383 30,
931 1313 994 1386 31).
1017 1311 1111 1372 Porrd
1127 1311 1155 1371 in

183 1396 278 1458 Gallia
299 1397 399 1458 vicarii
423 1397 516 1458 curati
538 1397 757 1460 cathedralium
782 1399 936 1460 unitarum
956 1407 1027 1460 sunt
1044 1400 1155 1462 amori·

182 1482 275 1552 hiles.
291 1494 321 1547 et
333 1486 372 1546 ab
385 1486 534 1566 Episcopo
548 1495 735 1548 revocantur.
753 1489 850 1567 Ergo,
869 1493 925 1547 etc.

226 1576 259 1634 Vr
271 1572 383 1654 praelati
395 1573 506 1635 decreti
521 1573 642 1635 Concilii
659 1583 780 1656 possent
793 1576 884 1636 etiam
900 1575 1041 1656 Episcopi
1057 1579 1156 1640 nomi-

184 1679 256 1723 nare
274 1662 400 1724 vicarios
420 1671 579 1744 perpetuos
593 1662 624 1722 in
644 1663 867 1725 cathedralibus
888 1663 1029 1744 Capitulis
1048 1666 1152 1745 unitis,

184 1749 236 1810 sed
254 1751 285 1810 in
305 1750 362 1812 hoc
375 1751 489 1812 Concil.
506 1749 651 1826 Trident,
669 1770 721 1832 per
736 1752 852 1814 Bullam
870 1755 901 1814 S.
919 1753 962 1814 Pii
979 1755 1015 1830 V,
1031 1753 1083 1815 Ad
1095 1775 1156 1816 exo

183 1838 326 1917 ‹puarzdam
341 1839 431 1901 luisse
445 1839 641 1902 reformatum
658 1846 762 1902 tenent
775 1843 837 1902 DI).
854 1849 883 1903 et
897 1842 928 1903 S.
946 1843 1156 1924 congregatio.

186 1928 220 1987 V.
237 1945 285 2008 ap.
304 1928 416 2004 Bonis,
431 1948 464 2009 p.
478 1933 622 1991 2l8-251.

224 2021 293 2078 459.
317 2017 411 2096 hlajor
432 2016 590 2079 difficultas
610 2017 714 2080 adesse
734 2017 849 2080 videtur
873 2037 927 2099 pro
951 2021 1158 2085 nominatione

185 2105 406 2168 canonicorum
433 2113 462 2168 et
482 2107 590 2168 Primae
604 2107 762 2186 Dignitatis
784 2107 814 2168 in
838 2108 965 2188 singulis
988 2110 1156 2190 Capitulis,

185 2213 276 2274 apuam
286 2197 377 2255 etiam
391 2194 445 2256 soli
459 2195 598 2277 Episcopi
615 2201 763 2276 peragunt
775 2195 806 2256 in
822 2196 914 2258 Gallitt
925 2215 978 2277 per
992 2203 1088 2260 totum
1103 2217 1157 2260 an-

186 2301 274 2354 uum,
291 2285 427 2363 quamvis
447 2283 521 2344 nihil
545 2284 576 2344 in
599 2283 786 2345 Concordato
804 2285 968 2364 reperiatur
991 2287 1071 2366 qudd
1101 2287 1158 2350 illis

185 2373 292 2434 trihuat
309 2371 478 2451 hujusmodi
493 2373 674 2434 facultatem.
691 2374 755 2434 Into
776 2372 956 2434 hCardinali
974 2375 1082 2454 Legato
1096 2395 1157 2438 non

184 2459 305 2523 luerunt
317 2461 443 2542 delegati
460 2461 611 2522 antistites
621 2461 722 2523 Galliae
738 2461 775 2522 ad
794 2461 937 2541 erigenda
951 2465 1084 2543 Capituln
1099 2465 1159 2526 nisi

180 2549 272 2628 juata
283 2549 493 2630 prcescrrptnm
506 2569 654 2610 sacrorum
669 2549 857 2610 conciliorum
867 2597 875 2625 ‚
885 2550 979 2629 juxta
998 2551 1123 2631 sormam
1140 2546 1172 2613 (ἴ

183 2637 275 2697 sacras
298 2637 452 2699 canonibus
480 2637 668 2719 conditisque
688 2639 895 2719 praescriptam
921 2647 951 2700 et
970 2639 1007 2699 ob
1024 2641 1158 2702 Ecclesid

183 2725 238 2787 hirc
255 2743 344 2804 arque
360 2733 506 2788 servatam
519 2726 647 2805 (Bonis,
666 2725 701 2788 de
721 2725 838 2808 capia,
859 2729 1002 2808 ΜΗ),
1023 2735 1053 2790 et
1076 2729 1156 2810 quod

171 2817 272 2898 magis
283 2818 560 2892 decretoriumest.
574 2839 638 2882 non
654 2819 801 2882 ridentur
815 2819 970 2901 Episcopi.
981 2819 1073 2879 etiam
1088 2821 1156 2897 pri-

170 2907 223 2967 tnd
245 2907 323 2977 rice.
343 2908 473 2988 elegisse
494 2911 666 2990 dignitates
684 2917 716 2972 et
740 2910 911 2971 canonicos
931 2909 978 2968 sni
1004 2905 1155 2985 Capituli,

172 2993 233 3056 nisi
255 2995 369 3058 virtute
388 2996 504 3060 indulti
527 2998 557 3061 S.
582 2999 687 3072 Sedis⁹
711 3007 806 3080 prout
827 3005 951 3058 constat
965 2995 1005 3056 de
1030 2993 1157 3055 dioecesi

172 3080 413 3157 Cenomanensi,
435 3103 486 3167 ap.
503 3087 598 3148 Bouir
615 3089 669 3162 (llo
683 3087 798 3166 Capit..
823 3103 853 3166 p.
872 3084 956 3162 too).
975 3083 1034 3144 Sed
1052 3081 1157 3144 artlrno

171 3171 299 3253 allegari
321 3183 421 3255 potest
445 3175 628 3255 ingratiam
652 3175 877 3256 llprscopnrum
897 3170 980 3254 qudi
1008 3169 1038 3233 S.
1064 3169 1159 3233 Sedes

173 3259 258 3322 illam
274 3262 387 3342 agendi
405 3263 559 3326 rationem
574 3272 754 3344 cognoscat,
771 3272 801 3325 et
818 3273 935 3335 tamen,
951 3277 1015 3321 non
1035 3259 1158 3320 tantiam

203 3427 278 3478 ¹1t0n
291 3429 352 3480 hent
363 3429 411 3480 ribi
423 3431 576 3480 concordare
587 3429 723 3478 rideturll.
734 3427 812 3479 Bonis
825 3427 903 3476 ilicem
906 3427 929 3476 lo
940 3426 991 3485 ill-2
1004 3441 1026 3486 p.
1037 3424 1079 3487 33)
1090 3424 1158 3489 qudd

173 3497 277 3550 Viearir·
272 3515 352 3552 arnon
347 3502 417 3550 rhiles
434 3501 603 3566 parochiarum
617 3507 751 3558 unitarum,
772 3513 821 3549 non
838 3499 868 3548 ab
885 3512 1002 3560 episcopo
1021 3501 1070 3546 sint
1085 3509 1144 3548 amo

2 3587 138 3671 Q
138 3571 257 3696 Lamp,
250 3573 318 3632 ‚ud
332 3573 348 3624 t
362 3571 532 3638 superioribas
550 3570 715 3636 regularibus
727 3571 825 3620 etiarnsi
843 3571 904 3620 tales
915 3567 1063 3620 lacerarunt
1078 3580 1160 3621 saon·
