2570 4006
499 231 584 278 niara
603 229 719 300 antuus.
1043 222 1099 286 tlt

165 343 275 408 Omnia
288 345 507 431 cpiscoporum
516 355 547 410 at
558 350 751 431 Regularium
762 353 881 434 negotia
891 354 927 416 ad
938 355 1015 422 bans
1027 361 1102 424 Con·

127 453 210 518 greg.
227 435 329 499 reterri
344 443 472 518 possunt
482 437 597 515 ,modb
615 456 677 500 non
691 439 844 521 indigeant
857 441 1101 526 interpretatione

125 526 321 589 Decretorum
335 525 599 605 Tridentinorum,
618 529 735 590 namin
758 529 816 592 hoo
833 549 906 595 casu
930 535 1100 622 congrega·

124 613 200 676 tioni
220 615 344 678 concilii
362 623 563 680 reservantur.
586 616 631 679 Ad
646 619 917 702 congregationem
936 625 1100 709 Episcopo-

56 782 59 786 Α
125 721 195 764 rum
214 710 243 766 et
269 705 463 787 Regularium
486 708 615 788 pertinet
644 708 762 770 mittere
791 707 957 774 visitatores
978 715 1102 796 quaudo

124 810 204 874 opus
216 798 281 872 est,
302 801 332 856 et
352 794 487 858 Vioarios
510 795 697 878 Apostolioos
714 795 753 860 ad
773 796 917 862 dioeceses
940 801 1099 885 inquibus

123 881 265 965 Episcopi
281 901 343 945 non
356 883 455 946 valent
469 903 538 947 suas
551 884 720 948 functiones
730 889 891 968 pastorales
905 887 1041 973 implere.
1055 893 1103 958 Ac

124 969 225 1054 ipsam
233 991 357 1056 quoque
367 973 437 1038 Pius
448 975 499 1035 Vll
509 973 723 1056 appellationes
734 975 763 1038 in
774 977 1098 1063 causiscriminalibus,

123 1075 181 1148 pat
192 1060 295 1126 Consi.
310 1060 381 1125 Pae
393 1060 550 1124 diuturnas
568 1063 672 1125 detulit
694 1063 772 1142 (Vid.
787 1065 930 1130 Analecta
943 1069 1010 1152 jur.
1030 1083 1100 1154 pon·

124 1147 1099 1242 ltfi,{8·livr.,ool.2258;etStremler,Despeineseoole's.,p.529),

124 1239 201 1305 Haea
215 1241 414 1326 congregatio
427 1241 535 1304 dieitur
555 1242 573 1302 d
594 1241 679 1304 card.
699 1244 743 1304 De
765 1243 844 1307 Luca
861 1249 1096 1334 oroapatt'sst'ma,

126 1341 214 1412 atque
230 1333 262 1392 r'o
276 1331 459 1408 nepotiorum
472 1329 666 1393 multitudine
678 1332 806 1394 omnt'um
819 1335 928 1412 major.

172 1426 379 1502 constituitur,
394 1427 469 1488 sicut
483 1426 667 1509 precedens,
679 1445 789 1507 nempe
799 1422 965 1498 cardinal,
982 1424 1099 1485 Secret.

132 1521 161 1574 et
171 1511 304 1578 consult.
320 1536 326 1575 :
339 1517 491 1597 prioribus
500 1536 570 1579 uero
584 1517 613 1578 in
631 1535 758 1580 numero
773 1533 863 1597 quem
879 1512 1014 1576 Pontifex
1024 1509 1102 1591 judi·

133 1605 292 1680 oatmagis
306 1605 459 1687 expedire,
475 1606 570 1687 etqui
594 1615 694 1668 tamen
710 1623 769 1667 non
789 1604 863 1666 solet
877 1621 943 1666 esse
958 1601 1035 1664 intra
1051 1603 1100 1664 l2.

134 1693 230 1773 lpsius
245 1693 380 1766 Decreta,
394 1703 427 1756 ut
441 1694 532 1756 fidem
548 1694 669 1770 iaciant,
689 1691 904 1758 subscribenda
919 1700 989 1754 sunt
1004 1699 1068 1752 tum
1085 1691 1103 1751 a

136 1781 284 1844 cardinali
300 1781 440 1846 Praeteoto
459 1791 524 1845 tum
543 1785 560 1846 a
578 1785 755 1858 Secretario,
770 1790 800 1846 et
814 1782 912 1865 sigillo
932 1781 1102 1862 congrega·

137 1871 227 1960 tionis
243 1880 315 1934 sunt
329 1873 502 1934 munienda.

164 1987 235 2048 nrt.
258 1986 333 2048 Duae
347 1991 418 2048 sunt
431 1985 497 2048 aliae
512 1986 765 2066 Congregationes
778 2004 833 2069 pro
846 1989 1045 2072 Regrrlaribus
1056 1989 1100 2053 in·

124 2074 245 2150 stitutae,
255 2081 285 2136 et
294 2080 443 2155 quaesunt
453 2074 538 2155 quasi
549 2073 730 2155 appendices
739 2075 893 2156 praesentis
903 2097 910 2139 :
922 2097 983 2141 una
994 2097 1100 2161 nempe

124 2164 223 2244 Super
242 2161 400 2244 disciplina
416 2161 565 2244 reputari,
582 2162 619 2224 ab
634 2164 809 2226 Innocentio
822 2167 890 2240 xli,
905 2184 986 2229 anno
1006 2171 1097 2246 toas,

125 2259 226 2315 ereata
247 2251 293 2331 (V.
310 2251 465 2328 Stremler,
486 2251 543 2313 Des
552 2251 654 2333 peiaes
671 2253 784 2328 ecele's„
799 2271 830 2334 p.
847 2257 932 2331 53t);
948 2255 1097 2332 etaltera,

126 2359 209 2403 anno
224 2345 342 2416 talos
357 2341 456 2402 PiolX
471 2339 569 2422 Super
581 2347 662 2402 statu
673 2340 868 2422 repertorium.
882 2342 970 2406 Plura
980 2342 1098 2406 decreta

125 2438 260 2494 recenter
270 2430 348 2494 edita
354 2429 436 2492 luere
442 2429 540 2490 abtsta
546 2427 887 2505 ultimtt,rideiicetoirca
897 2433 1098 2515 receptionem

126 2520 321 2596 novitiorum,
337 2519 416 2581 circa
427 2517 640 2582 testimoniales
654 2519 765 2581 litteras
774 2521 812 2582 ab
822 2520 987 2583 Ordinariis
1001 2522 1100 2603 requi-

125 2608 251 2686 rendas,
266 2609 347 2672 cirea
360 2626 487 2670 examen
501 2625 607 2670 eorum
621 2608 673 2689 qui
687 2607 726 2670 ad
739 2608 874 2672 habitum
894 2603 1096 2692 recipiuntur,

125 2707 155 2760 et
169 2697 290 2760 tandem
305 2701 464 2761 Decretum
479 2714 540 2778 quo
555 2698 710 2772 statuitur,
725 2703 758 2760 ut
772 2701 891 2780 peracta
904 2698 1096 2780 probatione,

56 2855 60 2862 ,
126 2785 273 2868 simplicia
297 2789 417 2850 tantbru
439 2791 507 2849 vota
529 2785 719 2861 emittantur,
745 2793 775 2848 et
800 2787 919 2849 nonnisi
945 2795 1014 2871 post
1037 2795 1098 2852 tres

126 2894 234 2954 annos,
256 2881 323 2938 vota
336 2875 492 2938 solemnia.
520 2875 562 2936 De
578 2874 622 2936 his
640 2873 782 2938 omnibus
804 2893 904 2938 sermo
927 2877 982 2939 erit
996 2875 1096 2955 inira,

127 2965 281 3027 tractando
290 2964 328 3027 de
336 2963 542 3046 Regularibus.
551 2963 627 3026 Vide
637 2966 672 3025 D.
684 2964 790 3039 Bouia,
799 2963 844 3028 De
852 2965 877 3028 C
877 2963 945 3027 urici
954 2965 1095 3045 Rooaoud,

6 3087 7 3090 κ
127 3073 158 3137 p.
176 3057 339 3118 lab-alsy

588 3162 654 3226 'tl

427 3293 451 3338 s.
472 3291 661 3338 couaaaotno
680 3291 793 3336 nrruuu.

167 3405 236 3466 ΤΗ.
251 3399 387 3463 Instituta
396 3399 478 3460 suita
493 3398 609 3461 SixtoV
623 3397 809 3480 percutiant
822 3395 987 3460 immenso:
1001 3399 1096 3460 «Haeo

128 3513 143 3552 n
167 3491 318 3574 praeeipua
336 3508 408 3552 oure
427 3485 644 3566 (cardinalibus
663 3487 752 3576 buius
771 3487 963 3567 Congregat.)
981 3485 1097 3549 ineunt·

128 3604 143 3641 n
168 3580 239 3642 bere
253 3578 370 3656 debeat,
386 3579 483 3660 inquit
492 3576 636 3649 Pontifex,
645 3582 679 3639 ut
690 3583 805 3638 veteres
817 3575 893 3637 ritus
899 3573 986 3646 sacri,
999 3573 1096 3637 ubivis

128 3691 144 3731 r
168 3668 316 3746 locorum,
331 3668 363 3729 in
377 3666 520 3730 omnibus
532 3665 621 3730 Urbis
634 3663 780 3746 Gabboue
791 3659 941 3732 scelestis,
959 3661 1048 3724 etiam
1064 3663 1094 3726 in
