2570 4006
517 245 603 294 uasa
624 243 738 292 narnus.
1060 223 1120 289 aaa

185 349 352 410 Instaurata
376 342 478 408 detrusi
502 344 555 408 luit
584 345 648 408 haea
675 343 910 426 congregation
935 343 1032 405 Leone
1050 345 1117 419 llll,

145 455 226 500 anno
242 439 337 509 tart,
353 434 441 516 eique
461 435 654 517 amplissima
671 433 826 496 facultates
839 432 878 495 ab
895 432 1002 495 eodem
1016 431 1119 494 Ponti-

147 526 202 588 tiae
217 543 368 589 concessae
382 523 466 586 luere
480 543 535 606 pro
549 524 692 588 omnibus
706 523 839 604 collegiis
853 527 884 585 et
897 521 1006 583 scholis
1020 523 1120 583 Status

145 613 357 677 Ecclesiastioi.
368 615 405 674 V.
416 612 561 676 Analecta
568 613 637 695 jar.
646 613 772 695 pontis„
793 615 842 673 ta·
858 610 937 687 livr.‚
954 611 1011 672 ool.
1027 613 1116 672 9963.

612 795 646 852 lll

422 933 456 975 aa
470 931 540 975 auris
559 930 840 975 conansaarranmus.

184 1073 253 1134 rat.
276 1071 388 1132 Praeter
407 1070 678 1151 congregationem
687 1089 746 1152 pro
768 1067 971 1131 examinandis
992 1067 1119 1151 Episco-

142 1159 207 1241 pr‘s,
234 1177 253 1222 a
280 1161 332 1223 SS.
363 1157 559 1222 Pontificibus
581 1159 725 1242 Gregorio
743 1161 810 1221 xlv
835 1164 865 1220 et
888 1159 1040 1220 Clemente
1054 1159 1119 1220 lllll

145 1249 311 1312 institutam
331 1267 387 1331 pro
400 1247 446 1310 his
457 1247 631 1329 regionibus
641 1248 672 1309 in
686 1247 797 1328 quibus
811 1247 956 1328 designati
976 1246 1013 1309 ad
1025 1247 1119 1310 Sedes

145 1338 336 1421 Episcopales
349 1337 420 1400 huia
433 1336 564 1400 examini
579 1337 750 1417 subjacent,
767 1343 795 1398 et
818 1355 887 1418 quae
909 1343 1026 1398 constat
1038 1343 1119 1398 nerto

146 1445 273 1490 numero
290 1426 511 1502 criminalium,
531 1425 746 1501 praelatorum,
766 1423 969 1506 professorum
984 1426 1059 1504 iuris
1073 1445 1120 1488 ea-

145 1518 245 1580 nonlci
272 1523 303 1580 et
323 1515 481 1598 theologiae
495 1517 541 1594 (V.
566 1514 725 1589 Analecta,
744 1518 793 1576 15⁶
818 1514 897 1588 livr.,
926 1515 984 1576 ool.
1006 1519 1116 1592 9966);

145 1613 252 1690 praeter
272 1607 396 1669 alteram
408 1606 682 1688 'Congregationem
708 1604 806 1686 Super
819 1603 979 1666 residentia
995 1605 1025 1666 E
1023 1605 1119 1686 piero-

139 1715 260 1778 porunr,
275 1695 313 1758 ab
322 1695 445 1760 Urbano
454 1697 519 1757 Vlll
534 1695 699 1756 institutam
712 1693 882 1775 (Stremler,
892 1714 922 1776 p.
934 1693 1024 1776 lcii),
1035 1713 1119 1778 quaa·

143 1803 204 1866 que
217 1785 320 1847 haberi
334 1791 432 1866 potest
440 1790 474 1846 ut
487 1783 715 1846 dismembratio
734 1783 982 1866 congregationis
996 1782 1119 1848 cnncilii

144 1873 240 1952 (tata,
249 1875 318 1954 523)
330 1897 337 1950 3
349 1879 380 1936 et
392 1876 661 1956 congregationem
675 1893 762 1954 saper
775 1873 1025 1936 entraordinariis
1038 1895 1121 1955 nego·
1135 1865 1136 1871 ἵ

144 1964 196 2024 tiis
219 1961 437 2038 ecclesiasticis,
455 1981 523 2044 quae
544 1981 624 2024 anno
646 1967 722 2025 l8ll
738 1964 754 2024 i
769 1963 886 2025 Pionl
909 1963 965 2026 luit
987 1963 1120 2027 instituta

143 2053 229 2130 (Vide
244 2053 356 2128 Bouix,
372 2052 417 2114 De
432 2051 525 2114 Carta
545 2051 692 2125 Romani,
709 2071 740 2132 p.
756 2055 832 2126 936;
849 2057 879 2113 et
893 2053 1046 2129 Stremler,
1062 2053 1119 2115 lies
1199 2124 1207 2132 ,

138 2143 239 2224 peines
252 2141 494 2222 ecclesiastiques,
512 2160 543 2222 p.
559 2144 644 2216 4954,
661 2145 732 2206 sunt
748 2147 779 2201 et
791 2141 893 2222 plures
906 2142 971 2203 aliae
987 2143 1119 2223 Congre-

49 2279 54 2290 .
143 2231 289 2312 gatianus,
299 2249 367 2312 quae
378 2229 613 2312 nonrespioiunt
623 2229 804 2292 Universalis
814 2230 955 2292 Ecclesiae
966 2231 1117 2312 regimen,

143 2321 196 2383 sed
210 2321 324 2383 bonum
334 2319 500 2402 temporale
513 2319 559 2382 uel
569 2317 738 2402 spirituale,
749 2325 802 2380 aut
815 2319 913 2380 solirm
921 2319 1120 2383 Urbisltomaa

143 2415 172 2471 et
195 2411 295 2472 status
313 2409 513 2472 anlesiastiei
526 2429 574 2486 ,v.
592 2429 621 2490 g.
646 2428 716 2490 quae
730 2407 872 2470 institutae
886 2406 970 2470 fuere
986 2428 1044 2489 pro
1057 2429 1121 2469 ron-

106 2499 109 2507 '
142 2499 349 2576 saltatr'onidus
357 2500 537 2581 negotiorum
551 2499 654 2561 Statnis
664 2499 696 2560 E
696 2497 869 2560 eclesiastici
876 2546 884 2573 ,
897 2504 948 2560 aut
950 2517 1008 2579 pro
1017 2517 1121 2558 aaran·

142 2588 276 2664 diariis,
292 2590 377 2672 aquis
391 2597 420 2650 et
429 2589 568 2671 pontibus
584 2589 614 2648 in
628 2587 723 2650 eodem
735 2587 759 2649 S
762 2595 905 2670 tata,pro
921 2587 1119 2670 typographio
1189 2664 1191 2668 y

150 2677 311 2755 Vaticana,
328 2685 400 2756 eto,
420 2686 472 2741 aut
485 2679 606 2740 alterius
620 2677 764 2752 nationis,
783 2696 811 2738 v.
828 2696 857 2759 g.
877 2679 1119 2758 prorarreetr'ane

144 2767 289 2828 librorum
300 2767 445 2829 Ecclesia
459 2766 743 2830 oneratinltehis
753 2764 827 2827 nihil
837 2768 854 2828 a
864 2766 952 2828 nobis
961 2773 1007 2830 est
1019 2766 1120 2830 dioen-

141 2856 227 2918 dum.

182 2947 251 3006 785.
275 2944 500 3008 Observandum
514 2954 559 3009 est
572 2947 687 3024 solnm,
703 2947 782 3010 eirca
795 2965 902 3010 omnes
915 2947 969 3009 has
984 2948 1119 3028 congre-

142 3033 291 3112 gatianes,
306 3033 388 3115 quiid
402 3033 531 3096 habeant
549 3041 724 3117 patestatem
739 3035 940 3113 ordinariam,
955 3037 985 3098 in
1001 3035 1036 3097 iis
1050 3057 1119 3118 quae

141 3120 213 3201 ipsis
228 3122 524 3186 aconstitutionibus
540 3125 719 3206 Apostoltcis
729 3126 943 3190 attribuuntur.
962 3127 1027 3186 lma
1038 3126 1118 3187 idem

143 3209 273 3272 tribunal
284 3210 397 3274 iaciunt
406 3231 476 3274 oum
492 3215 523 3276 S.
539 3213 684 3276 Pontifioe
694 3261 701 3286 ,
713 3213 840 3296 proinde
855 3215 893 3277 ab
907 3215 943 3277 iis
957 3215 992 3277 ad
1005 3217 1118 3296 Papam

141 3318 203 3362 non
231 3307 329 3383 potest
349 3301 493 3384 appellari
507 3305 535 3366 ¹:
551 3305 613 3366 Neo
634 3321 740 3367 earum
760 3305 927 3384 jurisdictio
947 3304 1115 3382 ordinaria,

6 3457 8 3472 '
111 3482 115 3489 ·
170 3461 179 3492 ⁴
198 3477 209 3508 ι
227 3459 261 3512 Le
271 3460 399 3513 canonista
416 3461 515 3514 Garoias
534 3465 581 3515 rita
593 3478 643 3516 une
659 3463 731 3516 lettre
747 3452 778 3516 ds
794 3465 816 3516 la
834 3465 924 3516 Sacrae
936 3464 1118 3530 congregation

142 3551 152 3582 ι
172 3531 332 3594 detonans,
346 3533 407 3583 dans
423 3534 529 3600 laquelle
542 3536 557 3584 il
571 3541 608 3586 est
620 3535 655 3585 dit
667 3537 747 3602 qu'an
759 3537 811 3587 doit
823 3537 883 3586 loira
900 3536 922 3588 le
935 3538 1014 3586 mame
1029 3550 1069 3585 aas
1087 3535 1118 3587 ds

142 3621 152 3652 ι
171 3619 200 3653 ca
220 3619 268 3668 qua
287 3611 351 3655 setta
368 3605 458 3656 Sacris
474 3605 657 3672 congregation
676 3609 751 3670 ecrit,
772 3623 820 3674 que
835 3609 856 3657 si
876 3609 898 3658 lo
918 3608 982 3672 Papa
1001 3605 1117 3660 l'earivait

59 3705 64 3715 .
143 3686 153 3720 ι
171 3669 312 3726 lui-ritmo.
326 3674 367 3736 Or,
381 3687 440 3728 sous
451 3689 478 3729 ss
491 3683 605 3744 rapport,
619 3679 654 3732 tor
666 3678 860 3744 cangrtgations
878 3683 935 3730 sont
949 3683 1031 3730 totitas
1043 3691 1085 3730 sur
1095 3681 1117 3731 ts
