2578 4008
470 325 555 378 ntusn
576 320 693 378 rainus.
1041 309 1097 384 att

124 446 141 489 a
165 421 273 491 simam
283 425 395 490 babere
408 433 583 509 potestatem
598 429 629 489 in
644 427 930 492 universumorbem
939 435 1100 512 terrarum,

125 539 141 576 a
165 523 230 578 tum
250 517 281 577 in
295 517 502 578 ecclesiasticis
517 524 583 580 tum
601 517 632 578 in
652 517 800 598 politicis,
821 518 861 580 ita
881 527 914 580 ut
931 517 1101 584 domimum

125 629 140 664 a
166 605 330 686 temporale
343 606 382 667 ab
395 624 458 669 uno
471 606 608 688 principe
619 605 658 668 ad
671 606 798 669 alterum
809 624 864 688 pro
873 605 1100 674 arbitriotrans·
1214 663 1218 672 ,
1252 623 1269 660 ·‘

125 715 141 753 ι
165 693 244 756 terre
257 693 359 776 possit.

166 806 182 843 a
206 783 1100 852 Secundadoeet...l⁰PontilieemRomanumutPontilicem

127 894 142 930 a
166 871 281 934 nullam
299 873 409 935 habere
422 879 596 956 potestatem
613 873 832 955 temporalem,
856 881 886 938 el
909 875 992 938 nullo
1010 877 1102 942 modo

127 987 143 1019 a
168 961 354 1043 principibus
368 962 560 1024 saecularibus
573 963 721 1045 imperare
735 981 861 1045 posse...
876 968 909 1026 2⁰
922 967 984 1028 Nec
999 967 1101 1029 Ponti·

128 1073 143 1108 a
167 1049 256 1112 ficem
276 1053 446 1112 Romanum
468 1070 523 1114 nee
536 1051 611 1114 alios
633 1051 797 1134 Episcopus
810 1053 946 1134 accipere
969 1057 1101 1137 potuisse

128 1162 143 1196 a
167 1137 337 1200 dominium
351 1140 382 1200 in
396 1140 576 1221 provincias,
591 1145 644 1203 aut
657 1141 689 1202 in
703 1141 804 1217 urbes,
819 1159 1002 1224 quocunque
1015 1145 1102 1208 titulo

129 1253 142 1284 n
169 1246 219 1290 aas
231 1227 434 1304 obtinuerint3
450 1229 541 1310 quia,
556 1229 677 1290 aiunt...
696 1229 747 1308 jus
760 1229 895 1292 divinum
911 1231 1102 1312 prohibetae

129 1343 143 1374 a
167 1316 284 1398 gladius
297 1317 458 1398 spiritualis
471 1323 502 1379 et
514 1315 631 1396 gladius
649 1317 822 1399 temporalis
842 1319 932 1382 simul
947 1319 978 1381 in
993 1323 1100 1386 eodem

131 1433 142 1462 a
168 1406 322 1469 uniantur.
343 1409 385 1468 lta
408 1411 476 1488 post
500 1405 680 1469 Wiclelistas
706 1413 737 1469 et
763 1407 914 1470 llusaistas
936 1409 1102 1474 Calvinistae

130 1521 144 1554 a
168 1494 279 1577 aliique
294 1495 437 1558 baerelici.

168 1607 185 1644 a
213 1583 314 1647 Tertio
327 1585 475 1646 sententia
492 1602 598 1648 eorum
614 1591 660 1646 est
679 1584 732 1666 qui
753 1584 903 1648 affirmant
923 1587 1102 1652 Pontificem

131 1697 144 1730 r
169 1675 341 1736 Romanum
355 1673 470 1736 nullam
479 1675 546 1754 Jure
559 1673 661 1738 divino
674 1672 786 1736 babere
800 1680 975 1756 potestatem
989 1683 1103 1759 tempu-

131 1788 144 1820 ι)
169 1763 263 1825 ralem
277 1761 421 1824 directam
431 1769 460 1824 et
469 1760 688 1840 immediatam,
700 1761 754 1825 sed
767 1763 884 1826 lantiam
895 1763 1100 1846 spiritualem:

132 1877 144 1907 ‚r
170 1859 199 1914 at
213 1851 302 1912 simul
316 1849 607 1929 contendentem,
622 1851 737 1914 ratione
752 1851 914 1934 spiritualis
928 1856 1100 1935 potestatis,

131 1964 145 1998 a
170 1939 346 2003 indirectam
370 1939 480 2003 babere
504 1946 680 2021 potestatem
703 1945 734 2004 et
755 1939 880 2022 quidem
900 1959 1052 2006 summam
1070 1965 1102 2007 m

131 2028 346 2111 »temporalia
391 2029 531 2093 omnium
570 2028 742 2111 principum
794 2029 1026 2098 christianorum
1074 2041 1104 2096 et

131 2141 146 2176 r
171 2117 309 2182 omnium
322 2115 475 2180 fidelium:
487 2117 591 2197 sieque
599 2116 736 2180 Pontifex
743 2115 961 2197 dehujusmudi
976 2117 1102 2185 bonis...

132 2231 146 2264 a
170 2207 330 2290 disponere
351 2211 447 2286 potest
469 2203 591 2286 quando
612 2204 727 2268 bonum
741 2203 924 2286 Reipublicae
943 2207 1104 2288 spiritualis

133 2321 147 2354 u
172 2295 228 2358 sibi
241 2295 411 2359 commissae
430 2292 461 2356 id
483 2292 634 2375 postulare
652 2291 780 2356 ridetur.
802 2293 883 2357 Ite...
905 2291 1104 2359 Bellarminua
1223 2293 1286 2340 a*

131 2407 146 2444 a
171 2403 242 2448 eum
255 2383 322 2447 aliis
335 2381 471 2465 pluribus
484 2380 668 2464 theologis...

172 2491 187 2534 a
213 2469 795 2551 Orurtosententia...tenetPonlilicem
803 2472 976 2534 &manum
989 2471 1104 2536 nullam

132 2587 146 2621 a
168 2565 236 2644 jare
249 2562 351 2624 divino
365 2559 475 2624 habere
489 2566 665 2643 potestatem
678 2559 824 2624 directam
847 2578 905 2624 nec
927 2558 1105 2626 indirectam

133 2675 148 2712 a
172 2652 209 2716 ad
223 2669 346 2715 sensum
360 2649 550 2724 Bellarmini‚
565 2651 598 2712 in
612 2650 787 2733 temporalia
799 2667 906 2731 regum
917 2649 1105 2714 autaliorum

133 2741 414 2804 »christianorum
451 2738 654 2803 Nihilominus
680 2738 797 2821 patroni
824 2738 915 2818 hujus
951 2741 1104 2804 sententie

132 2855 148 2890 r
171 2831 276 2892 volunt
289 2831 373 2891 illum
388 2827 594 2912 plenissimam
609 2827 719 2890 habere
733 2834 908 2909 potestatem
919 2827 1103 2909 spiritualem

133 2943 148 2978 a
173 2921 203 2980 in
229 2919 405 3000 principes,
428 2919 505 2980 sicut
529 2917 561 2979 in
583 2917 735 2998 simplices
761 2914 884 2990 fideles,
904 2933 958 2980 eus
978 2915 1102 2997 docere,

132 3027 148 3069 a
173 3011 323 3089 corripere
344 3015 374 3069 et
394 3008 491 3088 paenis
504 3004 707 3087 spiritualibus
733 3003 863 3087 plectere
890 3023 996 3087 posse,
1015 3013 1105 3088 atque

132 3119 149 3156 a
173 3097 264 3158 dubia
281 3095 319 3158 ad
333 3095 548 3158 conscientiam
567 3093 687 3155 illorum
702 3099 732 3155 et
745 3092 933 3156 subditorum
950 3094 1105 3159 attinentia

133 3209 149 3247 a
174 3185 335 3268 apostolied
353 3183 526 3248 auctoritate
539 3183 688 3245 solvere.»
702 3182 762 3262 (Sia
771 3182 875 3244 saltem
884 3175 1027 3246 Gallicani
1038 3201 1104 3246 mo·

133 3275 311 3338 deratissimi
327 3276 396 3357 qui,
421 3274 465 3337 sie
483 3270 642 3334 tribuendo
665 3271 753 3355 Papae
773 3278 948 3353 potestatem
970 3271 1103 3336 solvendi

134 3365 236 3428 omnia
267 3365 361 3428 dubia
391 3363 429 3426 ad
460 3361 674 3424 conscientiam
705 3361 906 3444 pertinentia,
934 3361 1103 3423 necessarie

134 3454 191 3536 ipsi
213 3453 351 3518 tribuunt
373 3457 550 3534 potestatem
577 3449 753 3513 indirectam
781 3451 814 3512 in
835 3447 1021 3530 temporale;
1045 3448 1104 3511 nisi

134 3543 236 3606 dicant
263 3541 441 3624 temporalia
469 3555 628 3622 nunquam
647 3547 781 3622 spectare
808 3537 846 3602 ad
869 3535 1101 3607 conscientiam.

135 3631 217 3716 quod
231 3631 387 3695 manifeste
394 3636 439 3691 est
445 3627 564 3690 falsum.
573 3629 650 3691 Sunt
658 3635 759 3691 autem
768 3625 966 3690 aliiGallieani
981 3641 1104 3705 preser-

136 3724 190 3782 tim
204 3715 429 3783 Parlamantarii
453 3719 506 3798 qui
527 3714 639 3778 dietam
652 3721 827 3792 potestatem
847 3711 981 3775 solvendi
1001 3712 1104 3778 omnia

275 3851 287 3897 Ι
945 3816 981 3878 u
