2586 3988
470 229 694 280 anonsaousnt.
1043 204 1078 270 'lt

96 330 201 395 dicunt
214 329 292 394 illud
309 335 435 412 tempus
451 327 608 407 sufficere,
627 329 699 412 quia
718 327 750 392 in
764 327 822 392 hoo
835 342 908 391 nasu
923 325 956 388 lit
968 323 1083 388 reditus

96 420 133 482 ad
152 421 219 499 ius;
244 438 282 482 ao
301 418 434 502 proinde
457 436 521 480 non
538 419 635 500 agitur
657 427 759 480 contro
773 417 840 500 jus.
864 418 901 480 D.
925 413 1018 477 Bouix
1038 411 1082 491 (de

97 509 277 592 Principiis,
293 528 326 590 p.
346 511 427 584 381,
447 511 520 586 eto.)
540 508 651 571 renota
664 508 776 571 sentire
798 505 932 582 videtur,
953 501 1083 566 dicendo

97 597 234 662 sufficere
250 605 326 661 tune
337 595 420 680 quid
434 596 534 678 major
543 615 616 680 pars
634 595 855 659 communitatis
876 612 937 656 non
952 591 1083 674 ampliiis

98 684 462 750 servetoonsuetudinem
472 687 633 766 contraius
642 686 714 768 qnia
724 684 833 748 merito
843 681 984 765 presumi
995 679 1084 742 debet

99 773 233 838 Pontifex
250 793 317 838 non
326 775 521 840 consensisse
529 775 580 839 tali
589 773 818 850 consuetudini,
830 771 887 835 nisi
902 771 959 834 lato
968 769 1084 831 restrin-

99 865 194 944 tione‚
209 863 303 926 donec
318 864 363 925 ito
377 863 495 946 optobit
504 864 631 948 populeo
643 863 693 926 cui
705 861 860 945 displicere
874 858 950 921 nolo.

102 1027 228 1047 ..ἡ

475 1161 623 1230 CAPUT
648 1161 712 1228 ΙΙΙ.

321 1324 366 1374 na
389 1323 471 1374 tuns
494 1323 655 1375 canonico
674 1323 864 1376 santonum.

534 1499 615 1564 aaa.
639 1499 662 1565 l.

341 1643 381 1691 os
400 1643 473 1690 tons
494 1645 651 1692 annonam
672 1646 702 1692 m
723 1645 849 1694 sanans.

141 1795 213 1854 llss.
236 1788 365 1863 Ouaerit.
391 1793 422 1850 l⁰
448 1788 526 1860 Quid
539 1795 568 1851 et
591 1787 755 1872 quotuplex
776 1791 814 1852 sit
828 1791 878 1871 jus
902 1789 1084 1856 canonicum

100 1888 280 1952 nationale?

140 1989 237 2070 Resp.
256 1991 287 2050 l⁹
306 1988 362 2050 lus
384 1985 565 2048 canonicum
585 1984 737 2049 nationale
755 1993 800 2050 est
812 1985 973 2070 eosnpleoio
990 1987 1085 2068 lupum

100 2076 370 2138 anastasianam
388 2074 481 2136 alicui
501 2076 584 2156 penti
603 2075 807 2157 propriorum.
838 2079 929 2138 Posse
952 2075 1086 2157 legitime

101 2165 208 2246 vigere
220 2163 397 2246 hujusmodi
410 2163 492 2245 leges
506 2163 727 2245 exceptionales
741 2163 821 2246 apud
835 2163 969 2245 singulas
981 2171 1087 2246 gentes

102 2261 312 2336 nemonegat.

143 2354 239 2433 Resp.
256 2355 288 2414 2⁰
302 2353 358 2415 Jus
373 2350 533 2424 nationale,
544 2348 590 2414 vel
603 2349 663 2413 tale
674 2349 730 2412 luit
739 2349 777 2410 ab
791 2349 877 2412 initio
891 2369 945 2432 por
958 2349 1086 2434 deroga·

102 2441 222 2504 tionem
235 2441 296 2521 jusi
317 2441 474 2503 communi
497 2439 622 2517 iaetam3
642 2440 688 2502 vel
704 2439 853 2502 nationale
874 2440 1087 2504 tantummodo

102 2531 211 2604 evasit,
227 2530 310 2612 quia,
326 2537 442 2592 mutato
456 2528 568 2610 ubique
582 2529 739 2592 communi
750 2528 830 2608 jure,
847 2529 879 2592 in
894 2529 949 2592 ista
964 2531 1086 2596 natione

105 2618 233 2681 firmum
248 2619 426 2702 permansit.

123 2713 261 2780 'lterum
276 2717 328 2797 jus
349 2707 429 2772 istud
445 2715 502 2779 luit
519 2715 558 2778 ab
575 2715 677 2793 initio,
697 2715 743 2780 vel
761 2735 943 2784 concessum
1032 2739 1086 2806 per

104 2805 238 2888 simplex
253 2805 443 2888 privilegium
457 2805 640 2868 auctoritatis
653 2809 863 2888 competentis,
883 2809 929 2873 vel
944 2829 998 2894 per
1011 2829 1084 2874 oon·

105 2901 239 2957 tractum
259 2912 441 2971 onerosum,
460 2893 501 2958 ob
514 2893 637 2977 aliquod
659 2913 737 2957 onus
759 2897 840 2978 quod
863 2899 920 2962 sibi
939 2899 1021 2963 natio
1035 2899 1085 2964 illa

104 2983 265 3066 imposuit,
277 3003 307 3046 v.
318 3005 349 3067 g.
366 2982 512 3047 fundandi
521 2983 680 3060 beneficia,
693 2989 745 3046 aut
758 2986 816 3049 alia
828 2989 1002 3071 praestandi.

148 3082 281 3144 Demum
307 3081 460 3164 exemptio
486 3099 631 3146 concessa
657 3081 712 3146 luit
746 3083 793 3146 vel
820 3105 874 3168 per
900 3105 1085 3152 consensum

104 3187 285 3254 expressum
293 3171 468 3254 superioris,
479 3169 525 3234 vel
537 3189 590 3252 per
600 3172 735 3254 tacitum,
747 3174 849 3239 medio
858 3177 1085 3241 consuetudinis

105 3259 141 3320 in
153 3259 204 3339 jao
217 3268 338 3324 evectae.

150 3359 219 3420 ll't.
249 3359 372 3432 Quaerit.
396 3362 428 3423 2⁹
446 3362 554 3424 Utrum
575 3359 745 3442 legitimum
767 3383 833 3429 esse
851 3366 946 3449 possit
965 3365 1015 3446 jus
1031 3384 1085 3430 na·

111 3447 220 3600 &³¹3
238 3447 441 3530 canonicum,
456 3449 523 3512 sino
536 3467 687 3516 consensu
704 3454 752 3519 vel
765 3457 940 3520 auctoritate
955 3455 988 3518 S.
1005 3457 1084 3516 Pon-

171 3555 197 3601 ss

148 3636 240 3718 neap.
257 3631 411 3716 Negative,
427 3636 453 3698 si
470 3643 575 3719 agatur
587 3638 626 3703 de
639 3641 705 3702 iure
724 3641 868 3703 nationali
883 3636 1085 3717 delegatorio-
