2496 3992
464 347 547 392 cisen
571 345 691 393 antuus.
998 330 1052 392 sot

107 465 155 512 lam
166 463 303 512 libertatem
319 463 392 523 valet,
408 462 523 512 nimirum
540 461 560 512 si
577 461 617 524 qui
631 461 754 522 principes
769 476 850 511 rerum
866 463 1018 524 publicarum
1033 467 1057 512 et

107 536 218 584 Pontifex
235 549 353 583 romanus
365 535 395 584 de
410 549 436 583 re
448 536 530 598 aliqua
546 539 658 597 separata
671 534 696 582 in
712 534 776 581 idem
794 534 909 596 placitum
925 548 1055 584 concense-

107 607 162 654 rint.
181 606 272 663 Quibus
292 607 399 654 Ecclesia
412 606 563 668 temporibus
572 615 690 656 maternae
702 604 797 667 pictatis
810 605 901 654 eximia
911 607 1055 655 documenta

106 679 206 742 prabet,
220 691 273 726 curn
290 678 411 727 facilitatis
425 677 636 742 indulgentiaeque
646 675 865 726 uutumadbibrre
879 678 963 738 soleat,
976 693 1056 740 quan·

106 755 157 798 lum
173 749 279 798 maxime
290 753 380 812 potest.

139 820 261 882 Ejusmodi
276 827 321 879 est,
336 835 409 883 quam
428 821 570 871 summatim
584 820 721 884 attigimus,
736 819 816 869 civilis
837 821 964 870 hominum
977 819 1055 870 socie·

108 893 165 940 tatis
176 892 307 941 christiana
323 894 476 955 temperatio,
494 898 519 943 et
536 894 590 944 boec
604 907 654 941 non
669 896 761 942 temere
779 907 859 954 neque
878 894 909 941 ad
925 893 1056 942 libidinem

107 965 170 1022 licta,
181 965 224 1012 sed
239 977 268 1012 ex
284 963 397 1012 maximis
412 966 487 1014 dueta
497 961 684 1025 verissimisque
697 963 834 1026 principiis,
847 975 903 1026 quta
919 963 970 1027 ipsa
984 969 1056 1014 natu·

106 1034 149 1083 rali
167 1034 284 1084 rationale
297 1033 482 1084 coullrmantur.

136 1107 200 1156 Talis
215 1112 298 1154 aulem
319 1107 478 1156 coulormalio
494 1105 636 1170 reipublicae
654 1105 714 1154 nihil
730 1105 814 1166 babet,
830 1107 896 1167 quod
920 1107 1001 1168 possit
1013 1111 1056 1156 aut

106 1179 187 1226 minus
202 1178 275 1226 videri
289 1177 390 1242 dignum
405 1178 568 1240 amplitudine
583 1179 732 1240 prizcipum,
756 1181 798 1226 aut
814 1192 901 1240 parum
914 1180 1031 1228 decorum
1049 1196 1054 1229 :

106 1255 249 1310 tantumque
272 1251 347 1308 abest,
363 1254 390 1298 ut
401 1249 458 1310 jura
475 1249 608 1312 majestatis
631 1250 769 1309 imminuat,
785 1255 812 1298 ul
827 1249 907 1310 potius
931 1251 1054 1301 stabiliora

106 1327 179 1382 atque
190 1319 333 1384 augustiora
344 1322 427 1370 iaciat.
442 1322 528 1376 immo,
546 1321 566 1369 si
579 1321 652 1368 altius
665 1320 843 1378 consideretur,
859 1321 932 1370 habet
946 1322 987 1371 illa
999 1337 1054 1373 con·

108 1393 218 1442 lennatio
233 1393 406 1454 perlectionem
421 1395 552 1454 quamdam
566 1406 688 1456 maguam.
711 1407 759 1454 qua
772 1395 857 1440 carent
883 1394 963 1441 caetori
974 1407 1055 1443 rerum

107 1465 263 1527 publicarum
278 1465 342 1512 modi
357 1480 363 1512 :
382 1479 412 1514 ex
429 1466 508 1526 eique
521 1465 614 1513 tructus
631 1467 714 1512 essent
727 1477 783 1512 sane
798 1463 948 1512 excellentes
958 1469 982 1512 et
995 1467 1055 1514 vitrii

105 1537 272 1592 consecuturi,
295 1536 315 1583 si
336 1537 406 1584 modo
421 1550 492 1584 suum
508 1541 590 1598 parles
605 1535 706 1596 singulte
722 1535 825 1597 gradum
839 1539 961 1594 tenerent,
982 1542 1055 1597 atque

104 1608 164 1656 illud
180 1607 275 1670 lnteqrc
290 1607 418 1656 allicerent
430 1608 469 1656 cui
482 1621 637 1669 unaqueque
652 1607 782 1668 praeposita
794 1611 838 1662 est,
851 1607 957 1655 cilicium
969 1613 994 1656 et
1006 1623 1056 1658 mr.

105 1694 160 1728 uus.
179 1707 201 1714 -
219 1681 311 1728 lietera
327 1680 352 1726 in
365 1695 403 1738 ea,
420 1694 494 1742 quam
510 1686 564 1728 ante
579 1679 695 1738 diximus,
711 1679 886 1727 constitutions
903 1679 1053 1740 reipublice,

105 1755 161 1800 stiut
172 1753 271 1813 quidem
284 1752 368 1800 divina
378 1758 451 1814 alque
462 1754 569 1800 bumana
586 1750 743 1800 convenienti
758 1753 844 1800 ordine
862 1753 949 1813 partita
966 1767 971 1800 ι
989 1753 1054 1801 inco·

105 1825 180 1871 lumia
191 1823 353 1882 cietnmjura.
367 1827 502 1885 eademque
519 1823 665 1882 divinarum,
680 1823 829 1871 naturalium
844 1825 1055 1887 humanarumque

106 1895 186 1958 legum
211 1894 345 1957 patrocinio
372 1895 474 1944 detensa
495 1893 655 1944 :ciliciorum
682 1893 835 1956 singulorum
861 1895 1056 1957 cumsapiauter

105 1967 238 2016 constituta
258 1967 397 2028 descriptio,
415 1973 464 2016 tum
478 1973 612 2028 opportune
628 1966 719 2014 sancita
734 1967 853 2014 custodia.
872 1965 965 2029 Singuli
980 1969 1056 2016 bumi-

106 2053 149 2088 nes
159 2037 238 2086 inboc
249 2040 279 2086 ad
296 2039 472 2098 sempiternam
489 2039 556 2085 illam
571 2038 693 2086 civitatem
709 2038 783 2084 dubio
796 2037 964 2097 laboriosoque
981 2041 1056 2088 curri·

104 2111 158 2158 culo
175 2109 221 2157 sibi
236 2109 314 2156 sciunt
330 2116 417 2170 praesto
437 2123 499 2162 esse.
524 2123 585 2169 quos
602 2111 653 2156 tulo
669 2113 804 2167 sequantur
818 2107 846 2154 nd
867 2108 1054 2169 ingrediendum

104 2185 188 2237 disces,
201 2181 231 2230 ad
243 2180 436 2242 perveniendum
452 2179 577 2240 adjutores
594 2193 600 2228 :
616 2179 756 2240 pariterque
773 2177 923 2240 intelligunt,
934 2179 980 2226 sibi
992 2182 1055 2230 alios

105 2268 158 2302 essa
174 2253 204 2300 ad
217 2251 382 2309 securitatem,
399 2251 430 2298 ad
442 2252 562 2306 fortunas.
574 2251 603 2298 ad
620 2250 747 2298 commoda
771 2255 867 2306 catera,
885 2250 975 2310 quibus
988 2265 1055 2300 coru·

104 2325 184 2374 munis
194 2326 245 2372 lioec
259 2323 307 2370 vita
321 2326 424 2376 constat,
437 2323 475 2370 vel
493 2322 608 2384 parienda
617 2323 654 2370 rel
671 2322 839 2369 coriservnnda
857 2321 932 2370 datos.

134 2397 239 2445 Societas
250 2394 383 2442 domestica
398 2407 460 2450 cam,
473 2407 547 2454 quam
565 2407 608 2456 par
618 2397 663 2447 est,
679 2392 856 2440 llrmitudinern
870 2392 1013 2453 adipiseitur
1024 2411 1055 2444 ex

104 2469 176 2517 unius
189 2473 262 2528 atque
273 2467 297 2514 in
309 2466 392 2514 lividui
407 2465 536 2514 sanctitate
552 2463 661 2526 conjugii
678 2463 752 2525 :jura
770 2463 900 2524 ciliciaque
918 2471 983 2512 inter
995 2481 1055 2514 ron-

103 2541 174 2604 juqes
189 2537 293 2600 sapienti
309 2537 404 2599 justitia
427 2545 452 2586 et
466 2537 580 2598 equitate
605 2539 727 2598 sequntur
744 2549 749 2583 :
772 2535 883 2582 debitum
898 2543 1056 2585 edisseruntur

104 2612 201 2661 mulieri
222 2611 296 2658 decus
329 2625 336 2658 :
366 2609 498 2658 auctoritas
527 2608 571 2656 viri
599 2608 629 2655 ad
660 2606 801 2667 exemplum
831 2609 868 2654 est
906 2607 1055 2657 auctoritatis

104 2684 145 2733 llci
175 2683 325 2732 cotriormata
351 2695 357 2728 :
395 2685 531 2742 temperata
562 2678 639 2742 patria
665 2683 781 2740 potetas.
810 2677 983 2728 convenienter
1017 2682 1055 2728 di-

103 2755 190 2819 qnitati
233 2752 319 2801 uxoris
358 2752 482 2814 prolisque
518 2766 524 2799 ι
555 2751 662 2813 denique
688 2751 820 2798 liberorum
855 2750 962 2808 tuitioni,
988 2765 1054 2800 com-

103 2826 191 2876 modis.
207 2821 356 2872 institutioni
374 2823 463 2885 optime
479 2821 615 2870 consulitur
648 2848 675 2856 -
695 2819 722 2868 ln
734 2833 825 2883 genere
850 2833 933 2868 rerum
957 2821 1054 2882 potitiae

103 2903 127 2947 et
139 2895 212 2946 civili.
226 2898 293 2958 leges
301 2899 411 2956 spectant
421 2908 551 2942 coinmune
566 2895 666 2948 bonum,
679 2907 759 2953 neque
776 2893 901 2941 voluntate
909 2890 1052 2954 judicioque

103 2969 183 3020 laliaci
199 2966 369 3022 multitudinis,
399 2967 442 3015 sed
468 2965 568 3014 veritate
584 2963 728 3026 justitiaque
745 2963 906 3026 diriguntur:
923 2965 1054 3014 auctoritas

103 3041 244 3104 principum
261 3037 450 3086 sanctitudinem
464 3037 596 3099 quamdam
614 3035 692 3084 induit
714 3035 822 3083 bumana
837 3036 962 3094 maiorem,
979 3037 1054 3084 conti·

103 3121 223 3172 neterque
236 3123 266 3158 ne
281 3109 389 3158 declinet
400 3123 414 3157 a
426 3109 532 3169 justitia.
546 3121 591 3157 nec
602 3109 702 3155 modum
716 3106 740 3154 in
754 3105 896 3168 imperando
911 3107 1051 3156 transiliat:

102 3182 241 3234 obedientia
267 3181 356 3230 civium
371 3182 443 3228 babet
459 3181 610 3228 honestatem
638 3178 834 3242 dignitatemque
854 3179 978 3234 comitem,
997 3179 1055 3240 quia

101 3271 149 3306 non
159 3259 194 3303 est
204 3253 311 3302 bominis
321 3253 352 3301 ad
363 3251 488 3300 bominem
502 3252 622 3304 servitus.
630 3253 671 3300 aed
683 3249 863 3311 obtemperatio
872 3250 989 3298 voluntati
1001 3251 1053 3305 Dei.

102 3341 204 3391 regnum
216 3323 376 3388 perbomines
388 3324 536 3386 exercentis.
550 3324 601 3381 Quo
616 3323 713 3386 cognito
730 3335 758 3369 ae
770 3335 894 3382 persuaso,
912 3321 1013 3368 omnino
1023 3323 1054 3369 sd

99 3401 219 3463 justitiam
231 3397 352 3457 pertinere
366 3397 410 3444 illa
434 3395 614 3458 intelliguntur,
634 3393 712 3442 vereri
737 3391 888 3453 majestatem
906 3391 1053 3454 principum,

101 3474 202 3521 subesse
214 3474 355 3517 constanter
367 3467 503 3516 cllideliter
516 3467 628 3529 potestati
639 3465 753 3530 publicas,
765 3463 828 3512 nillil
837 3463 953 3511 seditiose
963 3463 1052 3518 lucere.

101 3549 211 3593 sanctam
226 3555 324 3590 servare
338 3539 492 3602 disciplinam
505 3539 619 3587 civitatis.
635 3563 664 3572 —
681 3537 798 3585 Similiter
813 3535 910 3597 ponitur
924 3534 947 3582 in
964 3535 1054 3583 diliciis

100 3615 187 3664 caritas
202 3617 297 3670 mutua,
313 3613 462 3674 benignitas,
479 3611 631 3659 liberalitas:
656 3623 704 3657 non
720 3607 864 3656 distraliitur
879 3606 903 3653 in
919 3606 1052 3654 contrarias

101 3691 190 3748 partes,
212 3682 376 3748 pugnantibus
393 3683 457 3732 inter
476 3697 502 3731 se
529 3680 667 3742 praecptis,
682 3680 743 3728 civis
760 3679 825 3726 idem
845 3683 869 3728 et
884 3677 1032 3726 christianus
