2574 3994
514 238 600 283 111111
620 238 738 284 rernm.
1060 219 1119 285 227

143 354 179 398 ec
199 334 403 414 Napoteonem
415 335 427 395 1
441 349 496 416 pro
511 331 677 414 Republica
689 331 791 394 italica
811 352 820 396 s
840 329 915 396 inibi
936 330 1017 396 enim
1041 330 1118 412 tegi-

142 430 216 486 tur:
236 445 252 482 c
273 423 419 485 Sanctitas
440 423 500 485 Sua
527 421 665 483 concedit
690 420 848 502 Episcopis
871 420 922 499 jus
943 419 1118 484 conterendi

142 533 158 572 n
185 512 348 596 parocias,
363 531 431 592 quae
449 510 554 592 quovis
574 510 645 572 anni
668 515 804 590 tempore
823 515 912 572 erunt
925 517 1113 574 vacaturae.»

142 601 180 662 V.
197 601 311 675 Bouix,
327 601 371 664 De
394 599 539 668 Pcrocic,
556 617 588 681 p.
599 597 801 661 3111-(11111.
814 598 957 676 Gousset,
975 599 1115 680 Exposit.

30 751 33 756 .
143 687 193 750 des
203 689 346 772 princip..
364 709 394 770 p.
413 692 482 764 111,
498 693 556 750 111.

184 783 254 840 tot.
278 777 364 850 Quod
384 777 423 840 dc
445 776 539 840 Gatlitt
551 775 661 838 dicitur
675 776 899 840 extendendum
913 774 1003 840 etiam
1018 782 1063 840 est
1079 777 1117 842 sd

142 887 194 932 eas
215 868 355 949 regiones
377 884 506 948 quarum
520 866 660 929 Ecclesiae
672 867 756 946 Juxta
769 865 885 928 dictum
898 863 1118 932 concordatum

144 961 216 1019 iam
237 963 391 1038 reguntur,
404 961 503 1038 prout,
517 975 546 1016 v.
563 975 593 1037 g.
610 955 760 1036 Belgium.
775 955 894 1037 Excipit
906 962 1008 1018 tamen
1022 953 1117 1017 Bouix

143 1045 300 1128 parochias
328 1046 426 1107 unitas
453 1043 595 1126 Capitulis
608 1043 655 1106 vel
678 1045 869 1106 monasteriis
883 1044 942 1127 (De
962 1042 1113 1115 Peracto,

143 1155 164 1216 p
183 1230 250 1285 151.
276 1223 379 1296 Quoad
394 1221 450 1284 atie
464 1219 626 1298 beneficia,
643 1239 680 1282 ex
693 1220 821 1284 decretis
840 1221 999 1286 erectionis
1012 1220 1116 1302 singu-

142 1313 239 1376 larum
247 1313 422 1374 dioecesium
430 1310 537 1372 deduci
545 1329 633 1392 posse
645 1311 761 1372 videtur
770 1309 852 1391 qudd
859 1310 979 1372 Gordiu.
989 1311 1117 1391 Capram

142 1402 268 1463 notuerit
281 1407 315 1462 ut
335 1399 432 1462 adhuc
446 1401 581 1480 vigerent
594 1400 808 1460 reservationes
822 1417 890 1480 quae
908 1399 988 1480 apud
1003 1417 1058 1460 nos
1067 1417 1109 1462 ex·

142 1491 270 1552 statiani.
297 1490 382 1551 Circa
400 1488 482 1570 quod
509 1487 576 1550 vidc
591 1487 686 1550 denne
711 1486 758 1550 des
771 1487 893 1550 sciences
906 1487 1016 1563 ccctis,
1032 1497 1067 1548 11ο
1080 1491 1115 1568 2,

143 1599 173 1661 p.
192 1583 266 1656 101,
283 1585 339 1640 etc.
355 1577 467 1638 —Sed
483 1577 540 1639 ittae
554 1577 769 1638 reservationes
780 1595 841 1638 non
851 1575 982 1658 ampiiirs
996 1575 1118 1640 fuerunt

143 1668 303 1730 obseruate
325 1686 344 1730 a
365 1675 501 1748 tempore
516 1665 703 1728 concordati.
719 1666 806 1729 Unde
820 1684 882 1732 non
905 1664 1004 1728 sotum
1019 1666 1115 1728 Cano-

143 1757 246 1833 nicos,
270 1757 385 1818 Primos
413 1756 577 1835 Dignitates
600 1754 654 1816 soti
675 1754 815 1837 Episcopi
834 1754 936 1817 cattia
958 1755 1117 1820 nominant

142 1845 207 1906 sino
231 1863 380 1908 concursu
401 1843 525 1925 Capituli
552 1849 603 1906 aut
625 1842 742 1905 indutio
765 1844 938 1921 Pontificio,
953 1843 1005 1906 sed
1025 1843 1116 1908 etiam

142 1933 184 1996 sic
207 1935 317 2016 pariter
338 1934 392 1996 soti
417 1934 576 1996 nominant
595 1931 729 1996 vicarios
748 1933 871 1996 (iuratos
895 1931 1115 1996 Gedredratium

142 2024 295 2085 unitarum
311 2021 465 2103 Capitulis.

181 2115 287 2175 Utrum
302 2118 403 2172 eutem
418 2111 475 2172 hoc
493 2109 626 2190 legitime
645 2109 746 2172 datin
766 2110 946 2174 dioecesibus
965 2111 1017 2174 ubi
1032 2111 1116 2176 adest

142 2200 327 2263 consuetudo
337 2198 591 2281 quadragenaria,
603 2197 719 2260 dubitat
731 2201 768 2260 D.
782 2199 878 2261 Bouix
892 2199 952 2280 (ne
967 2200 1113 2282 Capitol„

142 2310 171 2372 p.
188 2291 347 2366 itt-260),
363 2289 452 2368 quia,
470 2287 585 2368 inquit,
601 2286 666 2348 hacc
679 2287 865 2349 consuetudo
879 2306 981 2350 cerere
998 2290 1115 2353 videtur
1204 2293 1207 2300 '

142 2378 495 2441 conditionibusomnind
506 2375 656 2457 requisitis
667 2382 699 2438 ut
708 2376 840 2458 legitima
847 2377 885 2438 sit
893 2397 901 2454 ;
914 2395 1023 2458 nempe
1034 2379 1115 2459 qudd

142 2467 309 2529 introducta
322 2466 412 2528 tuerit
425 2484 461 2527 ox
475 2463 555 2526 cci-td
568 2463 691 2526 scicntict
705 2474 734 2527 et
745 2485 800 2548 per
813 2474 895 2528 octus
911 2465 1016 2528 liberos
1032 2470 1112 2546 (tit,

144 2561 209 2636 titt)
226 2604 233 2634 ,
250 2556 370 2619 nonnisi
392 2555 473 2616 enim
495 2563 617 2636 propter
633 2554 834 2635 ignorantiam
855 2555 991 2635 suijuris
1010 2563 1115 2619 contra

141 2646 222 2707 itiam
236 2646 399 2706 reclamare
414 2661 479 2706 sese
493 2643 702 2706 abstinuerunt
716 2645 872 2706 canonici:
890 2646 920 2706 in
935 2643 1114 2708 dioecesibus

141 2736 209 2796 verd
234 2733 401 2814 inquibus
427 2731 614 2794 consuetudo
641 2732 880 2814 quadragenaria
907 2733 1043 2796 nondum
1069 2742 1113 2798 est

140 2823 302 2906 compieta,
325 2822 407 2884 mrtd
427 2821 582 2902 illegitima
602 2825 647 2882 est
666 2820 804 2884 habende
815 2823 901 2903 juxta
918 2823 1061 2888 ctundcm
1074 2826 1110 2888 D.

140 2911 235 2975 Bouix
249 2910 351 2994 (idid).

178 3003 248 3066 158.
272 3003 304 3062 tn
319 3000 445 3082 gratiam
455 3005 556 3060 temen
571 2999 790 3082 Episcoporum
803 3000 862 3064 dici
877 3009 997 3086 posset,
1013 3004 1112 3086 quoad

140 3091 273 3152 vicarios
286 3091 410 3152 curatos
421 3087 614 3164 cathedralis,
630 3089 711 3170 quod
725 3090 957 3168 concordatum,
974 3093 1039 3156 sind
1053 3094 1115 3156 dis-

140 3179 300 3250 tinctione,
315 3179 472 3260 Episcopis
490 3177 561 3240 sotis
582 3177 692 3240 tribuat
710 3179 950 3244 nominationem
968 3182 1006 3244 ad
1024 3203 1104 3266 qnos.

139 3287 258 3348 euinque
272 3267 434 3349 porrectos·
447 3273 477 3328 et
497 3266 520 3328 si
542 3285 590 3327 res
611 3265 702 3328 dotia
723 3277 912 3346 remaneret,
933 3271 1113 3352 explicanda

138 3357 254 3418 ridetur
275 3374 330 3438 por
349 3353 601 3418 consuetudinem
624 3364 750 3437 quaeest
769 3359 883 3439 optima
897 3359 999 3440 legum
1017 3361 1110 3422 inter-

140 3464 223 3526 pres,
238 3446 405 3527 praesertim
426 3445 497 3506 cirm
519 3461 581 3506 non
603 3445 744 3507 reclamet
759 3448 789 3508 S.
811 3447 921 3524 Sedes,
941 3466 1010 3528 quaa
1030 3449 1110 3511 certe

139 3533 227 3596 tatem
241 3533 491 3598 consuetudinem
503 3549 564 3598 non
575 3533 708 3615 ignotam
724 3553 891 3598 consensus
904 3543 1005 3597 autem
1019 3537 1109 3599 etiam

138 3621 244 3685 tacitus
270 3625 303 3684 S.
330 3621 417 3687 Sedis
439 3620 585 3700 legitimat
612 3622 865 3686 consuetudinem
887 3625 1024 3703 quamvis
1046 3642 1107 3694 por
