2586 3988
451 287 676 338 anacreontem.
1029 273 1068 336 5³

87 392 278 462 differebant.
290 397 358 453 mm
368 387 487 452 ratione
500 388 581 466 finis,
590 397 655 456 tum
664 389 780 454 ratione
789 390 907 469 objecti.
921 391 958 452 m
968 392 1067 472 quoad

89 482 274 566 questiones
296 479 514 544 ecclesiasticas
528 525 536 554 ‚
548 479 671 542 evidens
692 487 737 541 est
758 478 839 542 haud
860 480 991 562 potuisse
1006 480 1068 544 istis

89 571 221 634 comitiis
235 571 385 649 majorem
401 569 500 631 inesse
514 569 719 632 auctoritatem
735 571 828 649 quarn
841 567 987 631 conciliis.
1004 571 1068 632 lmd

91 660 195 722 reuera
220 659 304 721 nulla
322 659 359 720 iis
381 657 513 720 comitiis
535 657 630 719 inerat
651 675 720 720 vera
741 655 901 718 auotoritas
923 659 1068 720 canonica

93 749 173 810 circa
194 746 370 828 hujusmodi
392 747 620 828 negotia,ci1m
639 747 656 808 a
679 737 847 810 canonibus
865 763 928 808 non
948 747 1008 808 sint
1020 763 1067 809 re-

92 837 224 919 cognita.

540 973 621 1055 §vr

99 1121 159 1184 ·De
171 1122 315 1184 Rmnnnr's
334 1119 614 1202 congregationilnu
627 1127 767 1203 quotenus
784 1127 853 1182 urat
864 1121 959 1204 sontes
965 1122 1051 1203 jmu's

507 1237 648 1281 concuret.

132 1367 184 1426 95.
207 1361 366 1444 Multiplici
385 1379 512 1424 numero
536 1368 606 1424 sunt
628 1361 882 1444 congregationes
905 1363 1068 1438 Romame,

96 1471 205 1534 nempe
235 1450 455 1532 inquisitionis,
485 1449 608 1520 Indicis,
634 1449 780 1526 Consilii,
804 1451 948 1522 [lituum.
973 1451 1071 1533 Super

95 1541 221 1622 negotiis
234 1540 448 1622 Episcoporum
462 1547 492 1602 et
512 1539 671 1620 Regulam,
689 1547 761 1616 etc-3
778 1546 849 1602 sunt
862 1539 953 1602 etiam
967 1539 1070 1603 Romae

94 1631 181 1712 plura
203 1629 385 1704 tribunalia,
407 1627 656 1698 Paenitentiam,
676 1629 921 1707 detonuere,
945 1636 1003 1692 etc.
1028 1631 1071 1692 lle

94 1720 223 1799 singulis
236 1725 342 1800 agetur
357 1717 434 1780 infra
447 1717 478 1779 in
494 1717 615 1799 speciali
628 1723 754 1781 tractatu
769 1721 849 1795 (720,
865 1721 947 1798 etc).

135 1811 193 1870 Hic
206 1806 444 1870 examinandum
464 1813 509 1869 est
522 1809 639 1869 tantirm
654 1813 754 1869 utrum
770 1806 889 1870 illarum
903 1806 1071 1870 decisiones

95 1898 156 1958 rim
170 1897 303 1958 habeant
321 1903 415 1957 totam
428 1895 594 1957 Ecclesiam
612 1893 764 1976 obligandi
787 1914 796 1958 ι
816 1897 943 1978 quaestio
957 1895 1070 1958 instau-
1088 1931 1092 1942 ·

95 1993 180 2048 ratur
205 1984 370 2067 praesertim
389 1983 489 2066 quoad
502 1983 671 2047 decisiones
685 1983 934 2066 congregationis
947 1983 1070 2047 Consilii

96 2074 137 2135 ob
152 2073 297 2156 speciales
311 2071 464 2136 facultates
478 2072 588 2151 quibus
601 2075 620 2135 a
633 2075 664 2136 S.
676 2073 753 2136 Sede
766 2073 876 2137 donata
890 2073 957 2136 fuit.

138 2167 189 2227 96.
201 2159 399 2224 lrrstitotafuil
408 2161 459 2224 illa
470 2161 663 2244 congregatio
677 2163 695 2224 a
708 2164 762 2224 Pio
775 2164 826 2240 IV,
838 2180 919 2224 anno
934 2164 1022 2234 1564,
1033 2161 1071 2225 ad

97 2250 322 2335 procurandam
351 2249 589 2312 observationem
620 2251 961 2314 decretorumconcilii
987 2251 1069 2314 'frid

98 2342 177 2406 Huic
187 2348 290 2424 postea
298 2341 329 2402 S.
339 2339 600 2402 Piuchoncessit
608 2338 779 2402 facultatem
788 2337 946 2401 decidendi
966 2357 1072 2401 causas

99 2437 128 2494 et
136 2429 357 2494 controversias
365 2428 641 2511 interpretationem
651 2425 774 2492 Consilii
783 2435 961 2512 spectantes.
974 2429 1073 2490 Stratus

99 2521 170 2582 uerd
178 2521 216 2588 ll.
226 2517 408 2601 perBullam
424 2517 566 2580 Immenso
579 2518 685 2581 (eterni
694 2565 703 2589 ,
720 2535 802 2581 anno
820 2519 908 2590 1589,
923 2516 951 2578 ei
966 2515 1082 2593 adjecit¹

100 2607 290 2683 facultatem,
305 2607 442 2670 consulto
454 2613 555 2669 tamen
572 2606 732 2682 Pontice,
748 2603 962 2688 interpretandi
982 2603 1075 2670 dubia

100 2704 131 2759 et
151 2697 340 2759 difficultates
362 2702 553 2759 occurrentes
580 2697 659 2759 circa
673 2695 918 2760 reformationem
929 2711 1071 2773 morum,

100 2785 304 2868 disciplinam,
326 2783 440 2865 judicia
461 2785 678 2862 ecclesiastica,
702 2791 780 2860 etc,
804 2790 950 2845 reservata
973 2789 1074 2847 lamen

100 2891 223 2956 semper
236 2873 306 2936 Sedi
330 2873 507 2955 Apostolicae
523 2873 769 2955 interpretatione
793 2871 982 2934 decretorum
1005 2891 1074 2954 quae

101 2959 171 3025 fidei
185 2963 326 3044 dogmata
340 2968 527 3024 concernunt
540 2969 570 3052 et
583 2963 642 3026 alia
655 2963 759 3026 multa

141 3053 240 3153 ipsius
254 3052 413 3114 auctoritas
426 3050 465 3113 ad
478 3043 649 3114 universam
664 3052 827 3114 Ecclesiam
834 3051 1018 3116 extenditur
1032 3053 1075 3118 sic

102 3141 187 3202 enirn
204 3139 294 3206 habet
311 3139 398 3206 Bulla
407 3139 549 3203 Immemo
567 3158 602 3201 c.
618 3140 753 3202 Habeat
746 3149 777 3202 rtr
770 3141 849 3204 dern
865 3143 1073 3224 congregatio,

102 3252 118 3290 a
141 3229 348 3294 auctoritatem
363 3227 558 3312 promovendi
573 3228 817 3292 reformationem
830 3229 901 3292 cleri
916 3239 946 3293 et
959 3231 1073 3314 populi,

103 3343 118 3378 n
143 3318 1076 3401 caduminUrbeetstatuEcclesiasticoremporati‚sedetiam

104 3431 119 3468 r
142 3409 174 3470 in
190 3409 331 3469 universo
344 3405 507 3469 christiano
520 3407 605 3484 orbe,
616 3407 647 3468 in
662 3407 777 3490 iisqua'a
791 3409 940 3490 pertinent
953 3407 990 3470 ad
1005 3408 1076 3468 disi-

105 3520 120 3556 ι
144 3515 219 3560 num
233 3497 349 3559 cultum
371 3494 621 3578 propagandum,
635 3494 825 3558 devotionem
846 3493 1033 3558 excitandun
1047 3503 1077 3555 et

106 3608 120 3645 a
142 3604 245 3647 mores
258 3585 412 3647 christiani
426 3585 530 3668 populi
542 3584 787 3670 adprescripturn
800 3583 937 3726 ejusdem
951 3581 1075 3644 Consilii

106 3695 121 3737 a
142 3673 382 3763 componendos
395 3695 412 3736 a
