<?xml version="1.0" encoding="UTF-8"?>
<!DOCTYPE html PUBLIC "-//W3C//DTD XHTML 1.0 Transitional//EN"
    "http://www.w3.org/TR/xhtml1/DTD/xhtml1-transitional.dtd">
<html xmlns="http://www.w3.org/1999/xhtml" xml:lang="en" lang="en">
 <head>
  <title>
</title>
<meta http-equiv="Content-Type" content="text/html;charset=utf-8" />
  <meta name='ocr-system' content='tesseract 3.04.00' />
  <meta name='ocr-capabilities' content='ocr_page ocr_carea ocr_par ocr_line ocrx_word'/>
</head>
<body>
  <div class='ocr_page' id='page_1' title='image "./manualetotiusju03craigoog_0433.png"; bbox 0 0 2570 4006; ppageno 0'>
   <div class='ocr_carea' id='block_1_1' title="bbox 179 242 928 321">
    <p class='ocr_par' dir='ltr' id='par_1_1' title="bbox 179 242 928 321">
     <span class='ocr_line' id='line_1_1' title="bbox 179 242 928 321; baseline -0.005 -1"><span class='ocrx_word' id='word_1_1' title='bbox 179 255 239 320; x_wconf 83' lang='lat' dir='ltr'>llo</span> <span class='ocrx_word' id='word_1_2' title='bbox 397 271 535 320; x_wconf 75' lang='lat' dir='ltr'>usuratu</span> <span class='ocrx_word' id='word_1_3' title='bbox 554 271 636 320; x_wconf 78' lang='lat' dir='ltr'>arnas</span> <span class='ocrx_word' id='word_1_4' title='bbox 654 271 758 321; x_wconf 79' lang='lat' dir='ltr'>marus</span> <span class='ocrx_word' id='word_1_5' title='bbox 778 242 928 319; x_wconf 76' lang='lat' dir='ltr'>causarer.</span> 
     </span>
    </p>
   </div>
   <div class='ocr_carea' id='block_1_2' title="bbox 178 369 1277 3650">
    <p class='ocr_par' dir='ltr' id='par_1_2' title="bbox 178 369 1277 810">
     <span class='ocr_line' id='line_1_2' title="bbox 219 369 1154 455; baseline 0.005 -21"><span class='ocrx_word' id='word_1_6' title='bbox 219 369 371 455; x_wconf 87' lang='lat' dir='ltr'>Respond.</span> <span class='ocrx_word' id='word_1_7' title='bbox 383 373 428 433; x_wconf 86' lang='lat' dir='ltr'>Ex</span> <span class='ocrx_word' id='word_1_8' title='bbox 437 389 528 452; x_wconf 87' lang='lat' dir='ltr'>supra</span> <span class='ocrx_word' id='word_1_9' title='bbox 536 373 698 436; x_wconf 87' lang='lat' dir='ltr'>enuntiatis</span> <span class='ocrx_word' id='word_1_10' title='bbox 708 371 821 455; x_wconf 88' lang='lat' dir='ltr'>regulis</span> <span class='ocrx_word' id='word_1_11' title='bbox 831 369 1036 435; x_wconf 81' lang='lat' dir='ltr'>etdecrellsS.</span> <span class='ocrx_word' id='word_1_12' title='bbox 1048 369 1154 440; x_wconf 75' lang='lat' dir='ltr'>Sedis:</span> 
     </span>
     <span class='ocr_line' id='line_1_3' title="bbox 180 459 1136 542; baseline 0 -18"><span class='ocrx_word' id='word_1_13' title='bbox 180 466 211 524; x_wconf 80' lang='lat' dir='ltr'>l⁰</span> <span class='ocrx_word' id='word_1_14' title='bbox 225 459 350 533; x_wconf 82' lang='lat' dir='ltr'><strong>Quando</strong></span> <span class='ocrx_word' id='word_1_15' title='bbox 367 461 434 522; x_wconf 82' lang='lat' dir='ltr'>libri</span> <span class='ocrx_word' id='word_1_16' title='bbox 449 460 659 525; x_wconf 77' lang='lat' dir='ltr'>hereticorum</span> <span class='ocrx_word' id='word_1_17' title='bbox 676 461 715 524; x_wconf 88' lang='lat' dir='ltr'>de</span> <span class='ocrx_word' id='word_1_18' title='bbox 735 461 881 542; x_wconf 83' lang='lat' dir='ltr'>religione</span> <span class='ocrx_word' id='word_1_19' title='bbox 899 477 961 522; x_wconf 92' lang='lat' dir='ltr'>non</span> <span class='ocrx_word' id='word_1_20' title='bbox 974 466 1136 524; x_wconf 76' lang='lat' dir='ltr'><strong>tractantes</strong></span> 
     </span>
     <span class='ocr_line' id='line_1_4' title="bbox 178 549 1153 633; baseline -0.002 -20"><span class='ocrx_word' id='word_1_21' title='bbox 178 551 262 630; x_wconf 82' lang='lat' dir='ltr'>jussu</span> <span class='ocrx_word' id='word_1_22' title='bbox 278 549 417 633; x_wconf 79' lang='lat' dir='ltr'>Episcopi</span> <span class='ocrx_word' id='word_1_23' title='bbox 432 557 462 612; x_wconf 90' lang='lat' dir='ltr'>et</span> <span class='ocrx_word' id='word_1_24' title='bbox 476 551 663 632; x_wconf 86' lang='lat' dir='ltr'>inquisitoris</span> <span class='ocrx_word' id='word_1_25' title='bbox 676 556 748 613; x_wconf 88' lang='lat' dir='ltr'>sunt</span> <span class='ocrx_word' id='word_1_26' title='bbox 761 549 921 612; x_wconf 80' lang='lat' dir='ltr'>examinati</span> <span class='ocrx_word' id='word_1_27' title='bbox 935 555 966 610; x_wconf 93' lang='lat' dir='ltr'>et</span> <span class='ocrx_word' id='word_1_28' title='bbox 978 549 1153 631; x_wconf 88' lang='lat' dir='ltr'>approbati,</span> 
     </span>
     <span class='ocr_line' id='line_1_5' title="bbox 180 635 1277 721; baseline -0.005 -19"><span class='ocrx_word' id='word_1_29' title='bbox 180 639 405 721; x_wconf 81' lang='lat' dir='ltr'>permittuntur.</span> <span class='ocrx_word' id='word_1_30' title='bbox 421 641 464 701; x_wconf 82' lang='lat' dir='ltr'>ltla</span> <span class='ocrx_word' id='word_1_31' title='bbox 479 639 628 720; x_wconf 75' lang='lat' dir='ltr'>regulae·</span> <span class='ocrx_word' id='word_1_32' title='bbox 642 639 763 714; x_wconf 87' lang='lat' dir='ltr'>lndicls,</span> <span class='ocrx_word' id='word_1_33' title='bbox 779 645 850 700; x_wconf 82' lang='lat' dir='ltr'>etn⁰</span> <span class='ocrx_word' id='word_1_34' title='bbox 866 641 921 716; x_wconf 84' lang='lat' dir='ltr'>lt),</span> <span class='ocrx_word' id='word_1_35' title='bbox 935 635 954 719; x_wconf 65' lang='grc' dir='ltr'><strong>ξ</strong></span> <span class='ocrx_word' id='word_1_36' title='bbox 967 641 996 712; x_wconf 91' lang='lat' dir='ltr'>l,</span> <span class='ocrx_word' id='word_1_37' title='bbox 1012 639 1155 701; x_wconf 87' lang='lat' dir='ltr'>Decretu-</span> <span class='ocrx_word' id='word_1_38' title='bbox 1276 677 1277 696; x_wconf 50' lang='lat' dir='ltr'>i</span> 
     </span>
     <span class='ocr_line' id='line_1_6' title="bbox 179 719 1277 810; baseline 0.003 -21"><span class='ocrx_word' id='word_1_39' title='bbox 179 745 247 791; x_wconf 91' lang='lat' dir='ltr'>rum</span> <span class='ocrx_word' id='word_1_40' title='bbox 262 727 447 810; x_wconf 79' lang='lat' dir='ltr'>generalium</span> <span class='ocrx_word' id='word_1_41' title='bbox 461 731 543 807; x_wconf 80' lang='lat'>(735,</span> <span class='ocrx_word' id='word_1_42' title='bbox 558 729 638 808; x_wconf 74' lang='lat'>752).</span> <span class='ocrx_word' id='word_1_43' title='bbox 1276 719 1277 766; x_wconf 51' lang='grc' dir='ltr'>ἶ</span> 
     </span>
    </p>

    <p class='ocr_par' dir='ltr' id='par_1_3' title="bbox 179 815 1157 1078">
     <span class='ocr_line' id='line_1_7' title="bbox 219 815 1155 899; baseline 0.001 -21"><span class='ocrx_word' id='word_1_44' title='bbox 219 821 251 878; x_wconf 75' lang='lat'>2⁰</span> <span class='ocrx_word' id='word_1_45' title='bbox 265 818 440 880; x_wconf 89' lang='lat' dir='ltr'>Permittere</span> <span class='ocrx_word' id='word_1_46' title='bbox 465 835 553 899; x_wconf 89' lang='lat' dir='ltr'>posse</span> <span class='ocrx_word' id='word_1_47' title='bbox 579 817 719 880; x_wconf 91' lang='lat' dir='ltr'>videnlur</span> <span class='ocrx_word' id='word_1_48' title='bbox 738 816 879 899; x_wconf 82' lang='lat' dir='ltr'>Episcopi</span> <span class='ocrx_word' id='word_1_49' title='bbox 899 815 992 890; x_wconf 90' lang='lat' dir='ltr'>libros</span> <span class='ocrx_word' id='word_1_50' title='bbox 1009 815 1155 880; x_wconf 75' lang='lat' dir='ltr'>catholica</span> 
     </span>
     <span class='ocr_line' id='line_1_8' title="bbox 179 905 1157 989; baseline 0 -21"><span class='ocrx_word' id='word_1_51' title='bbox 179 908 365 989; x_wconf 90' lang='lat' dir='ltr'>conscriptos</span> <span class='ocrx_word' id='word_1_52' title='bbox 382 907 421 968; x_wconf 89' lang='lat' dir='ltr'>ab</span> <span class='ocrx_word' id='word_1_53' title='bbox 439 905 497 968; x_wconf 89' lang='lat' dir='ltr'>illis</span> <span class='ocrx_word' id='word_1_54' title='bbox 516 906 567 988; x_wconf 86' lang='lat' dir='ltr'>qui</span> <span class='ocrx_word' id='word_1_55' title='bbox 582 914 685 989; x_wconf 88' lang='lat' dir='ltr'>postea</span> <span class='ocrx_word' id='word_1_56' title='bbox 706 907 738 968; x_wconf 92' lang='lat' dir='ltr'>in</span> <span class='ocrx_word' id='word_1_57' title='bbox 756 905 895 967; x_wconf 74' lang='lat' dir='ltr'>haeresim</span> <span class='ocrx_word' id='word_1_58' title='bbox 908 905 982 986; x_wconf 88' lang='lat' dir='ltr'>lapsi</span> <span class='ocrx_word' id='word_1_59' title='bbox 1004 911 1089 980; x_wconf 90' lang='lat' dir='ltr'>sunt,</span> <span class='ocrx_word' id='word_1_60' title='bbox 1103 911 1157 968; x_wconf 84' lang='lat' dir='ltr'>aut</span> 
     </span>
     <span class='ocr_line' id='line_1_9' title="bbox 180 993 1051 1078; baseline -0.002 -22"><span class='ocrx_word' id='word_1_61' title='bbox 180 1001 247 1077; x_wconf 88' lang='lat' dir='ltr'>post</span> <span class='ocrx_word' id='word_1_62' title='bbox 260 994 378 1078; x_wconf 90' lang='lat' dir='ltr'>lapsum</span> <span class='ocrx_word' id='word_1_63' title='bbox 393 995 430 1057; x_wconf 87' lang='lat' dir='ltr'>ad</span> <span class='ocrx_word' id='word_1_64' title='bbox 442 993 607 1057; x_wconf 83' lang='lat' dir='ltr'>Ecclesiam</span> <span class='ocrx_word' id='word_1_65' title='bbox 621 995 737 1058; x_wconf 76' lang='lat' dir='ltr'>rediere</span> <span class='ocrx_word' id='word_1_66' title='bbox 751 993 868 1074; x_wconf 82' lang='lat' dir='ltr'>(eadem</span> <span class='ocrx_word' id='word_1_67' title='bbox 882 993 984 1074; x_wconf 84' lang='lat' dir='ltr'>regula</span> <span class='ocrx_word' id='word_1_68' title='bbox 997 996 1051 1072; x_wconf 76' lang='lat'>2¹).</span> 
     </span>
    </p>

    <p class='ocr_par' dir='ltr' id='par_1_4' title="bbox 180 1082 1159 1326">
     <span class='ocr_line' id='line_1_10' title="bbox 219 1082 1159 1166; baseline 0 -21"><span class='ocrx_word' id='word_1_69' title='bbox 219 1087 251 1145; x_wconf 77' lang='grc' dir='ltr'>3ο</span> <span class='ocrx_word' id='word_1_70' title='bbox 272 1086 350 1148; x_wconf 87' lang='lat' dir='ltr'>Usus</span> <span class='ocrx_word' id='word_1_71' title='bbox 370 1084 545 1146; x_wconf 83' lang='lat' dir='ltr'>versionum</span> <span class='ocrx_word' id='word_1_72' title='bbox 559 1084 673 1146; x_wconf 82' lang='lat' dir='ltr'>Veteris</span> <span class='ocrx_word' id='word_1_73' title='bbox 694 1083 875 1147; x_wconf 87' lang='lat' dir='ltr'>Testamenti</span> <span class='ocrx_word' id='word_1_74' title='bbox 887 1082 1002 1162; x_wconf 83' lang='lat' dir='ltr'>judicio</span> <span class='ocrx_word' id='word_1_75' title='bbox 1015 1083 1159 1166; x_wconf 87' lang='lat' dir='ltr'>Episcopi</span> 
     </span>
     <span class='ocr_line' id='line_1_11' title="bbox 180 1171 1157 1256; baseline 0.002 -22"><span class='ocrx_word' id='word_1_76' title='bbox 180 1171 306 1235; x_wconf 88' lang='lat' dir='ltr'>concedi</span> <span class='ocrx_word' id='word_1_77' title='bbox 320 1178 417 1255; x_wconf 87' lang='lat' dir='ltr'>potest</span> <span class='ocrx_word' id='word_1_78' title='bbox 430 1172 499 1236; x_wconf 93' lang='lat' dir='ltr'>viris</span> <span class='ocrx_word' id='word_1_79' title='bbox 512 1172 608 1235; x_wconf 89' lang='lat' dir='ltr'>doctis</span> <span class='ocrx_word' id='word_1_80' title='bbox 617 1173 649 1235; x_wconf 85' lang='lat' dir='ltr'>ei</span> <span class='ocrx_word' id='word_1_81' title='bbox 655 1172 723 1254; x_wconf 89' lang='lat' dir='ltr'>piis,</span> <span class='ocrx_word' id='word_1_82' title='bbox 735 1171 827 1235; x_wconf 87' lang='lat' dir='ltr'>modd</span> <span class='ocrx_word' id='word_1_83' title='bbox 841 1189 903 1234; x_wconf 91' lang='lat' dir='ltr'>non</span> <span class='ocrx_word' id='word_1_84' title='bbox 913 1178 1058 1256; x_wconf 84' lang='lat' dir='ltr'>tanquam</span> <span class='ocrx_word' id='word_1_85' title='bbox 1070 1178 1157 1236; x_wconf 84' lang='lat' dir='ltr'>textu</span> 
     </span>
     <span class='ocr_line' id='line_1_12' title="bbox 182 1268 416 1326; baseline 0.009 -3"><span class='ocrx_word' id='word_1_86' title='bbox 182 1279 267 1325; x_wconf 89' lang='lat' dir='ltr'>sacro</span> <span class='ocrx_word' id='word_1_87' title='bbox 282 1268 416 1326; x_wconf 85' lang='lat' dir='ltr'>utantur.</span> 
     </span>
    </p>

    <p class='ocr_par' dir='ltr' id='par_1_5' title="bbox 181 1349 1158 1702">
     <span class='ocr_line' id='line_1_13' title="bbox 221 1349 1156 1436; baseline 0.001 -23"><span class='ocrx_word' id='word_1_88' title='bbox 221 1351 251 1413; x_wconf 89' lang='lat' dir='ltr'>Si</span> <span class='ocrx_word' id='word_1_89' title='bbox 265 1351 417 1415; x_wconf 89' lang='lat' dir='ltr'>versiones</span> <span class='ocrx_word' id='word_1_90' title='bbox 428 1372 498 1436; x_wconf 84' lang='lat' dir='ltr'>quae</span> <span class='ocrx_word' id='word_1_91' title='bbox 513 1351 728 1435; x_wconf 89' lang='lat' dir='ltr'>permittuntur</span> <span class='ocrx_word' id='word_1_92' title='bbox 740 1349 852 1412; x_wconf 88' lang='lat' dir='ltr'>habent</span> <span class='ocrx_word' id='word_1_93' title='bbox 866 1367 971 1412; x_wconf 88' lang='lat' dir='ltr'>secum</span> <span class='ocrx_word' id='word_1_94' title='bbox 988 1349 1156 1414; x_wconf 88' lang='lat' dir='ltr'>adnotatio-</span> 
     </span>
     <span class='ocr_line' id='line_1_14' title="bbox 181 1437 1156 1522; baseline 0.001 -21"><span class='ocrx_word' id='word_1_95' title='bbox 181 1457 252 1512; x_wconf 87' lang='lat' dir='ltr'>nes,</span> <span class='ocrx_word' id='word_1_96' title='bbox 269 1442 427 1522; x_wconf 77' lang='lat' dir='ltr'>expunctis</span> <span class='ocrx_word' id='word_1_97' title='bbox 449 1441 523 1504; x_wconf 91' lang='lat' dir='ltr'>locis</span> <span class='ocrx_word' id='word_1_98' title='bbox 541 1440 687 1522; x_wconf 77' lang='lat' dir='ltr'>suspectis</span> <span class='ocrx_word' id='word_1_99' title='bbox 705 1439 889 1502; x_wconf 78' lang='lat' dir='ltr'>aFacultatc</span> <span class='ocrx_word' id='word_1_100' title='bbox 903 1437 1081 1520; x_wconf 68' lang='lat' dir='ltr'>theologica</span> <span class='ocrx_word' id='word_1_101' title='bbox 1101 1441 1156 1503; x_wconf 91' lang='lat' dir='ltr'>ali·</span> 
     </span>
     <span class='ocr_line' id='line_1_15' title="bbox 181 1527 1158 1610; baseline 0 -18"><span class='ocrx_word' id='word_1_102' title='bbox 181 1531 267 1609; x_wconf 85' lang='lat' dir='ltr'>cujus</span> <span class='ocrx_word' id='word_1_103' title='bbox 276 1531 479 1594; x_wconf 85' lang='lat' dir='ltr'>Universitatis</span> <span class='ocrx_word' id='word_1_104' title='bbox 489 1527 648 1591; x_wconf 77' lang='lat' dir='ltr'>Catholicae</span> <span class='ocrx_word' id='word_1_105' title='bbox 658 1535 711 1590; x_wconf 89' lang='lat' dir='ltr'>aut</span> <span class='ocrx_word' id='word_1_106' title='bbox 720 1528 916 1609; x_wconf 90' lang='lat' dir='ltr'>Inquisiticne</span> <span class='ocrx_word' id='word_1_107' title='bbox 925 1529 1077 1605; x_wconf 87' lang='lat' dir='ltr'>Generali,</span> <span class='ocrx_word' id='word_1_108' title='bbox 1091 1549 1158 1610; x_wconf 91' lang='lat' dir='ltr'>per-</span> 
     </span>
     <span class='ocr_line' id='line_1_16' title="bbox 181 1617 1065 1702; baseline 0.001 -23"><span class='ocrx_word' id='word_1_109' title='bbox 181 1618 257 1679; x_wconf 87' lang='lat' dir='ltr'>mitti</span> <span class='ocrx_word' id='word_1_110' title='bbox 272 1617 385 1681; x_wconf 92' lang='lat' dir='ltr'>eisdem</span> <span class='ocrx_word' id='word_1_111' title='bbox 399 1624 539 1702; x_wconf 92' lang='lat' dir='ltr'>poterunt</span> <span class='ocrx_word' id='word_1_112' title='bbox 550 1617 661 1699; x_wconf 87' lang='lat' dir='ltr'>quibua</span> <span class='ocrx_word' id='word_1_113' title='bbox 674 1625 704 1680; x_wconf 88' lang='lat' dir='ltr'>et</span> <span class='ocrx_word' id='word_1_114' title='bbox 716 1618 869 1680; x_wconf 83' lang='lat' dir='ltr'>versiones</span> <span class='ocrx_word' id='word_1_115' title='bbox 884 1617 999 1698; x_wconf 88' lang='lat' dir='ltr'>(regula</span> <span class='ocrx_word' id='word_1_116' title='bbox 1013 1621 1065 1698; x_wconf 79' lang='lat'>3¹).</span> 
     </span>
    </p>

    <p class='ocr_par' dir='ltr' id='par_1_6' title="bbox 180 1705 1159 2143">
     <span class='ocr_line' id='line_1_17' title="bbox 219 1705 1158 1788; baseline 0.005 -20"><span class='ocrx_word' id='word_1_117' title='bbox 219 1713 251 1768; x_wconf 75' lang='lat'>4⁰</span> <span class='ocrx_word' id='word_1_118' title='bbox 263 1706 457 1770; x_wconf 88' lang='lat' dir='ltr'>Probabiliter</span> <span class='ocrx_word' id='word_1_119' title='bbox 471 1707 577 1769; x_wconf 89' lang='lat' dir='ltr'>saltem</span> <span class='ocrx_word' id='word_1_120' title='bbox 591 1707 763 1787; x_wconf 88' lang='lat' dir='ltr'>permittere</span> <span class='ocrx_word' id='word_1_121' title='bbox 773 1712 899 1787; x_wconf 89' lang='lat' dir='ltr'>possunt</span> <span class='ocrx_word' id='word_1_122' title='bbox 914 1705 1071 1788; x_wconf 87' lang='lat' dir='ltr'>Episcopi,</span> <span class='ocrx_word' id='word_1_123' title='bbox 1083 1727 1158 1772; x_wconf 91' lang='lat' dir='ltr'>cum</span> 
     </span>
     <span class='ocr_line' id='line_1_18' title="bbox 181 1794 1158 1876; baseline 0.005 -20"><span class='ocrx_word' id='word_1_124' title='bbox 181 1795 302 1876; x_wconf 87' lang='lat' dir='ltr'>parochi</span> <span class='ocrx_word' id='word_1_125' title='bbox 313 1803 364 1856; x_wconf 90' lang='lat' dir='ltr'>aut</span> <span class='ocrx_word' id='word_1_126' title='bbox 373 1795 546 1858; x_wconf 85' lang='lat' dir='ltr'>confessarii</span> <span class='ocrx_word' id='word_1_127' title='bbox 554 1794 692 1864; x_wconf 85' lang='lat' dir='ltr'>consilio,</span> <span class='ocrx_word' id='word_1_128' title='bbox 703 1812 794 1857; x_wconf 92' lang='lat' dir='ltr'>usum</span> <span class='ocrx_word' id='word_1_129' title='bbox 804 1795 1043 1858; x_wconf 84' lang='lat' dir='ltr'>vernacularum</span> <span class='ocrx_word' id='word_1_130' title='bbox 1051 1797 1158 1861; x_wconf 81' lang='lat' dir='ltr'>Biblive</span> 
     </span>
     <span class='ocr_line' id='line_1_19' title="bbox 180 1881 1159 1966; baseline 0.003 -20"><span class='ocrx_word' id='word_1_131' title='bbox 180 1883 364 1961; x_wconf 83' lang='lat' dir='ltr'>versionum,</span> <span class='ocrx_word' id='word_1_132' title='bbox 380 1884 403 1946; x_wconf 92' lang='lat' dir='ltr'>si</span> <span class='ocrx_word' id='word_1_133' title='bbox 415 1883 587 1966; x_wconf 86' lang='lat' dir='ltr'>approbatae</span> <span class='ocrx_word' id='word_1_134' title='bbox 600 1881 713 1946; x_wconf 88' lang='lat' dir='ltr'>fuerint</span> <span class='ocrx_word' id='word_1_135' title='bbox 725 1902 742 1945; x_wconf 89' lang='lat' dir='ltr'>a</span> <span class='ocrx_word' id='word_1_136' title='bbox 756 1885 787 1946; x_wconf 89' lang='lat' dir='ltr'>S.</span> <span class='ocrx_word' id='word_1_137' title='bbox 812 1884 909 1961; x_wconf 89' lang='lat' dir='ltr'>Sede,</span> <span class='ocrx_word' id='word_1_138' title='bbox 925 1891 977 1946; x_wconf 88' lang='lat' dir='ltr'>aut</span> <span class='ocrx_word' id='word_1_139' title='bbox 995 1885 1082 1948; x_wconf 78' lang='lat' dir='ltr'>editae</span> <span class='ocrx_word' id='word_1_140' title='bbox 1095 1887 1159 1950; x_wconf 88' lang='lat' dir='ltr'>sint</span> 
     </span>
     <span class='ocr_line' id='line_1_20' title="bbox 181 1971 1159 2038; baseline 0.005 -5"><span class='ocrx_word' id='word_1_141' title='bbox 181 1989 250 2034; x_wconf 89' lang='lat' dir='ltr'>cum</span> <span class='ocrx_word' id='word_1_142' title='bbox 267 1971 511 2036; x_wconf 82' lang='lat' dir='ltr'>adnotationibus</span> <span class='ocrx_word' id='word_1_143' title='bbox 531 1973 584 2035; x_wconf 88' lang='lat' dir='ltr'>SS.</span> <span class='ocrx_word' id='word_1_144' title='bbox 605 1973 729 2034; x_wconf 84' lang='lat' dir='ltr'>Petrum</span> <span class='ocrx_word' id='word_1_145' title='bbox 748 1979 800 2035; x_wconf 90' lang='lat' dir='ltr'>aut</span> <span class='ocrx_word' id='word_1_146' title='bbox 812 1975 978 2036; x_wconf 88' lang='lat' dir='ltr'>Doctorum</span> <span class='ocrx_word' id='word_1_147' title='bbox 997 1975 1159 2038; x_wconf 89' lang='lat' dir='ltr'>catholico·</span> 
     </span>
     <span class='ocr_line' id='line_1_21' title="bbox 180 2061 793 2143; baseline 0.003 -21"><span class='ocrx_word' id='word_1_148' title='bbox 180 2079 249 2124; x_wconf 92' lang='lat' dir='ltr'>rum</span> <span class='ocrx_word' id='word_1_149' title='bbox 266 2080 273 2123; x_wconf 93' lang='lat'><strong>:</strong></span> <span class='ocrx_word' id='word_1_150' title='bbox 289 2061 394 2143; x_wconf 87' lang='lat' dir='ltr'>regula</span> <span class='ocrx_word' id='word_1_151' title='bbox 407 2067 437 2134; x_wconf 74' lang='lat' dir='ltr'>d,</span> <span class='ocrx_word' id='word_1_152' title='bbox 453 2068 482 2124; x_wconf 88' lang='lat' dir='ltr'>el</span> <span class='ocrx_word' id='word_1_153' title='bbox 498 2061 609 2124; x_wconf 88' lang='lat' dir='ltr'>Bened.</span> <span class='ocrx_word' id='word_1_154' title='bbox 626 2063 691 2124; x_wconf 87' lang='lat' dir='ltr'>XIV</span> <span class='ocrx_word' id='word_1_155' title='bbox 702 2063 793 2141; x_wconf 76' lang='lat'><strong>(737).</strong></span> 
     </span>
    </p>

    <p class='ocr_par' dir='ltr' id='par_1_7' title="bbox 180 2150 1158 2499">
     <span class='ocr_line' id='line_1_22' title="bbox 220 2150 1158 2234; baseline 0.007 -22"><span class='ocrx_word' id='word_1_156' title='bbox 220 2155 251 2212; x_wconf 79' lang='lat'>5⁰</span> <span class='ocrx_word' id='word_1_157' title='bbox 272 2151 352 2213; x_wconf 87' lang='lat' dir='ltr'>Libri</span> <span class='ocrx_word' id='word_1_158' title='bbox 362 2152 413 2234; x_wconf 91' lang='lat' dir='ltr'>qui</span> <span class='ocrx_word' id='word_1_159' title='bbox 424 2153 516 2234; x_wconf 81' lang='lat' dir='ltr'>opert</span> <span class='ocrx_word' id='word_1_160' title='bbox 529 2150 740 2212; x_wconf 79' lang='lat' dir='ltr'>hereticorum</span> <span class='ocrx_word' id='word_1_161' title='bbox 755 2150 922 2231; x_wconf 89' lang='lat' dir='ltr'>prodeunt,</span> <span class='ocrx_word' id='word_1_162' title='bbox 935 2151 1028 2215; x_wconf 90' lang='lat' dir='ltr'>sedin</span> <span class='ocrx_word' id='word_1_163' title='bbox 1044 2153 1158 2234; x_wconf 86' lang='lat' dir='ltr'>quibus</span> 
     </span>
     <span class='ocr_line' id='line_1_23' title="bbox 180 2239 1155 2325; baseline 0.004 -23"><span class='ocrx_word' id='word_1_164' title='bbox 180 2258 274 2321; x_wconf 88' lang='lat' dir='ltr'>pauca</span> <span class='ocrx_word' id='word_1_165' title='bbox 289 2239 327 2302; x_wconf 89' lang='lat' dir='ltr'>de</span> <span class='ocrx_word' id='word_1_166' title='bbox 340 2259 396 2304; x_wconf 92' lang='lat' dir='ltr'>suo</span> <span class='ocrx_word' id='word_1_167' title='bbox 410 2245 583 2322; x_wconf 87' lang='lat' dir='ltr'>apponunt,</span> <span class='ocrx_word' id='word_1_168' title='bbox 594 2243 661 2320; x_wconf 87' lang='lat' dir='ltr'>post</span> <span class='ocrx_word' id='word_1_169' title='bbox 674 2239 939 2320; x_wconf 80' lang='lat' dir='ltr'>expurgationem,</span> <span class='ocrx_word' id='word_1_170' title='bbox 949 2241 973 2302; x_wconf 91' lang='lat' dir='ltr'>si</span> <span class='ocrx_word' id='word_1_171' title='bbox 983 2241 1155 2325; x_wconf 85' lang='lat' dir='ltr'>indigeant,</span> 
     </span>
     <span class='ocr_line' id='line_1_24' title="bbox 180 2325 1157 2412; baseline 0.005 -22"><span class='ocrx_word' id='word_1_172' title='bbox 180 2328 218 2390; x_wconf 88' lang='lat' dir='ltr'>ab</span> <span class='ocrx_word' id='word_1_173' title='bbox 237 2328 389 2412; x_wconf 86' lang='lat' dir='ltr'>Episcopis</span> <span class='ocrx_word' id='word_1_174' title='bbox 412 2335 442 2390; x_wconf 90' lang='lat' dir='ltr'>et</span> <span class='ocrx_word' id='word_1_175' title='bbox 464 2325 838 2410; x_wconf 86' lang='lat' dir='ltr'>lnquisitoribuslactam,</span> <span class='ocrx_word' id='word_1_176' title='bbox 853 2329 1090 2411; x_wconf 84' lang='lat' dir='ltr'>permittuntur:</span> <span class='ocrx_word' id='word_1_177' title='bbox 1106 2352 1157 2396; x_wconf 90' lang='lat' dir='ltr'>re-</span> 
     </span>
     <span class='ocr_line' id='line_1_25' title="bbox 180 2418 401 2499; baseline 0.009 -21"><span class='ocrx_word' id='word_1_178' title='bbox 180 2418 250 2499; x_wconf 84' lang='lat' dir='ltr'>gula</span> <span class='ocrx_word' id='word_1_179' title='bbox 264 2424 294 2481; x_wconf 81' lang='lat'>5·</span> <span class='ocrx_word' id='word_1_180' title='bbox 309 2421 401 2498; x_wconf 75' lang='lat'><strong>(738).</strong></span> 
     </span>
    </p>

    <p class='ocr_par' dir='ltr' id='par_1_8' title="bbox 180 2502 1178 2770">
     <span class='ocr_line' id='line_1_26' title="bbox 220 2502 1178 2574; baseline 0.006 -6"><span class='ocrx_word' id='word_1_181' title='bbox 220 2511 253 2568; x_wconf 83' lang='lat'>6⁰</span> <span class='ocrx_word' id='word_1_182' title='bbox 273 2510 316 2570; x_wconf 88' lang='lat' dir='ltr'>De</span> <span class='ocrx_word' id='word_1_183' title='bbox 333 2507 414 2569; x_wconf 91' lang='lat' dir='ltr'>libris</span> <span class='ocrx_word' id='word_1_184' title='bbox 427 2502 698 2569; x_wconf 83' lang='lat' dir='ltr'>controversiarum</span> <span class='ocrx_word' id='word_1_185' title='bbox 719 2505 797 2568; x_wconf 90' lang='lat' dir='ltr'>inter</span> <span class='ocrx_word' id='word_1_186' title='bbox 814 2505 977 2570; x_wconf 87' lang='lat' dir='ltr'>catholicos</span> <span class='ocrx_word' id='word_1_187' title='bbox 992 2513 1023 2572; x_wconf 90' lang='lat' dir='ltr'>et</span> <span class='ocrx_word' id='word_1_188' title='bbox 1035 2508 1178 2574; x_wconf 48' lang='lat' dir='ltr'>nereus·</span> 
     </span>
     <span class='ocr_line' id='line_1_27' title="bbox 180 2592 1156 2680; baseline 0.006 -22"><span class='ocrx_word' id='word_1_189' title='bbox 180 2614 232 2658; x_wconf 87' lang='lat' dir='ltr'>cos</span> <span class='ocrx_word' id='word_1_190' title='bbox 246 2597 401 2678; x_wconf 85' lang='lat' dir='ltr'>praesentis</span> <span class='ocrx_word' id='word_1_191' title='bbox 420 2595 583 2676; x_wconf 84' lang='lat' dir='ltr'>temporis,</span> <span class='ocrx_word' id='word_1_192' title='bbox 598 2592 703 2675; x_wconf 77' lang='lat' dir='ltr'>lingua</span> <span class='ocrx_word' id='word_1_193' title='bbox 724 2593 838 2677; x_wconf 90' lang='lat' dir='ltr'>vulgari</span> <span class='ocrx_word' id='word_1_194' title='bbox 856 2597 1053 2680; x_wconf 87' lang='lat' dir='ltr'>conscriptis,</span> <span class='ocrx_word' id='word_1_195' title='bbox 1073 2598 1156 2664; x_wconf 86' lang='lat' dir='ltr'>idem</span> 
     </span>
     <span class='ocr_line' id='line_1_28' title="bbox 180 2682 1153 2770; baseline 0.005 -23"><span class='ocrx_word' id='word_1_196' title='bbox 180 2682 1153 2770; x_wconf 65' lang='lat' dir='ltr'>estdicendumquoddcbibliisvulgarilinguteditispegulad).</span> 
     </span>
    </p>

    <p class='ocr_par' dir='ltr' id='par_1_9' title="bbox 181 2773 1156 3032">
     <span class='ocr_line' id='line_1_29' title="bbox 219 2773 1156 2858; baseline 0.006 -22"><span class='ocrx_word' id='word_1_197' title='bbox 219 2779 251 2836; x_wconf 76' lang='lat'>7⁰</span> <span class='ocrx_word' id='word_1_198' title='bbox 270 2775 342 2836; x_wconf 86' lang='lat' dir='ltr'>Post</span> <span class='ocrx_word' id='word_1_199' title='bbox 373 2773 618 2838; x_wconf 87' lang='lat' dir='ltr'>emendationem</span> <span class='ocrx_word' id='word_1_200' title='bbox 651 2779 778 2854; x_wconf 89' lang='lat' dir='ltr'>possunt</span> <span class='ocrx_word' id='word_1_201' title='bbox 808 2773 948 2856; x_wconf 84' lang='lat' dir='ltr'>Episcopi</span> <span class='ocrx_word' id='word_1_202' title='bbox 982 2777 1156 2858; x_wconf 86' lang='lat' dir='ltr'>permittere</span> 
     </span>
     <span class='ocr_line' id='line_1_30' title="bbox 181 2861 1155 2946; baseline 0.009 -23"><span class='ocrx_word' id='word_1_203' title='bbox 181 2861 273 2926; x_wconf 91' lang='lat' dir='ltr'>libros</span> <span class='ocrx_word' id='word_1_204' title='bbox 286 2865 316 2926; x_wconf 93' lang='lat' dir='ltr'>in</span> <span class='ocrx_word' id='word_1_205' title='bbox 330 2863 432 2945; x_wconf 85' lang='lat' dir='ltr'>aliquo</span> <span class='ocrx_word' id='word_1_206' title='bbox 445 2881 540 2944; x_wconf 89' lang='lat' dir='ltr'>regno</span> <span class='ocrx_word' id='word_1_207' title='bbox 554 2861 599 2924; x_wconf 93' lang='lat' dir='ltr'>vcl</span> <span class='ocrx_word' id='word_1_208' title='bbox 615 2861 767 2944; x_wconf 75' lang='lat' dir='ltr'>provincia</span> <span class='ocrx_word' id='word_1_209' title='bbox 779 2862 960 2946; x_wconf 89' lang='lat' dir='ltr'>prohibitos,</span> <span class='ocrx_word' id='word_1_210' title='bbox 976 2865 1001 2928; x_wconf 92' lang='lat' dir='ltr'>si</span> <span class='ocrx_word' id='word_1_211' title='bbox 1016 2873 1155 2933; x_wconf 86' lang='lat' dir='ltr'>auctores</span> 
     </span>
     <span class='ocr_line' id='line_1_31' title="bbox 181 2951 721 3032; baseline -0.004 -19"><span class='ocrx_word' id='word_1_212' title='bbox 181 2952 317 3016; x_wconf 86' lang='lat' dir='ltr'>catholici</span> <span class='ocrx_word' id='word_1_213' title='bbox 332 2959 404 3015; x_wconf 90' lang='lat' dir='ltr'>sunt</span> <span class='ocrx_word' id='word_1_214' title='bbox 417 2951 534 3030; x_wconf 84' lang='lat' dir='ltr'>(eadem</span> <span class='ocrx_word' id='word_1_215' title='bbox 548 2951 653 3032; x_wconf 89' lang='lat' dir='ltr'>regula</span> <span class='ocrx_word' id='word_1_216' title='bbox 667 2951 721 3028; x_wconf 69' lang='grc' dir='ltr'>θ’).</span> 
     </span>
    </p>

    <p class='ocr_par' dir='ltr' id='par_1_10' title="bbox 181 3025 1277 3301">
     <span class='ocr_line' id='line_1_32' title="bbox 220 3025 1277 3124; baseline 0.006 -20"><span class='ocrx_word' id='word_1_217' title='bbox 220 3044 251 3104; x_wconf 86' lang='lat'>8⁰</span> <span class='ocrx_word' id='word_1_218' title='bbox 273 3042 319 3103; x_wconf 81' lang='lat' dir='ltr'>ad</span> <span class='ocrx_word' id='word_1_219' title='bbox 332 3025 498 3122; x_wconf 78' lang='lat' dir='ltr'>Episcopos</span> <span class='ocrx_word' id='word_1_220' title='bbox 511 3046 541 3102; x_wconf 90' lang='lat' dir='ltr'>et</span> <span class='ocrx_word' id='word_1_221' title='bbox 553 3039 746 3122; x_wconf 88' lang='lat' dir='ltr'>inquisitores</span> <span class='ocrx_word' id='word_1_222' title='bbox 767 3039 905 3104; x_wconf 88' lang='lat' dir='ltr'>loccmm</span> <span class='ocrx_word' id='word_1_223' title='bbox 918 3043 1069 3124; x_wconf 90' lang='lat' dir='ltr'>pertinent</span> <span class='ocrx_word' id='word_1_224' title='bbox 1082 3064 1154 3110; x_wconf 84' lang='lat' dir='ltr'>exa·</span> <span class='ocrx_word' id='word_1_225' title='bbox 1276 3067 1277 3071; x_wconf 44' lang='lat'>¹</span> 
     </span>
     <span class='ocr_line' id='line_1_33' title="bbox 181 3129 1155 3212; baseline 0.007 -20"><span class='ocrx_word' id='word_1_226' title='bbox 181 3148 252 3192; x_wconf 92' lang='lat' dir='ltr'>men</span> <span class='ocrx_word' id='word_1_227' title='bbox 274 3138 303 3193; x_wconf 90' lang='lat' dir='ltr'>et</span> <span class='ocrx_word' id='word_1_228' title='bbox 329 3129 504 3212; x_wconf 90' lang='lat' dir='ltr'>approbatio</span> <span class='ocrx_word' id='word_1_229' title='bbox 528 3129 676 3192; x_wconf 90' lang='lat' dir='ltr'>librorum</span> <span class='ocrx_word' id='word_1_230' title='bbox 698 3129 971 3211; x_wconf 87' lang='lat' dir='ltr'>imprimendorum</span> <span class='ocrx_word' id='word_1_231' title='bbox 990 3140 1021 3196; x_wconf 89' lang='lat' dir='ltr'>et</span> <span class='ocrx_word' id='word_1_232' title='bbox 1043 3153 1155 3199; x_wconf 90' lang='lat' dir='ltr'>manu-</span> 
     </span>
     <span class='ocr_line' id='line_1_34' title="bbox 182 3218 574 3301; baseline -0.003 -19"><span class='ocrx_word' id='word_1_233' title='bbox 182 3221 361 3301; x_wconf 87' lang='lat' dir='ltr'>scriptomm</span> <span class='ocrx_word' id='word_1_234' title='bbox 376 3218 492 3300; x_wconf 84' lang='lat' dir='ltr'>(regula</span> <span class='ocrx_word' id='word_1_235' title='bbox 503 3221 574 3298; x_wconf 54' lang='lat' dir='ltr'>lot).</span> 
     </span>
    </p>

    <p class='ocr_par' dir='ltr' id='par_1_11' title="bbox 182 3307 1154 3650">
     <span class='ocr_line' id='line_1_35' title="bbox 220 3307 1154 3395; baseline 0.011 -25"><span class='ocrx_word' id='word_1_236' title='bbox 220 3312 253 3370; x_wconf 76' lang='lat'>9⁰</span> <span class='ocrx_word' id='word_1_237' title='bbox 273 3309 315 3370; x_wconf 82' lang='lat' dir='ltr'>Ex</span> <span class='ocrx_word' id='word_1_238' title='bbox 330 3307 436 3370; x_wconf 72' lang='lat' dir='ltr'>eedem</span> <span class='ocrx_word' id='word_1_239' title='bbox 456 3307 561 3386; x_wconf 79' lang='lat' dir='ltr'>regula</span> <span class='ocrx_word' id='word_1_240' title='bbox 585 3312 640 3387; x_wconf 85' lang='lat' dir='ltr'>lu,</span> <span class='ocrx_word' id='word_1_241' title='bbox 653 3309 704 3390; x_wconf 86' lang='lat' dir='ltr'>jus</span> <span class='ocrx_word' id='word_1_242' title='bbox 716 3308 828 3373; x_wconf 88' lang='lat' dir='ltr'>habent</span> <span class='ocrx_word' id='word_1_243' title='bbox 852 3311 993 3395; x_wconf 87' lang='lat' dir='ltr'>Episcopi</span> <span class='ocrx_word' id='word_1_244' title='bbox 1013 3311 1154 3380; x_wconf 86' lang='lat' dir='ltr'>visitandi</span> 
     </span>
     <span class='ocr_line' id='line_1_36' title="bbox 182 3394 1153 3484; baseline 0.012 -27"><span class='ocrx_word' id='word_1_245' title='bbox 182 3394 375 3459; x_wconf 89' lang='lat' dir='ltr'>bibliothecas</span> <span class='ocrx_word' id='word_1_246' title='bbox 389 3397 535 3460; x_wconf 91' lang='lat' dir='ltr'>librorum</span> <span class='ocrx_word' id='word_1_247' title='bbox 548 3399 751 3474; x_wconf 90' lang='lat' dir='ltr'>venalium,et</span> <span class='ocrx_word' id='word_1_248' title='bbox 760 3399 825 3462; x_wconf 87' lang='lat' dir='ltr'>loca</span> <span class='ocrx_word' id='word_1_249' title='bbox 834 3399 887 3463; x_wconf 91' lang='lat' dir='ltr'>ubi</span> <span class='ocrx_word' id='word_1_250' title='bbox 900 3419 949 3463; x_wconf 86' lang='lat' dir='ltr'>ars</span> <span class='ocrx_word' id='word_1_251' title='bbox 963 3401 1153 3484; x_wconf 88' lang='lat' dir='ltr'>impressoria</span> 
     </span>
     <span class='ocr_line' id='line_1_37' title="bbox 182 3485 1152 3575; baseline 0.009 -27"><span class='ocrx_word' id='word_1_252' title='bbox 182 3493 348 3565; x_wconf 88' lang='lat' dir='ltr'>exercetur,</span> <span class='ocrx_word' id='word_1_253' title='bbox 366 3493 400 3548; x_wconf 92' lang='lat' dir='ltr'>ut</span> <span class='ocrx_word' id='word_1_254' title='bbox 417 3485 490 3547; x_wconf 93' lang='lat' dir='ltr'>nihil</span> <span class='ocrx_word' id='word_1_255' title='bbox 514 3485 624 3549; x_wconf 92' lang='lat' dir='ltr'>horum</span> <span class='ocrx_word' id='word_1_256' title='bbox 641 3505 709 3569; x_wconf 86' lang='lat' dir='ltr'>quae</span> <span class='ocrx_word' id='word_1_257' title='bbox 723 3487 930 3569; x_wconf 90' lang='lat' dir='ltr'>prohibentur,</span> <span class='ocrx_word' id='word_1_258' title='bbox 951 3490 1152 3575; x_wconf 89' lang='lat' dir='ltr'>imprimatur,</span> 
     </span>
     <span class='ocr_line' id='line_1_38' title="bbox 183 3573 635 3650; baseline 0 -14"><span class='ocrx_word' id='word_1_259' title='bbox 183 3583 235 3636; x_wconf 86' lang='lat' dir='ltr'>aut</span> <span class='ocrx_word' id='word_1_260' title='bbox 246 3573 401 3650; x_wconf 90' lang='lat' dir='ltr'>vendatur,</span> <span class='ocrx_word' id='word_1_261' title='bbox 417 3582 469 3636; x_wconf 88' lang='lat' dir='ltr'>aut</span> <span class='ocrx_word' id='word_1_262' title='bbox 482 3573 635 3637; x_wconf 89' lang='lat' dir='ltr'>habeatur.</span> 
     </span>
    </p>
   </div>
   <div class='ocr_carea' id='block_1_3' title="bbox 224 3661 1277 3750">
    <p class='ocr_par' dir='ltr' id='par_1_12' title="bbox 224 3661 1277 3750">
     <span class='ocr_line' id='line_1_39' title="bbox 224 3661 1277 3750; baseline 0.012 -26"><span class='ocrx_word' id='word_1_263' title='bbox 224 3665 274 3726; x_wconf 75' lang='lat'>¹0⁰</span> <span class='ocrx_word' id='word_1_264' title='bbox 294 3662 479 3726; x_wconf 83' lang='lat' dir='ltr'>Facultatem</span> <span class='ocrx_word' id='word_1_265' title='bbox 504 3661 615 3727; x_wconf 86' lang='lat' dir='ltr'>habent</span> <span class='ocrx_word' id='word_1_266' title='bbox 641 3663 781 3748; x_wconf 85' lang='lat' dir='ltr'>Episcopi</span> <span class='ocrx_word' id='word_1_267' title='bbox 808 3666 986 3750; x_wconf 90' lang='lat' dir='ltr'>prohibendi</span> <span class='ocrx_word' id='word_1_268' title='bbox 1007 3669 1099 3734; x_wconf 88' lang='lat' dir='ltr'>libros</span> <span class='ocrx_word' id='word_1_269' title='bbox 1120 3674 1154 3737; x_wconf 90' lang='lat' dir='ltr'>in</span> <span class='ocrx_word' id='word_1_270' title='bbox 1276 3661 1277 3674; x_wconf 47' lang='lat'>¹</span> 
     </span>
    </p>
   </div>
   <div class='ocr_carea' id='block_1_4' title="bbox 0 0 1295 4006">
    <p class='ocr_par' dir='ltr' id='par_1_13' title="bbox 0 0 1295 4006">
     <span class='ocr_line' id='line_1_40' title="bbox 0 0 1295 4006; baseline 0 0"><span class='ocrx_word' id='word_1_271' title='bbox 0 0 1295 4006; x_wconf 95' lang='lat' dir='ltr'> </span> 
     </span>
    </p>
   </div>
  </div>
 </body>
</html>
