2546 3992
228 149 286 214 tea
445 167 583 216 annosae
601 165 705 214 sonus
723 165 807 214 rcsrs
827 166 975 214 enaomcr.

137 267 138 274 '
230 271 850 348 Concil.trident,concederevalenttam
861 269 1083 352 Metropolitum
1094 269 1195 351 quant,

228 359 278 420 illo
292 359 430 434 absente,
441 362 627 443 antiquiores
636 359 822 442 suffraganei
840 359 1024 422 residentes:
1038 357 1090 424 sed
1100 359 1196 440 quoad

227 447 284 510 hoc
302 449 416 511 Concil.
441 449 574 512 Trident.
591 449 646 512 luit
660 449 855 511 reformatum
874 447 913 510 ab
927 449 1052 513 Urbano
1066 450 1149 522 vlu,
1168 449 1195 509 in

71 517 72 520 Ἴ
136 539 137 542 ’
226 538 444 600 Constitutione
456 537 567 600 Sancta
582 537 739 619 rigaudus,
754 542 792 600 ta
803 537 973 601 decembris
989 540 1077 612 tuat,
1091 537 1197 598 conllr-

226 629 304 688 mata
319 645 373 707 per
387 626 505 690 Bullam
520 627 571 690 Ad
583 628 719 689 raniverso
734 627 846 690 Bened.
863 629 940 702 xlv,
957 627 989 687 in
1003 629 1065 706 qut
1078 625 1197 705 Episco-

225 714 503 796 pisprobibeturne
517 717 607 778 asuis
619 715 799 778 dioecesibus
820 713 988 790 discedant,
1009 713 1069 775 nisi
1084 713 1197 777 aalma

222 803 307 884 paulu
325 802 344 864 ἁ
365 803 458 867 Nobis
480 813 510 866 et
527 805 656 866 Ronmno
673 805 818 887 Pontifiee
833 823 891 887 pro
910 812 1036 886 tempore
1056 804 1198 866 existente

225 891 345 954 lieentul
361 892 505 976 prefeld.
1169 891 1172 896 ’

262 984 332 1044 890.
347 982 450 1044 Causae
464 1001 555 1064 supra
569 983 731 1044 enuntiatae
745 984 764 1044 l
776 981 889 1045 Concil.
905 981 987 1044 urio.
999 1030 1007 1060 ‚
1021 981 1199 1064 regulariter

224 1087 284 1130 non
307 1069 477 1150 legitimam
496 1072 664 1134 absentiam
681 1072 899 1153 Episcoporum
914 1070 971 1132 nisi
989 1070 1021 1132 in
1048 1078 1196 1151 quantum

223 1159 337 1221 aceedit
360 1159 512 1242 pontificia
529 1160 664 1237 licentia,
682 1168 714 1222 ut
736 1167 817 1242 patet
831 1179 866 1222 ex
882 1160 989 1222 endem
1010 1159 1146 1222 Concilio
1170 1169 1199 1222 et

224 1246 355 1329 praelatis
371 1249 483 1313 Urbani
498 1251 562 1311 Vlll
579 1256 610 1312 et
623 1249 736 1312 Bencd.
753 1251 818 1311 Xllt
830 1249 1111 1311 Constitutionibus.
1124 1251 1197 1322 Qui-

222 1336 291 1400 dum
306 1347 408 1402 tamen
422 1357 511 1402 casus
524 1347 595 1403 sunt
608 1339 776 1420 excipiendi
789 1359 796 1400 :

264 1432 294 1489 t⁰
316 1427 437 1511 Absque
458 1429 519 1492 utta
542 1428 662 1490 licentia
684 1435 809 1510 possunt
828 1429 985 1510 Episcopi,
1002 1427 1040 1489 ad
1053 1426 1197 1491 visitanda

222 1519 310 1580 Sacra
319 1518 473 1592 Liminaa
483 1517 544 1580 suis
556 1517 847 1580 dioeoesibusabesse
858 1537 911 1599 per
920 1524 1049 1599 quatuor
1062 1535 1196 1594 menses,

224 1607 249 1667 si
263 1607 401 1668 diaecesis
416 1609 493 1668 intra
507 1605 621 1668 ltaliam
636 1607 761 1684 existen
777 1625 832 1688 per
845 1607 961 1688 septe‘m
973 1607 1043 1667 verb
1058 1623 1195 1682 menses,

222 1694 245 1754 si
260 1695 298 1755 sit
312 1701 405 1756 extra.
423 1694 687 1759 ltaUrbanusVlll
702 1695 733 1756 in
744 1695 866 1778 praefata
879 1695 964 1759 Bulla
979 1693 1088 1756 Sancta
1100 1693 1198 1776 Syno

221 1779 286 1857 dus,
306 1783 385 1864 512.

259 1874 290 1930 2⁰
308 1871 432 1952 Absque
453 1871 516 1934 utta
529 1871 651 1935 licentil
669 1871 775 1935 abesse
790 1879 917 1955 possunt
940 1872 1081 1954 Episcopi
1096 1879 1131 1934 ut
1145 1874 1197 1935 in-

219 1957 323 2021 tersint
367 1959 501 2023 Concilio
535 1961 711 2024 Provinclali
738 1963 785 2024 rel
812 1963 946 2024 Comitiis
975 1961 1195 2038 Generatim,

218 2048 339 2130 quando
353 2050 469 2113 ratione
484 2045 621 2113 muneris
635 2069 689 2113 seu
712 2051 801 2113 officii
819 2051 952 2134 propriis
978 2050 1122 2112 Ecclesiis
1137 2053 1195 2114 ad-

214 2137 324 2217 juncti,
339 2139 375 2200 ad
399 2158 451 2202 eos
466 2141 594 2222 pertinet
607 2141 755 2218 eiusmodi
774 2141 902 2202 coetibus
917 2140 1061 2202 interesse
1077 2158 1084 2200 :
1100 2159 1196 2202 cons-

216 2233 258 2288 tat
270 2247 306 2290 ex
321 2228 428 2290 eadem
443 2229 529 2290 Bulla
552 2227 662 2290 Urbani
687 2231 763 2305 vlu,
776 2229 794 2309 ξ
809 2233 865 2304 to;
882 2236 912 2290 et
925 2228 1040 2291 Concil.
1058 2228 1194 2292 Trident.

216 2335 307 2396 supra
335 2318 430 2381 relato
454 2321 474 2381 ¹.
500 2317 727 2380 Observandum
749 2327 850 2380 tamen
876 2317 958 2399 quod
988 2317 1070 2379 addit
1095 2318 1196 2382 Urba-

216 2423 274 2468 nus
295 2409 361 2468 lllll
376 2407 498 2484 (ibid.):
520 2407 692 2468 «Nolumus
714 2425 800 2488 posse
818 2405 950 2488 aliquem
964 2425 996 2468 se
1010 2425 1154 2469 excusare
1166 2407 1197 2484 (a

215 2517 229 2553 u
256 2514 326 2559 non
355 2495 483 2577 petenda
507 2495 657 2578 licentia),
674 2503 819 2577 praetextu
835 2499 1057 2577 cujuscumque
1080 2497 1196 2558 servitii

214 2605 229 2640 o
254 2584 481 2664 quomodolibet
494 2583 615 2666 praestiti
631 2592 659 2646 et
674 2584 833 2666 praestandi
849 2605 903 2666 pro
917 2583 1059 2666 gerendis
1072 2591 1190 2648 ettrao-

215 2691 230 2728 n
255 2673 355 2735 tondis
375 2673 505 2756 negotiis
526 2691 792 2755 quorumcumque
808 2674 998 2754 principum,
1024 2681 1074 2735 aut
1087 2691 1193 2737 rerum

216 2782 231 2818 u
256 2761 467 2841 publicarum,
483 2781 646 2843 regnorum
662 2769 689 2824 ct
704 2763 929 2843 provinciarum
942 2783 949 2840 3
968 2781 1025 2825 neo
1039 2763 1129 2824 etiam
1139 2781 1191 2823 ra-

214 2871 229 2907 n
254 2849 336 2912 tione
349 2851 512 2930 cujuslibet
517 2851 661 2930 jussionis
676 2851 721 2912 rel
735 2851 868 2913 mandati
883 2869 989 2914 eorum
1002 2849 1047 2913 vel
1061 2867 1170 2912 earum
1182 2871 1192 2929 3

243 2977 251 3006 ¹
277 2974 378 3026 llubitat
396 2975 455 3027 verb
469 2976 496 3026 ll.
518 2975 597 3027 Boulx
609 2976 653 3041 (lle
665 2977 802 3042 Episcopo,
816 2981 833 3026 l.
858 2976 883 3036 2,
896 2992 920 3042 p.
940 2977 980 3040 ll)
991 2991 1022 3027 an
1034 2975 1132 3042 prelata
1145 2975 1194 3027 de-

214 3044 274 3096 cisio
287 3045 319 3096 sit
338 3047 483 3112 applicanda
503 3047 629 3113 Episcopis
647 3055 672 3098 et
690 3048 879 3108 cardinalibus,
896 3045 939 3114 qul
956 3047 981 3097 in
994 3045 1070 3100 Gallit
1084 3047 1193 3099 Senatus

212 3116 321 3169 Comitiis
334 3118 371 3169 val
384 3117 785 3186 supremolnstructionlspubtlcae
796 3119 941 3184 congressui
955 3117 1073 3170 interesse
1086 3118 1190 3170 debent.

212 3187 283 3239 Ratio
307 3188 435 3238 dubitandi
460 3195 496 3241 est
520 3188 585 3255 qudd
605 3197 653 3239 tam
678 3189 895 3242 eoncittrident.
918 3189 992 3256 quum
1004 3189 1183 3242 UrbnnnsVlll

213 3259 345 3325 loquentur
356 3261 474 3311 duntaxat
496 3261 527 3311 de
541 3277 642 3311 munere
655 3268 679 3310 et
691 3261 832 3327 reipublicae
846 3259 927 3312 allicio
942 3261 1128 3327 Episcopatibus
1139 3262 1189 3310 ad-

212 3331 295 3397 juncto
310 3349 316 3391 ;
330 3332 402 3397 porrll
422 3348 470 3382 non
483 3347 514 3383 ea
535 3347 635 3382 munere
647 3349 692 3382 sur·
708 3333 863 3398 Episcopatui
891 3333 1022 3398 adjuncto.
1036 3333 1093 3391 sed.
1107 3333 1144 3382 vel
1158 3349 1188 3384 eo

214 3402 279 3468 qudd
301 3411 351 3454 srnt
371 3404 528 3458 Casilinates.
543 3403 579 3453 vel
600 3403 761 3467 designentur
775 3405 806 3454 ab
822 3404 970 3470 lnrperature
984 3443 990 3460 .
1004 3403 1126 3453 irtersunt
1150 3403 1187 3453 his
1254 3451 1255 3464 ,

211 3473 321 3525 Conuiuis
334 3476 371 3526 rel
389 3473 566 3540 congressibus
579 3473 657 3523 nostri
670 3473 810 3525 Cardinales
826 3483 867 3524 aut
880 3469 1018 3526 antistites.
1032 3473 1102 3526 Unde
1111 3474 1188 3524 tutiirs
1254 3467 1255 3486 ¹

211 3545 334 3595 existimat
348 3545 461 3612 prefatus
475 3551 561 3594 auctor
570 3549 597 3592 ut
613 3543 645 3593 ad
659 3543 684 3594 S.
697 3543 843 3596 Pontificem
855 3551 982 3596 recurrant
994 3560 1038 3610 pru
1050 3544 1188 3598 obtinendi

210 3611 236 3664 lu
249 3615 286 3666 bis
302 3617 399 3666 casibus
412 3613 543 3666 abessendi
557 3612 663 3664 licentia.
