2588 3994
162 278 217 341 118
377 292 514 340 usuram
534 289 636 338 acrius
656 289 737 337 mars
758 287 906 336 canonici.

199 401 233 460 In
246 396 304 460 hoc
322 393 443 458 saeculo
453 395 520 457 XVI
534 394 718 476 prasertim,
733 390 859 454 invaluit
880 407 953 453 usus
970 388 1133 452 adhibendi

162 505 249 550 voces
255 485 405 547 libertates
418 482 562 545 Ecclesia
570 479 743 557 dullacense,
757 480 787 542 in
799 497 889 542 sensu
898 477 989 560 longe
1002 477 1132 558 diverso,

165 585 200 638 aa
210 574 386 656 antiquitus.
401 573 468 634 Non
482 570 612 653 amplius
626 571 709 632 enim
724 587 778 651 per
793 567 859 630 illas
872 585 961 630 voces
977 567 1136 630 intellecta

166 663 248 726 luere
267 663 417 726 libertates
437 667 573 742 respectu
593 658 746 741 potestatis
768 657 938 732 saecularis,
960 655 1014 718 sed
1035 657 1136 737 potius

165 760 301 835 respectu
316 750 402 814 Sedis
422 751 575 811 Romanae.
595 749 628 808 Et
641 746 699 810 hoo
716 751 937 828 consequenter
950 743 988 807 ad
1006 744 1061 806 ista
1074 743 1137 806 duo

166 842 313 924 principia
344 839 480 902 videlicet
504 857 512 898 ε
538 841 568 898 1ο
595 836 677 919 qubd
707 836 848 918 princeps
883 833 1032 900 secularis
1059 838 1138 896 esset

166 931 291 994 omnino
305 927 512 1010 independens
530 925 567 988 ab
584 925 757 996 auctoritate
779 923 978 986 ecclesiastiea
996 923 1028 984 in
1046 922 1138 984 rebus

165 1018 399 1101 temporalibus;
425 1021 457 1078 2⁰
481 1014 563 1098 qubd
589 1016 620 1077 S.
645 1013 782 1077 Pontifex
810 1032 872 1076 non
894 1013 1061 1076 absolutam
1084 1009 1139 1074 sed

166 1108 322 1170 limitatam
346 1108 364 1168 a
390 1105 558 1168 canonibus
582 1102 705 1166 baberet
728 1105 932 1166 auctoritatem
957 1102 987 1163 in
1012 1103 1048 1163 iis
1070 1119 1140 1184 quar

166 1197 318 1280 pertinent
330 1194 368 1258 ad
382 1193 571 1256 ordinarium
585 1192 761 1255 exercitium
776 1209 837 1254 suae
854 1190 1081 1270 jurisdictionis.
1096 1192 1141 1252 Ita

168 1284 332 1368 praesertim
343 1285 449 1346 Petrus
458 1283 566 1345 Pithon
580 1282 610 1344 in
622 1301 677 1344 suo
690 1300 781 1364 opere
794 1301 801 1342 :
817 1279 951 1343 Liber-tes
963 1278 997 1340 de
1010 1279 1140 1360 l'Eglr‘se

170 1373 336 1450 Gallicane,
363 1373 394 1434 in
420 1390 481 1454 quo
502 1378 658 1454 pratcnsae
678 1371 736 1433 illae
757 1369 906 1432 libertates
924 1374 1141 1431 enumerantur

169 1466 217 1542 (V.
232 1463 386 1545 Lequeux,
400 1467 423 1522 t.
440 1463 471 1538 l,
486 1481 517 1542 p.
536 1465 618 1538 35³).
646 1507 647 1512 η

635 1634 668 1692 ll.

387 1768 423 1812 na
440 1768 508 1811 suan
528 1768 699 1812 rnrnouucro
721 1769 832 1814 secuso
850 1767 919 1814 xnr.

209 1903 279 1964 2l8.
303 1899 523 1976 Clarissimum,
540 1903 600 1966 sire
613 1902 652 1964 ob
666 1921 777 1983 magna
792 1909 888 1983 gesto,
904 1921 987 1984 que,
1003 1899 1033 1964 in
1050 1901 1143 1966 Gallia

172 1997 335 2072 presertim
345 2039 353 2069 ,
365 1999 577 2072 peractasunt,
593 1992 654 2054 sire
669 1991 873 2067 obprarclaros
883 1991 962 2054 viros
975 1993 1036 2053 tam
1051 1991 1144 2056 ecclc-

172 2078 305 2141 siasticos
325 2082 417 2162 quam
436 2079 612 2158 seculares,
632 2081 683 2162 qui
706 2082 736 2141 in
758 2083 794 2141 ra
818 2079 1003 2158 lloruerunt,
1025 2080 1142 2144 celebre

171 2170 261 2230 etiam
275 2167 414 2231 ellectum
435 2168 489 2231 luit
505 2188 636 2252 praesens
651 2169 794 2232 saeculum
810 2168 849 2231 ob
872 2168 1017 2232 famosam
1038 2169 1143 2233 Decla-

172 2261 320 2322 rationem
342 2259 417 2320 Cleri
441 2259 583 2322 Gallicani
601 2261 681 2322 circa
695 2265 870 2342 potestatem
884 2259 1142 2340 Ecclesiasticam;

172 2347 243 2412 huic
263 2347 461 2411 Declarationi
490 2349 574 2430 quasi
598 2348 776 2431 praeluderat
792 2350 870 2428 jam,
893 2366 974 2411 anno
996 2352 1092 2428 1611,
1112 2349 1145 2412 in

173 2438 306 2501 Comitiis
316 2436 519 2519 generalibus,
532 2437 719 2500 Plebeiorum
730 2436 810 2499 Ordo
820 2437 860 2514 (le
875 2437 1068 2519 Tiora-Etat),
1078 2457 1147 2522 pos·

172 2526 296 2589 tutando
309 2527 395 2588 statui
412 2521 556 2607 tanquam
577 2525 674 2607 legem
693 2524 950 2590 fundamentalem
965 2527 1046 2610 qubd
1061 2529 1143 2609 Rex,

172 2619 257 2694 cujus
271 2621 419 2696 potestne,
436 2613 627 2695 inquiebant,
644 2616 662 2676 'a
676 2615 740 2676 solo
753 2617 816 2678 Deo
830 2617 928 2694 venit,
944 2618 962 2678 a
977 2617 1060 2679 nulla
1072 2637 1146 2681 auc·

174 2706 304 2780 toritate,
319 2705 380 2766 sira
394 2703 539 2785 spirituali
559 2704 620 2766 sive
640 2704 815 2786 temporali,
833 2711 933 2787 posset
946 2705 1070 2789 deponi,
1089 2724 1146 2770 nec

173 2794 267 2876 ipsius
280 2791 391 2854 subditi
406 2793 540 2855 valerent
553 2791 624 2856 solvi
640 2795 656 2855 a
671 2793 791 2857 vinculo
806 2793 954 2857 fidelitatis
967 2803 997 2857 et
1006 2795 1147 2860 obedien·

172 2883 231 2945 tire.
252 2883 316 2943 lmd
332 2881 473 2944 volebant
492 2888 525 2944 ut
542 2883 684 2946 omnibus
712 2883 883 2946 indistincte
903 2885 1147 2966 praescriberetur

172 2970 222 3032 illa
243 2971 290 3032 lex
312 2976 346 3032 ut
367 2977 488 3048 sancta,
509 2970 701 3050 inviolabilis,
725 2972 816 3034 verbo
837 2971 890 3034 Dei
911 2992 1055 3052 consona,
1080 2976 1147 3039 sind

173 3059 232 3122 ulta
255 3059 467 3135 distinctione,
492 3060 748 3140 aequivocatione,
774 3067 824 3124 aut
847 3061 1025 3125 limitatione
1047 3065 1146 3147 quali·

172 3167 320 3232 cumque;
339 3154 369 3210 et
389 3147 468 3229 qubd
489 3147 527 3210 ad
552 3148 624 3211 illud
645 3151 881 3231 astringerentur
903 3152 960 3214 sub
974 3154 1145 3232 juramento

172 3257 279 3302 onrnes
298 3239 328 3300 in
347 3255 441 3319 regno
465 3237 665 3314 benelioiarii;
685 3245 715 3301 et
736 3255 843 3302 omnes
860 3239 1016 3321 doctores,
1036 3243 1148 3324 praedi·

173 3336 288 3392 catores
304 3326 341 3390 ad
360 3327 442 3388 illam
460 3325 627 3390 docendam
645 3333 676 3389 et
692 3327 904 3410 divulgandam
931 3330 1144 3413 obligarentur.

212 3421 279 3480 tlon
295 3423 394 3478 tamen
415 3416 568 3498 praeralnit
588 3416 619 3478 in
633 3414 691 3479 hoc
705 3419 826 3498 negotio
841 3419 1031 3484 Plebeiorum
1045 3422 1145 3502 Ordo,

173 3507 334 3571 obsistente
345 3506 458 3568 lortiter
468 3505 624 3567 Cardinale
634 3507 679 3568 Du
696 3507 827 3568 Perron:
839 3516 953 3590 postea,
964 3528 1045 3573 anno
1057 3515 1145 3591 1663,

174 3595 303 3658 dissidiis
324 3596 401 3657 inter
425 3593 613 3656 Gubernium
635 3601 665 3656 et
694 3593 812 3657 Curiam
837 3599 1005 3660 Romanam
1036 3602 1147 3663 exortis

173 3692 294 3766 propter
307 3685 427 3766 negotia
447 3685 530 3746 mere
544 3683 684 3764 politica,
700 3683 827 3748 adducta
841 3685 897 3749 lnit
918 3688 1054 3752 Facultas
1073 3691 1147 3753 Sor·
