2574 3994
506 317 592 366 utura
613 318 730 367 rnrnus.
1053 305 1108 366 tbi

138 416 210 480 diss.
234 411 270 490 ’8,
299 433 366 499 cap.
394 419 432 490 l,
462 425 494 477 n·
520 418 539 478 2
562 414 661 496 (Cure.
689 416 824 500 complet.
854 415 975 496 lacot,
999 424 1021 481 t.
1050 422 1111 496 m,

138 506 196 568 col.
214 507 310 580 lotia,
325 501 412 585 etc).

177 599 246 657 542.
272 594 317 656 Ad
351 594 554 676 Metropolitas
587 613 669 658 nuno
702 595 952 680 progredientes,
981 599 1113 678 Epistola

138 685 169 746 S.
196 683 336 766 Cypriani
361 685 392 746 in
415 683 558 746 Marciani
583 684 767 748 Arelatensis
793 689 902 764 causti,
930 686 1112 768 peculiarem

9 777 16 806 '
137 774 249 836 summi
259 771 413 835 Porrtiticis
423 773 630 836 auctoritatem
640 775 672 835 in
686 773 982 858 Metropolitanorum
993 774 1113 854 judiciis

136 861 323 924 ‹torrionstrat
339 881 346 922 :
362 861 528 924 adheserat
547 861 671 943 quidem
689 865 859 926 Marcianus
879 863 1112 926 Novatianorum

137 961 243 1023 sectae,
259 951 298 1013 do
312 969 410 1033 coque
429 951 472 1013 sic
486 952 517 1013 S.
535 951 702 1033 Cyprianus
716 951 818 1014 scribit
831 949 868 1014 ad
883 953 915 1014 S.
927 951 1112 1035 Stephanum

138 1039 271 1120 Papam:
292 1040 493 1120 obirigantur
509 1041 541 1100 in
558 1039 746 1102 Provinciam
769 1047 798 1102 et
813 1039 850 1102 ad
865 1037 983 1122 plebem
999 1043 1112 1104 Arelate

136 1148 152 1186 u
177 1129 389 1190 consistentem
404 1131 422 1190 a
442 1135 471 1190 te
490 1127 595 1192 litterae
610 1175 618 1207 ,
634 1129 745 1210 quibus
758 1128 895 1192 abstento
916 1132 1111 1209 (excommu-

136 1236 153 1275 υ
178 1217 277 1280 niorto
304 1217 417 1280 scilicet
435 1226 524 1300 atque
547 1217 619 1279 hinc
632 1215 778 1298 deposito)
791 1218 960 1297 Marciano,
982 1219 1060 1282 alius
1080 1220 1111 1282 in

136 1325 153 1364 u
178 1305 279 1367 locum
293 1306 359 1386 eius
372 1305 578 1368 substituatur.
595 1329 610 1364 u

190 1396 257 1457 Non
283 1413 375 1475 ergo,
405 1394 502 1476 inquit
525 1395 750 1478 Antisebrona'us
771 1393 851 1456 vind.
868 1393 980 1474 (thid,
1004 1401 1110 1480 Μ),

141 1505 157 1543 r
177 1485 344 1566 Cyprianus
358 1503 376 1546 a
390 1483 542 1565 Stephano
557 1485 641 1566 petiit
654 1492 688 1548 ut
699 1484 886 1547 Marcianum
909 1485 928 1546 a
951 1484 1041 1547 Gallis
1059 1486 1111 1548 de·-

136 1595 152 1633 u
177 1575 249 1656 poni
268 1575 404 1653 Juberet,
420 1572 473 1635 scd
492 1579 525 1635 ut
552 1573 665 1636 litteras
691 1573 835 1645 mitteret,
853 1569 964 1655 quibus
987 1573 1072 1637 illum
1093 1598 1111 1639 o

137 1681 206 1724 nae
230 1662 394 1724 abstentum
425 1661 658 1744 depositumque
694 1661 869 1735 nuntiaret,
898 1661 1053 1746 aliumque
1079 1665 1111 1727 in

141 1771 158 1818 n
178 1751 278 1813 locum
292 1751 358 1830 ejus
372 1751 410 1813 ab
425 1751 497 1832 ipsis
512 1751 653 1813 substitui
663 1752 792 1832 juberet.
807 1773 823 1810 u

177 1842 254 1902 Clnn
272 1842 343 1902 verb
361 1839 540 1902 Athanasius
562 1841 853 1910 Thessalonicensis,
870 1841 1060 1923 Apostolicus
1079 1845 1110 1906 in

137 1929 256 2012 illyrico
279 1929 433 2006 Vicarius,
463 1929 594 1991 Atticum
623 1930 841 2012 Metropolitam
868 1931 1110 2012 Nicopolitanum

137 2016 338 2100 deposuisset,
356 2018 440 2080 illum
455 2019 485 2080 S.
505 2019 563 2080 Leo
579 2020 725 2080 acerrime
739 2017 923 2098 objurgavit:
941 2021 1108 2098 «Etiamsi,

137 2128 153 2165 r>
178 2108 275 2188 inquit
288 2107 394 2189 (Epist.
407 2111 461 2182 ll,
474 2107 548 2168 Ball.
565 2107 649 2178 edit,
661 2107 719 2169 ool.
735 2109 815 2182 668),
829 2107 1109 2188 quidgraveintole-

138 2217 153 2254 a
178 2195 1107 2278 modumquecommitteret,n0srraeraterspeotandacensura,

140 2308 156 2341 a
177 2291 211 2346 ut
225 2283 298 2346 nibil
317 2285 401 2366 prius
419 2286 482 2366 ipse
500 2283 677 2346 decerneres
691 2283 783 2363 qubm
797 2281 870 2362 quid
892 2284 979 2346 nobis
992 2286 1109 2366 placere

138 2395 154 2434 a
180 2391 396 2456 agnosceres.»
410 2373 467 2435 Vid
481 2373 553 2448 alia,
570 2391 619 2454 ap.
636 2370 824 2452 Autisedron.
842 2369 983 2435 uindicat.
1001 2374 1107 2457 (idioti.

178 2465 248 2526 543.
272 2463 317 2524 Ad
332 2463 495 2544 Episcopus
510 2479 591 2524 nuno
605 2461 816 2534 devenientes,
832 2465 974 2523 statuerat
987 2463 1108 2544 quidem

138 2559 240 2615 octava
255 2550 395 2633 Synodus
410 2551 563 2612 Generalis
580 2551 612 2611 in
633 2568 688 2614 suo
708 2564 825 2611 canone
845 2553 884 2612 ab
903 2557 937 2611 ut
955 2569 962 2611 :
986 2571 1001 2609 o
1021 2552 1109 2616 Nullo

137 2663 153 2702 u
177 2639 269 2703 modo
290 2640 451 2722 quisquam
470 2639 769 2721 Metropolitanorum
789 2640 835 2702 vel
859 2637 1107 2721 Episcoporumb

137 2751 153 2791 r
177 2729 283 2792 vicinis
296 2727 530 2809 Metropolitanis
542 2727 588 2789 vel
602 2728 759 2810 Episcopis
772 2729 934 2814 provinciae
954 2746 1017 2791 suae
1027 2730 1107 2808 iudi-

137 2841 152 2884 u
177 2827 272 2890 cetur,
288 2817 340 2880 sed
355 2819 373 2879 'a
386 2817 451 2879 solo
464 2815 645 2880 Patriaroba.
663 2839 679 2876 n
694 2821 730 2879 At
744 2839 806 2883 non
819 2819 936 2881 tantiam
952 2819 969 2879 b
983 2819 1108 2884 Patriar·

137 2909 214 2986 cha,
229 2907 282 2969 sed
292 2925 396 2987 saepes
406 2907 533 2968 Summo
543 2904 687 2968 pontifice
699 2953 707 2981 ‚
719 2909 809 2970 etiam
824 2909 855 2970 in
865 2905 1107 2971 Ecclesitorien·

137 2998 187 3061 tali
205 2995 418 3076 judicabantur
435 2995 594 3076 Episcopi:
617 2995 660 3056 sic
676 2995 803 3077 Vigilius
817 2999 898 3078 Papa
916 2995 1107 3061 Theodorum

137 3089 278 3150 marea
292 3082 487 3165 Cappadocia
499 3083 681 3164 Episcopum
695 3083 853 3166 deposuit:
873 3082 1052 3166 «Ideoque,
1067 3088 1107 3148 ait

137 3199 153 3236 a
176 3174 332 3250 Pontifex,
346 3189 384 3234 ex
403 3175 532 3253 persona
552 3177 583 3232 et
602 3173 776 3236 auctoritate
797 3175 831 3235 B.
853 3173 933 3234 Petri
954 3174 1104 3255 Apostoli,

137 3287 153 3326 n
176 3267 263 3343 eujus
277 3265 338 3324 Nos
350 3260 420 3324 licet
433 3261 531 3342 exigui
547 3259 646 3322 locum
660 3261 830 3340 gerimus...
846 3259 904 3325 hac
915 3260 1105 3325 Theodorum

137 3355 318 3416 »Caesarem
341 3348 535 3432 Cappadociae
564 3348 690 3411 civitatis
719 3350 871 3432 quondam
901 3351 1104 3431 Episcopum,

137 3465 152 3504 a
176 3441 333 3504 sententiae
358 3437 623 3520 promulgatione,
647 3444 708 3500 mm
731 3437 907 3502 sacerdotali
934 3439 1049 3500 honore
1077 3445 1106 3501 et

136 3553 152 3594 a
176 3529 393 3594 communione
414 3525 575 3604 catholica,
591 3527 683 3608 quarn
705 3529 788 3590 omni
812 3527 913 3590 cilicio
936 3524 1105 3608 Episcopali

136 3643 153 3683 u
177 3637 231 3682 seu
245 3625 390 3701 potestate
404 3615 564 3697 spoliatum
577 3633 643 3677 esse
656 3615 856 3679 decernimus,
873 3637 890 3676 u

176 3711 245 3772 lam
268 3713 356 3770 autea
379 3707 460 3785 Papa
482 3705 626 3765 Damasus
648 3703 840 3768 Timotheum
863 3701 1103 3782 »apollinaristam
