2570 4006
500 230 586 280 umen
606 231 724 280 remus.
1032 214 1092 279 tue

139 349 394 414 »adnotationes
415 356 446 413 et
468 352 722 425 commentarios,
739 351 873 416 minime
886 365 962 415 rere
979 359 1089 414 exten·

141 464 156 498 ι
172 439 277 502 denda
287 438 326 502 ud
340 439 711 522 librosquusuumquede
721 441 1089 522 rebuasacrisingenere,

138 550 153 589 ι
173 527 276 601 idest,
293 532 333 590 ad
350 529 535 608 religionem
556 529 800 608 pertiuentibus,
816 540 1001 594 tractantes.
1023 555 1037 586 u

31 679 34 682 .
180 619 249 680 701.
264 615 355 680 Nunc
369 617 407 680 ad
428 619 593 681 lectionem
619 622 799 695 redeuutes,
813 631 843 680 et
858 619 980 700 singula
995 618 1091 682 verba

52 765 55 768 ,
139 706 368 789 expendentes,
396 720 569 770 nutamus:
597 707 638 788 (a)
654 708 927 771 lixcommunicari
951 709 1077 790 lepeotes

138 795 245 870 Quoad
254 797 369 874 eosqui
381 815 444 858 nou
461 797 566 870 lerunt
578 797 718 877 quidem,
732 798 784 860 sed
798 799 934 877 legentes
945 801 1090 864 audiunt,

138 887 393 949 coriti-uvertitur.
411 885 446 948 v.
474 885 582 960 Bouir,
604 887 640 949 tle
654 885 731 950 Cur.
750 887 850 958 Rom..
871 907 904 967 p.
924 887 1004 960 00ος
1036 888 1092 950 Le·

140 993 259 1056 queux,
279 984 314 1034 n⁰
332 973 418 1038 0300.
435 973 596 1038 Sententia
624 978 885 1054 negansvidetur
901 975 1092 1055 probabilior

139 1062 172 1127 S.
189 1065 267 1144 big..
294 1061 315 1126 l.
331 1061 362 1138 7,
376 1073 411 1124 u·
427 1061 497 1126 292.
512 1097 549 1109 -
566 1063 611 1145 (b)
622 1063 768 1128 Suieuttr.
786 1089 800 1124 e
832 1064 920 1129 Unde
933 1075 1060 1128 excusat
1074 1082 1092 1128 a

140 1177 155 1210 a
173 1171 304 1216 ceueura
320 1170 382 1213 uon
397 1154 501 1216 sulum
519 1153 694 1234 ignorantia
711 1155 915 1229 invincibilis,
929 1156 981 1218 sed
997 1157 1090 1218 etiam

141 1259 294 1316 »crassa;
312 1239 375 1302 imb
387 1242 476 1318 juxta
492 1243 647 1324 plures...
666 1242 761 1305 etiam
777 1243 917 1306 affectata
932 1267 960 1306 a.
976 1241 1008 1306 S.
1025 1240 1090 1324 Lig.

13 1357 20 1368 ·
140 1331 159 1394 l.
178 1330 208 1404 t,
222 1349 257 1392 no
270 1332 326 1393 285
346 1331 441 1411 (700).
457 1355 497 1377 ⁶-
513 1331 557 1414 (c)
571 1332 684 1407 bitror,
701 1331 734 1396 id
749 1333 893 1414 estquod
908 1351 995 1396 nunu
1013 1331 1092 1394 dici-

139 1440 211 1484 mus
225 1416 333 1483 libros.
350 1418 439 1482 Unde
464 1423 568 1501 quoad
585 1423 806 1501 manuscripto,
827 1421 944 1501 duplex
959 1427 1005 1483 est
1019 1438 1109 1483 sem·

138 1511 254 1573 tentia:
271 1509 331 1573 alia
360 1509 533 1585 affirmans,
550 1529 669 1593 negans
691 1511 896 1593 probabiliter
921 1509 994 1585 ulia,
1018 1509 1093 1590 quia

137 1618 250 1664 sumus
266 1599 296 1661 iu
316 1599 446 1661 materia
464 1600 594 1681 poenali,
611 1618 647 1662 au
662 1601 795 1681 prolude
809 1599 927 1662 strictae
945 1601 1093 1680 iuterpre-

137 1689 276 1752 tatiunie.
292 1688 360 1762 Ouo
377 1707 450 1751 varo
466 1690 503 1750 ad
521 1689 675 1769 periodica
687 1699 716 1752 et
731 1689 904 1770 fesciculos,
923 1689 949 1752 si
961 1689 1093 1774 volumi-

136 1797 214 1842 num
226 1776 309 1841 mole
325 1777 396 1838 libri
411 1777 629 1854 dicendisunt‚
640 1777 990 1860 librisaeouiparautum
1003 1795 1093 1840 secus

136 1867 255 1932 diariis.
276 1867 386 1930 Diort‘u
409 1875 568 1929 autumet
593 1867 793 1946 ephemerides
814 1875 941 1950 propter
964 1884 1092 1948 parvam

136 1959 267 2035 molem,
281 1967 343 2018 nun
362 1957 492 2018 veniunt
507 1955 567 2018 sub
580 1957 708 2019 nomine
724 1957 896 2030 librorum3
911 1966 1093 2038 veteresque

138 2045 359 2109 controversiae
371 2053 572 2107 cessaverunt
590 2063 740 2127 responso
754 2045 787 2108 S.
802 2046 834 2108 G.
861 2043 989 2121 Indicis,
1005 2046 1037 2108 d.
1054 2045 1089 2106 ut

137 2153 205 2216 apr.
223 2135 320 2197 le80:
339 2159 352 2191 ι
370 2133 417 2196 dn
432 2133 569 2196 scienter
583 2132 722 2214 legentes
736 2133 955 2216 ephemerides
971 2150 1091 2216 propu-

137 2247 153 2282 »
170 2235 302 2305 gnantes
317 2221 461 2285 baeresim
482 2223 646 2286 incurrant
672 2240 844 2302 excomm,
859 2231 918 2285 etc.
933 2255 970 2270 -
991 2221 1087 2300 Resp.

139 2337 154 2372 a
169 2313 312 2393 Neputioe
328 2337 355 2374 u.
368 2311 456 2388 Quod
470 2312 495 2374 ai
507 2320 614 2374 tamen
629 2311 746 2375 deinde
762 2313 794 2374 iu
806 2312 925 2374 librum
939 2311 1093 2374 coalesce-

137 2416 206 2466 rent
230 2403 458 2484 rompaginataa
480 2401 716 2482 ephemerides,
742 2399 957 2464 incurreretur
986 2417 1090 2481 poena.

138 2493 169 2555 S.
181 2491 237 2554 Oli.
257 2493 292 2554 ll
300 2492 368 2570 ian.
383 2491 469 2554 ittet.
487 2525 524 2538 -
541 2491 586 2573 (d)
600 2492 855 2572 Apostuturumet
868 2489 1090 2553 baereticorum.

136 2581 225 2647 Unde
235 2580 408 2644 subeadem
421 2597 513 2660 poena
527 2599 590 2644 non
603 2575 1090 2661 probibenturliluiiulideltum,

137 2681 196 2736 etc.
224 2703 258 2718 -
277 2669 318 2752 (e)
333 2669 476 2732 Hoeresim
491 2679 729 2752 proprietamus,
744 2669 775 2732 id
791 2675 838 2732 est
861 2685 925 2730 nou
942 2667 997 2747 qui
1010 2685 1092 2732 atse-

136 2755 1093 2840 reodocontioent,seddataoperatuentum-(DNumt‘ttutim

137 2849 286 2932 prohibiti
304 2848 374 2911 libri
392 2845 779 2929 pertposroticmtttterar‚
794 2847 816 2909 ii
843 2856 918 2910 suut
931 2864 1011 2929 quos
1027 2847 1092 2930 ipse

137 2939 172 3002 ll.
185 2939 230 3012 tt,
245 2955 309 3002 non
330 2936 458 3019 Congu,
483 2937 602 3000 inserto
618 2937 721 3012 titulo,
736 2937 891 3010 damnat;
909 2955 971 2998 non
1000 2936 1091 3003 multi

136 3037 221 3092 aunt.
237 3061 277 3075 -
296 3025 407 3090 Libros
420 3027 594 3100 retinentes,
615 3025 644 3088 id
660 3036 706 3088 est
727 3043 781 3108 per
796 3025 935 3088 notabile
953 3035 1090 3106 tempus,

136 3116 256 3200 absque
271 3117 375 3192 uenia,
390 3115 486 3178 etiam
501 3115 570 3178 sine
586 3113 760 3178 intentione
776 3114 915 3195 legendi.
933 3148 971 3161 -
981 3113 1089 3194 lurprt'·

136 3215 259 3282 meotea‚
275 3205 306 3268 id
326 3213 373 3267 est
386 3208 440 3286 qui
457 3204 495 3268 ad
513 3203 752 3288 impressionem
769 3205 929 3286 proximas
942 3215 972 3266 et
986 3203 1091 3267 effica-

136 3314 188 3359 ces
204 3305 306 3376 partes
328 3293 460 3369 habeut,
478 3312 541 3358 non
562 3311 636 3355 veru
650 3293 705 3375 uui
726 3301 862 3356 remotas
891 3301 1026 3356 tantum.
1044 3291 1089 3355 Gi.

135 3385 231 3464 lustr.
247 3385 329 3450 Curti
361 3383 478 3446 Vicurii
491 3383 522 3446 d.
548 3384 585 3444 lt
596 3381 656 3464 jul.
675 3381 766 3446 lbi8.
786 3415 824 3432 -
849 3379 1091 3456 Quomodulibet

136 3471 337 3556 defendentes,
354 3473 384 3534 iu
403 3474 441 3534 iis
453 3489 525 3553 qum
540 3472 690 3534 damnata
704 3481 790 3546 sunt,
809 3489 873 3534 uon
889 3488 963 3534 reru
985 3472 1089 3552 quoad

136 3565 250 3645 stylum
268 3573 321 3625 aut
335 3561 412 3644 quid
428 3562 652 3625 accessorium.
673 3593 707 3610 -
724 3559 770 3624 Cl.
787 3579 819 3623 n.
836 3559 950 3642 (tutte).

176 3650 244 3714 762.
262 3653 387 3727 Quaerit.
414 3657 446 3715 7ο
461 3649 540 3727 Quid
558 3651 679 3734 possint
689 3650 835 3731 Episcopi
850 3650 933 3711 circa
951 3646 1072 3711 libros?
