2546 3992
190 255 247 318 490
409 273 547 319 44444444
567 273 670 320 nonius
688 273 771 319 44444
791 271 938 318 cononici.

194 396 204 426 »
228 368 313 440 ohae,
337 369 503 440 Primatcs,
531 369 754 452 Anchiepiscopi
777 375 806 431 44
825 367 986 450 Episcopi,
1009 365 1159 449 proprium

194 486 205 516 »
230 458 388 520 Dioecesim
404 477 458 540 per
472 459 605 542 seipsos,
621 466 683 534 444,
699 458 723 522 si
740 456 870 539 lepitime
884 455 1019 540 impediti
1030 455 1159 538 fuerint,

192 578 206 609 »
229 566 284 630 pei·
297 565 387 611 suum
400 549 554 610 vicarium
570 548 746 610 Genenaiem
761 555 827 618 444,
843 546 1043 618 Visitatonem,
1054 545 1081 606 si
1091 564 1163 627 quo·

190 659 206 694 4
232 637 331 697 tunnis
343 643 436 700 totam
451 645 574 718 proptor
591 637 656 717 ejus
671 635 858 699 latitudinem
871 636 990 698 visitare
1011 652 1070 714 non
1086 639 1164 714 pote·

192 749 207 784 o
232 731 322 802 runt,
348 725 454 788 saltem
475 727 622 804 majorem
642 726 708 804 eius
729 732 845 810 partem
868 725 920 802 (ita
938 731 1038 786 444444
1053 731 1087 784 ut
1105 729 1163 781 totu

193 837 207 873 u
235 814 349 876 biennio
366 833 421 896 per
443 833 471 875 se
498 813 543 876 vel
563 809 730 876 visitatores
752 833 818 876 4444
837 811 1026 895 compleatur)
1050 811 1166 874 visitare

194 925 209 961 u
234 921 297 965 non
314 901 554 984 praetermittant.
570 925 585 961 o

234 995 304 1054 900.
327 993 379 1052 Est
404 991 435 1052 in
463 990 600 1072 pluribus
623 991 725 1054 044444
747 992 821 1055 iocis
842 989 1028 1055 consuetudo
1050 995 1083 1052 44
1105 1007 1164 1050 non

197 1079 369 1162 perficiatur
392 1077 532 1142 dioecesis
549 1081 694 1158 visitatio,
710 1082 768 1144 nisi
782 1082 859 1144 intra
872 1087 1012 1164 quatuor,
1036 1078 1166 1160 quinque

196 1169 242 1230 vei
263 1168 354 1230 444444
375 1169 597 1231 numerosiores
611 1187 708 1231 annos
724 1189 731 1231 :
748 1171 838 1252 pond
853 1169 936 1231 nulia
948 1174 994 1230 est
1012 1165 1166 1229 difficultas

197 1276 253 1339 pro
269 1256 342 1320 iocis
356 1257 509 1338 inquibus
521 1258 679 1320 obtentum
693 1258 779 1321 fuito
799 1261 830 1321 S.
847 1257 924 1320 Sede
938 1257 1085 1319 indultum
1100 1273 1161 1336 spe·

197 1347 273 1410 ciale
286 1345 324 1410 nd
344 1346 388 1408 sic
400 1347 640 1429 prolongandam
658 1349 834 1410 visitationis
853 1345 1089 1420 absolutionem
1115 1361 1168 1424 pio

199 1435 272 1498 locis
295 1437 384 1511 4440,
400 1435 431 1498 44
449 1437 559 1519 quibus
576 1435 634 1498 4414
649 1436 799 1499 indultum
814 1455 875 1499 non
890 1435 946 1500 44444
959 1435 1166 1516 impetratum,

202 1525 309 1586 4444444
326 1523 455 1586 dubitari
470 1531 585 1607 potest,
600 1525 748 1607 quidquid
766 1525 846 1588 dicat
862 1531 965 1588 auctor
980 1521 1116 1586 Proeieet.
1131 1521 1166 1584 S.

201 1611 332 1694 Sulpitii
345 1615 390 1691 (n⁰
403 1615 486 1690 458),
497 1614 729 1696 delegitimitate
739 1613 913 1694 hujusmodi
926 1610 1166 1684 consuetudinis,

200 1702 271 1762 44444
286 1703 413 1763 minime
426 1702 465 1763 sit
477 1709 593 1764 4444444
607 1703 755 1784 legitimas
766 1704 830 1766 44444
845 1721 931 1784 posse
940 1700 1169 1766 consuetudines

201 1797 306 1850 contra
320 1789 491 1870 praescripta
509 1791 622 1853 Concil.
643 1791 776 1856 Trident.
793 1791 986 1855 introductas.
1001 1789 1076 1852 Vide
1093 1789 1170 1850 dicta

69 1907 87 1926 =
203 1893 295 1956 supro
309 1879 400 1956 (444).

243 1965 292 2028 Sic
305 1965 362 2028 4444
379 1965 518 2030 Edictum
533 1968 676 2032 Blesence
691 1973 785 2034 45794
801 1992 817 2030 u
831 1972 892 2032 444.
908 1971 958 2030 32.
970 1968 1025 2030 Les
1038 1951 1172 2046 liveques

203 2077 219 2114 ι
244 2061 346 2120 seiont
358 2061 447 2118 tenus
459 2055 498 2118 de
511 2057 613 2119 4444444
625 2077 665 2120 44
679 2077 847 2140 personne,
862 2076 913 2128 ou,
929 2055 990 2117 s'iis
1001 2062 1067 2118 sont
1078 2053 1173 2134 tegiti-

205 2165 220 2202 »
245 2145 403 2206 4444444444
416 2145 597 2227 4444ρέ44444,
620 2166 675 2229 pur
688 2147 768 2211 44444
787 2147 918 2210 Vioaines
934 2145 1088 2208 4444444444
1105 2148 1170 2220 (art.

205 2256 220 2291 4
247 2237 300 2308 44,
316 2251 356 2295 44
371 2239 470 2296 autres
483 2235 722 2316 ecclosiastiques
734 2242 824 2317 ayant
837 2235 915 2296 droit
927 2234 965 2296 de
980 2234 1006 2294 44
1020 2231 1091 2294 faire
1104 2249 1174 2294 sous

206 2346 220 2381 4
246 2322 312 2384 4444
326 2322 462 2402 44444444)
471 2321 514 2384 les
528 2323 606 2385 lieux
620 2323 657 2384 de
669 2324 747 2386 leurs
760 2323 894 2386 dioceses
909 2329 970 2382 tous
980 2321 1019 2383 lea
1031 2340 1094 2394 444,
1103 2327 1173 2392 eto,

206 2435 220 2469 o
246 2410 281 2487 si,
297 2429 352 2492 pan
366 2411 393 2472 44
407 2411 521 2492 grande
534 2411 662 2474 44444444
676 2412 804 2488 (4444444,
819 2411 848 2474 44
861 2412 922 2474 (4444
936 2409 1084 2472 visitation
1099 2409 1177 2470 dans

207 2523 221 2558 4
245 2517 279 2562 oe
299 2507 397 2580 temps
411 2519 449 2561 ne
471 2507 542 2581 peut
555 2503 618 2562 4444
636 2501 817 2583 accompiie,
833 2505 935 2562 seiont
953 2505 1042 2560 tenus
1060 2497 1177 2560 d’icelle

207 2611 222 2647 4
248 2587 426 2668 paracheven
438 2587 552 2650 dedans
566 2589 645 2651 deux
659 2607 724 2650 ans.
742 2612 755 2647 4

247 2677 306 2738 Lex
316 2678 387 2739 4440
396 2677 537 2758 organica
545 2677 616 2738 anni
629 2679 706 2740 4804
714 2677 906 2740 solummodo
918 2677 1009 2740 dicit:
1024 2677 1112 2736 4444.
1124 2679 1176 2738 at.

208 2789 222 2822 u
248 2765 303 2825 Les
315 2748 621 2846 ilvequesvisiteront,
632 2765 857 2828 annuetiement
865 2773 937 2827 4444
945 2781 1104 2846 personne,
1116 2780 1180 2824 unc

208 2877 223 2911 n
248 2851 342 2932 partie
356 2851 393 2913 de
408 2851 488 2914 44444
501 2852 647 2928 dioceses,
660 2859 691 2914 et
703 2852 779 2916 daus
798 2853 925 2936 l'espaoe
939 2853 977 2914 de
990 2851 1056 2934 cinq
1071 2870 1134 2926 4444,
1151 2851 1180 2911 le

210 2965 224 2998 n
248 2940 366 3003 diocese
376 2940 509 3002 entier.»
525 2941 583 3003 Sed
593 2941 993 3004 adversdshuncaniculum
1008 2940 1180 3002 reclamavit

209 3027 373 3092 0440444444
387 3029 512 3108 Legatos
519 3047 656 3091 asserens
668 3048 729 3092 non
740 3029 877 3093 sufficere
885 3029 1082 3094 visitationem
1092 3027 1181 3109 quin-

210 3117 404 3201 quennalem.
422 3118 457 3177 V.
475 3118 633 3197 Lequeux,
650 3126 683 3179 n⁰
697 3121 766 3180 346.

250 3209 319 3270 904.
346 3227 362 3265 u
381 3204 564 3286 Episcopus,
582 3205 680 3285 inquit
693 3206 826 3269 Ferranis
838 3208 879 3285 (v·
901 3203 1041 3282 Victore,
1064 3213 1098 3266 n·
1117 3207 1180 3284 03),

209 3317 225 3354 n
251 3294 282 3355 in
305 3293 471 3356 visitatione
492 3297 613 3354 4444444
634 3294 832 3373 praedicare...
855 3312 909 3376 pen
930 3312 982 3370 sc,
1002 3299 1055 3356 444
1074 3294 1181 3356 saitem

211 3405 226 3440 4
251 3399 305 3464 per
325 3383 414 3456 aiios;
439 3380 532 3456 nlius,
547 3380 604 3441 nisi
628 3381 760 3460 legitimi
777 3387 868 3445 44444
881 3388 1055 3456 excuset-ur,
1080 3381 1183 3462 ipsum

212 3495 227 3528 44
252 3489 377 3552 peccare
392 3468 556 3530 mortaliter
574 3485 611 3529 ex
625 3469 802 3547 Caietano...
818 3473 964 3546 Govanto,
979 3477 1064 3532 etc...
1081 3467 1185 3531 44444444

252 3557 448 3621 4444444444...
468 3573 534 3637 cap.
560 3553 693 3629 Placuit,
711 3561 768 3632 40,
783 3576 815 3638 u.
833 3561 861 3628 4,
876 3565 907 3620 44
919 3576 984 3638 cop.
1002 3556 1180 3638 i,§Scut'.·,
1247 3607 1248 3614 ,

253 3644 287 3706 de
296 3645 449 3721 Ceosibus,
466 3642 497 3703 in
508 3645 540 3702 0·
551 3661 558 3710 4
570 3648 600 3703 44
612 3641 832 3712 concludens...
850 3643 990 3728 Quouuodu
1003 3663 1032 3705 se
1044 3654 1186 3706 44444444
