2588 3994
229 211 284 276 tta
357 255 359 260 -
441 226 579 276 arnaria
599 224 699 274 roaros
719 225 800 273 sams
821 224 968 274 enacarat.

226 326 439 390 Matrimonia¹
459 345 466 387 :
486 325 573 388 Ratio
589 332 634 387 est
655 325 726 406 quia
739 325 822 387 aliter
843 331 927 387 actus
948 329 1027 388 essct
1046 321 1195 390 invalidus

226 419 329 496 utpote
351 433 456 478 carens
482 413 654 477 conditione
677 413 845 495 necessario
867 413 1010 494 requisita
1035 413 1073 476 ad
1102 414 1195 496 ipsius

227 503 432 566 existentiam:
451 503 571 566 iuturus
584 503 665 564 enim
684 521 849 565 consensus
870 521 931 565 non
945 502 997 564 dat
1012 503 1194 583 iurisdietio-

228 609 297 654 nenr
313 611 368 674 pro
381 592 520 674 praesenti
533 599 682 672 tempore.
697 594 790 654 hctus
807 597 908 653 autem
917 591 1062 673 positivus
1072 591 1193 674 delega-

229 679 316 743 tionis
324 699 377 762 pro
389 680 577 742 Matrimonio
587 685 683 761 potest
691 679 804 742 includi
819 679 849 740 in
861 679 992 761 generali
1000 680 1195 762 delegatione

227 769 404 848 (Reidenst,
419 769 470 831 lib.
486 775 517 844 4,
533 769 576 830 tit.
587 772 617 843 3,
633 777 666 828 n⁰
681 772 719 830 84
727 774 757 830 et
769 768 829 848 85).
842 769 900 830 Sed
914 769 1108 850 quandonam
1117 769 1195 833 adsit

228 859 374 938 generalis
382 859 538 940 delegatio,
552 857 748 935 judicandum
762 875 798 918 ex
816 855 1063 920 circumstantiis:
1074 878 1103 920 v.
1115 877 1144 940 g.
1160 859 1184 921 si

228 948 377 1028 parochus
389 946 545 1010 discedens
561 945 727 1008 committat
744 945 832 1009 alicui
848 945 1135 1010 administrationem
1149 967 1194 1011 sa-

228 1041 467 1114 cramentarura,
498 1039 637 1097 censetur
671 1033 925 1116 comprehendere
947 1035 1192 1100 Matrimonium:

229 1141 317 1187 secus
328 1125 353 1188 si
371 1143 503 1208 praesens
516 1123 667 1206 permittat
680 1123 768 1186 alicui
780 1123 852 1187 dare
865 1130 1050 1188 sacramenta
1062 1125 1094 1186 in
1108 1145 1195 1208 paro

229 1212 310 1291 chid3
321 1214 471 1278 ordinarie
480 1218 554 1277 tunc
562 1212 732 1276 censebitur
745 1212 828 1294 loqui
840 1216 958 1277 tantiam
967 1213 1004 1276 de
1013 1214 1194 1278 Poenitentitl

230 1308 259 1364 et
273 1305 414 1368 llxtremt
424 1303 581 1369 Unctione.
591 1303 745 1388 Laqueus,
756 1311 789 1365 n⁰
801 1305 868 1383 tlt,
878 1302 909 1364 in
918 1302 993 1381 fine3
1004 1304 1148 1386 Carriere,
1159 1305 1194 1366 de

228 1391 384 1466 Matrim„
405 1401 436 1456 n⁰
450 1396 539 1457 l333.

268 1494 337 1555 322.
360 1495 395 1554 ln
422 1490 557 1556 secundo
579 1511 670 1571 casu,
700 1490 811 1558 sufficit
836 1491 954 1557 licentia
981 1491 1193 1557 rationabiliter

230 1587 413 1664 presumpta
445 1581 492 1644 rel
531 1579 697 1644 ratihabitio
732 1581 942 1646 rationabiliter
977 1588 1120 1666 sperata:
1154 1583 1195 1646 ita

230 1671 260 1732 S.
277 1670 398 1752 Liguor.
427 1675 510 1732 tenet
536 1675 570 1732 ut
596 1669 794 1752 probabilius,
817 1689 871 1753 pro
896 1672 1065 1755 baptismo,
1084 1672 1192 1752 libb,

231 1767 263 1820 n⁰
280 1762 311 1819 ll
327 1777 402 1840 ;pro
417 1758 700 1835 confirmationem
715 1761 770 1821 173
781 1779 788 1834 ;
798 1765 889 1842 etprc
901 1761 1195 1825 Eucharistiaminis-

229 1847 346 1920 trandit,
356 1860 389 1908 n⁰
399 1850 456 1909 235
465 1867 473 1923 ;
479 1847 677 1929 probabiliter
686 1867 740 1930 pro
756 1849 1060 1924 llxtxethactione,
1074 1857 1193 1930 n072‘.);

229 1935 336 1997 Verius
349 1942 451 1998 tamen
465 1936 632 2000 ratihabitio
641 1943 757 2019 sperata
771 1957 832 1999 non
846 1937 955 2002 sufficit
968 1959 1022 2022 pro
1036 1939 1196 2005 conteren-

230 2024 276 2086 dis
289 2023 460 2100 ordinibus,
481 2025 551 2108 quia
573 2026 685 2089 Concil.
709 2027 840 2090 Trident.
863 2029 953 2110 exigit
972 2029 1121 2092 licentiam
1142 2049 1194 2094 ex-

230 2132 362 2194 pressam
378 2116 467 2193 (Sess.
480 2118 535 2190 tl,
551 2134 616 2196 cap.
633 2117 677 2194 b);
690 2115 742 2178 sed
753 2115 903 2198 probabile
916 2125 961 2180 est
974 2117 1054 2200 qudd
1068 2118 1196 2183 sufficiat

230 2202 397 2265 ratihabitio
421 2203 466 2266 vel
493 2203 612 2268 licentia
638 2209 821 2287 praesumpta
841 2205 879 2270 dc
897 2207 1055 2288 praesenti,
1077 2221 1110 2270 n·
1121 2213 1192 2273 189.

234 2291 309 2355 Vide
323 2293 536 2375 Loqueux‚n⁰
551 2298 621 2357 att.
717 2356 722 2366 ,

268 2403 338 2465 323.
361 2401 450 2483 Resp.
473 2403 506 2464 2⁰
527 2403 620 2464 dctus
638 2401 833 2484 detegatlonls
849 2403 983 2486 pluribus
996 2405 1060 2468 aliis
1074 2405 1196 2471 dotibus

229 2489 342 2573 pollere
367 2489 475 2564 debet:
499 2493 530 2551 {⁰
549 2492 574 2552 A
594 2491 756 2572 Delegante
786 2491 913 2556 intimari
932 2494 1021 2557 debet
1040 2493 1192 2578 delegato:

231 2578 388 2642 nonenim
406 2579 490 2642 aliter
507 2579 648 2662 delegans
666 2582 836 2646 consentire
850 2583 972 2646 ridetur.
996 2589 1028 2647 2⁰
1041 2583 1194 2670 decepturi

229 2665 319 2730 debet
331 2667 436 2731 saltem
450 2667 608 2751 implicite,
624 2670 702 2732 sicut
715 2669 851 2736 donatio:
871 2673 1014 2756 impliciti
1025 2681 1194 2758 acceptatur

230 2754 255 2826 si
268 2755 454 2838 delegandus
466 2757 579 2820 miserit
594 2761 734 2822 nuntium
749 2761 795 2823 vel
809 2761 919 2829 litteras
931 2761 969 2826 ad
982 2761 1191 2846 delegantem,

230 2850 304 2910 tunc
323 2845 423 2923 anim,
439 2847 528 2909 etiam
547 2847 682 2910 nondum
701 2855 825 2932 accepto
852 2871 1010 2935 responso,
1025 2859 1194 2935 acceptatur

230 2933 373 3017 implicite
382 2932 538 3017 delegatio:
549 2937 771 3000 videturtamen
780 2942 1194 3026 parumpradensagereanta

231 3023 434 3106 receptionem
449 3025 637 3104 facultatum,
655 3026 710 3089 nisi
720 3035 845 3110 urgeant
856 3030 1099 3096 circumstantiae..

241 3121 248 3136 ’
270 3123 304 3184 ln
320 3121 411 3184 dnbio
433 3130 532 3186 autern
553 3130 655 3187 utrum
672 3125 818 3208 delegatio
830 3131 1014 3210 praecesserit
1025 3137 1125 3195 actum
1138 3149 1193 3216 pro
1282 3173 1283 3176 =

232 3227 294 3292 qno
307 3209 455 3292 postulata
471 3210 531 3273 luit
547 3211 684 3292 licentia,
700 3217 839 3297 praesumi
857 3223 955 3298 potest
976 3218 1195 3303 delegationem
1282 3247 1283 3292 t

233 3299 433 3382 precessisse,
450 3301 475 3362 si
488 3300 595 3364 eodem
612 3301 679 3382 die,
694 3310 820 3389 auoque
839 3311 959 3388 peracta
971 3315 1059 3388 sunt3
1078 3310 1149 3393 quia
1161 3310 1193 3375 in

266 3505 274 3532 ⁸
293 3491 389 3546 Samio
406 3493 465 3547 rard
485 3497 677 3549 marterteram
691 3505 726 3562 (δ.
743 3507 841 3570 trgum.
858 3507 920 3568 666,
939 3509 1018 3576 tota).
1030 3509 1117 3562 titinio
1130 3527 1195 3568 entre

237 3563 299 3646 titali
311 3566 335 3618 io
354 3565 402 3618 hoa
417 3581 476 3618 caan
494 3568 552 3620 latet
568 3577 593 3649 at
609 3573 771 3623 comminuitur
786 3575 892 3642 ignorari
908 3579 994 3640 debet,
1007 3581 1195 3654 praladajaris·

238 3635 366 3690 irationem
379 3637 476 3705 supplet
488 3637 595 3692 declara
609 3639 718 3708 thanah,
731 3644 866 3710 ittd.‚dirp
879 3649 925 3708 22,
939 3653 966 3699 a⁰
976 3651 1024 3718 dt).
