2570 4006
477 297 562 346 rnen
584 287 702 347 manos.
1016 278 1070 346 111

100 402 165 468 anis
180 399 377 478 dioecesibus,
399 403 489 482 prout
509 397 649 481 expedire
664 397 864 479 judicaverint
879 416 887 459 ε
905 398 1009 480 regula
1030 401 1078 462 10·

102 493 193 568 (111).
204 489 324 553 -Vide
338 489 429 552 etiam
443 486 618 550 Mandatum
628 487 736 550 Leonis
745 487 798 549 ΧΠ
810 489 860 564 (26
873 487 970 549 martii
986 485 1077 569 1825)

102 587 170 662 post
183 579 303 661 regulas
316 577 426 639 indicis
437 576 564 658 (Bouix,
580 575 624 638 De
639 573 732 640 Corid
746 575 889 646 domant,
906 595 937 657 p.
950 577 1030 656 450).

143 671 195 731 tt⁰
214 667 259 730 Ad
274 664 570 748 Episcopostandem
580 664 709 746 pertinet
719 682 881 748 procurare
892 665 923 726 in
933 665 995 727 suis
1008 665 1079 728 dioe«

54 795 56 799 -
101 757 222 820 casibus
245 753 482 818 obseruationem
503 757 748 836 praescriptorum
770 753 808 816 ab
829 753 949 825 Indica,
968 772 1079 816 eorum

103 845 259 908 dolatores
272 843 370 926 poenis
383 841 491 904 debitis
505 840 663 923 plectendo
672 841 787 924 (regula
802 845 873 920 10⁸).
889 843 954 904 imo
968 843 998 904 in
1007 861 1079 906 casu

103 933 287 996 necessitatis
297 937 425 1015 possunt
437 929 604 993 concedere
618 929 770 992 licentiam
780 930 897 1012 tegendi
910 930 999 995 libros
1013 950 1081 1013 pro

102 1021 213 1083 hibitos
227 1023 318 1099 (159);
334 1037 397 1084 non
411 1021 481 1082 verb
495 1025 578 1080 extra
588 1019 671 1081 hunc
685 1035 808 1096 casum,
821 1020 885 1082 sine
899 1020 1018 1102 speciali
1033 1021 1079 1083 in-

101 1110 202 1182 dotto,
219 1109 273 1172 etsi
287 1108 414 1172 fuissent
432 1107 614 1171 cardinales.
629 1109 679 1170 Sic
692 1111 832 1191 expresse
845 1109 985 1172 Urbanus
999 1111 1077 1185 vlu,

103 1196 641 1280 Const.Apostolotdsofflciam.-V.
653 1196 763 1269 Bonis,
774 1197 920 1260 DeCarid
930 1198 1078 1278 Romana,

128 1335 135 1349 .
153 1291 223 1350 569.

102 1307 123 1370 p
143 1379 213 1438 763.
225 1376 347 1448 Quaerit.
364 1379 395 1440 8⁰
409 1374 486 1448 Quid
498 1375 536 1436 sit
549 1372 740 1438 sentiendum
751 1373 789 1436 de
802 1375 1032 1453 consuetudine,
1049 1377 1079 1438 in

103 1464 197 1527 Gallie
208 1473 238 1527 et
252 1464 316 1527 aliis
329 1463 404 1527 locis
413 1465 543 1545 vigente,
559 1481 622 1525 non
636 1463 813 1526 observandi
823 1463 1040 1546 prohibitiones
1052 1472 1081 1528 et

102 1573 210 1636 poenas
224 1553 263 1616 ab
279 1552 378 1616 indice
393 1552 541 1615 statutas?

143 1646 234 1724 Resp.
244 1642 323 1705 hanc
332 1641 585 1706 consuetudinem
593 1641 778 1724 illegitimam
787 1641 892 1720 videri,
902 1642 941 1705 ob
951 1643 1081 1706 rationes

104 1750 196 1814 supra
214 1733 364 1814 expositas
384 1734 556 1809 ‹rto-731),
579 1737 610 1793 et
631 1732 672 1794 ob
692 1732 787 1795 multa
807 1731 865 1794 alia
888 1739 1043 1795 momenta
1064 1735 1079 1796 b

103 1823 140 1883 D.
159 1821 253 1883 Bouix
267 1821 359 1882 relata
368 1820 426 1902 (De
438 1819 531 1884 Corio
545 1820 675 1882 Rornond
686 1868 694 1895 ,
705 1842 736 1904 p.
754 1824 830 1900 519,
842 1823 924 1898 θῐο.);
934 1821 1005 1904 quia
1019 1841 1080 1884 non

104 1910 308 1992 praescribitur
330 1916 434 1971 contra
458 1909 622 1990 legitimam
638 1915 834 1991 potestatem:
854 1932 870 1970 <r
884 1913 929 1974 On
945 1930 983 1974 ne
998 1931 1081 1994 pres-

105 2020 120 2058 »
145 1998 202 2060 crit
212 2009 269 2080 ‘pas
282 2005 387 2061 contre
400 1999 444 2060 les
457 2000 659 2080 prerogatives
668 1999 709 2062 du
720 2000 925 2080 sirint-siege,
938 2001 968 2062 ni
978 2007 1081 2064 contre

106 2109 122 2148 n
145 2105 222 2149 ceux
241 2087 294 2150 des
315 2095 396 2149 actes
417 2087 492 2149 dont
512 2085 540 2148 le
561 2089 640 2168 Papa
664 2105 703 2150 ne
721 2095 792 2170 peut
806 2107 860 2170 pas
880 2089 1078 2176 dispencer.»

107 2175 195 2239 Card.
211 2178 357 2254 Gousset‚
370 2175 521 2238 Obseruot.
536 2195 588 2237 sur
601 2195 640 2236 on
654 2175 794 2238 Memoire
808 2175 922 2239 odresse'
935 2177 954 2238 d
967 2177 1082 2261 I’Epis·

106 2273 207 2347 capot,
220 2284 251 2347 p.
267 2270 318 2327 27.
334 2299 374 2310 —
389 2264 462 2326 Vide
477 2264 566 2326 etiam
576 2265 718 2347 Exposit.
731 2264 780 2328 dea
790 2265 990 2349 principasdn
1003 2266 1084 2328 droit

107 2373 213 2425 conco,
231 2373 261 2436 p.
278 2357 348 2430 115,
364 2352 511 2433 ejusdem.

149 2444 294 2505 Praeterea
308 2461 369 2504 non
384 2443 502 2505 tantum
521 2443 539 2503 a
554 2443 606 2506 SS.
624 2443 818 2507 Pontificibus
833 2462 913 2527 saepe
926 2445 1083 2526 reprobata

108 2529 166 2594 tuit
178 2529 257 2593 dicta
269 2529 474 2609 consuetudo,
495 2529 590 2593 sedin
605 2532 708 2594 multis
725 2531 905 2596 dioecesibus
918 2533 1084 2596 observatio

109 2619 298 2683 decretorum
314 2622 345 2683 S.
362 2620 448 2682 Sedis
467 2620 547 2682 cirea
561 2619 654 2682 libros
666 2621 771 2684 vetitos
784 2622 957 2704 praecipitur
973 2641 980 2684 :
996 2623 1039 2685 sic
1051 2621 1083 2687 iu

110 2709 243 2771 Concilio
270 2708 419 2784 dimensi,
435 2727 517 2771 anuo
542 2712 621 2772 1850
639 2710 694 2788 (111.
717 2715 756 2790 3,
778 2711 889 2774 decret.
911 2714 940 2791 1)
953 2711 1082 2776 diciturt

114 2819 130 2856 c
151 2799 276 2860 Decreta
299 2797 410 2880 quibus
428 2799 481 2860 SS.
502 2798 662 2860 Pontifices
684 2799 716 2861 in
739 2801 877 2864 universa
892 2801 1039 2876 Ecclesia,
1055 2811 1085 2866 at

110 2909 127 2948 n
151 2886 291 2968 Episcopi
312 2887 344 2948 in
359 2889 414 2948 sut
428 2887 557 2968 quisque
579 2886 718 2966 dioecesi,
740 2889 914 2970 hujusmodi
939 2890 1084 2954 librorum

110 2997 127 3035 s>
151 2974 313 3037 lectionem
335 2975 381 3037 rel
402 2974 632 3058 impressionem
660 2976 837 3059 prohibent,
857 2981 890 3040 in
912 2980 1086 3044 cmmcimtid

8 3093 9 3110 r
111 3063 284 3145 »oblr'poot
306 3063 395 3126 etiam
419 3064 548 3126 clericos.
577 3065 684 3128 Nullus
710 3084 782 3149 ergo
805 3068 969 3149 prohibitos
995 3069 1086 3133 libros

113 3173 128 3212 n
153 3151 253 3235 legere
271 3159 303 3214 et
322 3152 450 3215 retinere
472 3159 653 3234 prasumat,
670 3155 727 3218 nisi
742 3154 819 3218 adsit
832 3159 1010 3237 necessitas,
1024 3161 1086 3222 eta

112 3261 128 3300 n
153 3247 345 3324 competente
359 3241 533 3304 auctoritate
547 3241 715 3307 obtineatur
729 3244 888 3308 licentia.»

154 3333 229 3392 ltem
252 3331 283 3392 in
302 3331 436 3393 Concilio
458 3331 608 3395 Tolosano
625 3335 698 3396 anni
722 3337 801 3397 tato
822 3335 877 3414 (tit.
901 3339 942 3408 1,
963 3355 1030 3420 cap.
1045 3341 1084 3415 2,

115 3427 149 3483 n⁰
159 3423 209 3498 51)
221 3438 229 3479 :
243 3420 412 3482 «Caeterum
423 3420 523 3501 quoad
533 3421 625 3485 libros
633 3426 749 3500 vetitos,
757 3431 910 3486 serventur
919 3425 1086 3507 Apostolica

114 3531 131 3569 n
156 3507 281 3570 Decreta
295 3507 330 3570 de
344 3507 529 3592 impetrandi
548 3510 566 3571 ἀ
587 3511 716 3574 Romano
737 3513 885 3597 Pontifice
905 3513 1026 3576 licentia
1043 3533 1088 3575 eos

115 3619 132 3660 n
157 3595 305 3658 retinendi
318 3615 353 3658 oc
368 3597 524 3680 dependi.»
549 3599 663 3662 Similia
676 3600 788 3664 babent
806 3601 920 3664 Concit.
942 3599 1088 3680 Burdiga·

116 3687 202 3750 lanso
216 3686 287 3748 anni
306 3690 401 3763 1850,
416 3693 446 3750 et
461 3687 658 3750 tuscianum
672 3689 806 3768 ejusdem
821 3690 904 3752 anni.
921 3689 1088 3751 Concilium
