2506 3984
513 241 599 289 arara
619 221 738 292 ramus}
1046 225 1104 286 005

133 340 252 404 casibus
276 361 337 404 non
359 344 515 407 reservatis
533 345 623 428 Papae
636 345 682 408 vei
706 346 867 428 Episcopo,
891 350 921 407 et
937 344 1104 428 approbare

133 429 341 493 confessarios.

172 522 204 580 5⁰
225 522 292 582 Non
305 521 499 583 consentiunt
516 523 580 583 DE.
603 541 643 584 an
659 522 796 586 Vicarins
815 521 968 585 Generalis
981 525 1105 604 possitis

132 607 303 686 juramento
317 609 480 673 absolvere.
494 609 567 672 Vide
580 610 711 674 rationes
720 630 775 693 pro
783 616 813 674 et
821 618 937 688 contra,
946 611 1026 694 apud
1032 613 1107 674 Leu-

134 697 264 758 renium.
281 698 325 760 De
354 697 470 760 Vicom'o
493 699 646 781 Episcop,
658 719 725 782 cap.
742 700 776 779 3,
792 719 823 782 q.
840 702 909 762 131.

49 802 52 806 ’
175 789 205 846 6⁰
227 785 328 848 Potest
348 787 413 849 sine
434 787 556 870 speciali
579 788 722 852 mandato
742 807 778 852 ea
792 806 933 851 exercere
950 807 1019 870 quae
1032 807 1107 852 con·

136 873 284 937 ceduntur
297 875 447 958 Episcopo
460 883 605 958 tanquam
620 876 707 943 Sedis
720 877 899 960 apostolicas
912 877 1067 958 delegato,
1082 879 1108 940 si

136 968 204 1024 ante
219 964 333 1026 Concil.
349 964 483 1027 Trident.
499 983 535 1028 ea
548 965 759 1047 competebant
772 966 921 1048 Episcopo
938 967 1007 1046 jura
1027 964 1108 1030 ordi·

136 1053 232 1128 nario,
244 1071 331 1116 secus
345 1052 459 1134 indiget
472 1054 593 1136 speciali
604 1054 848 1136 delegationem
863 1055 956 1118 decis.
967 1056 999 1118 S.
1011 1055 1105 1137 Cong.

137 1141 229 1203 Gonc.
250 1143 269 1203 b
290 1144 327 1203 D.
351 1142 447 1205 Bouix
461 1143 552 1206 relata
569 1144 628 1221 (De
649 1144 755 1214 lodic,
781 1151 803 1206 t.
825 1148 859 1221 1,
874 1165 905 1227 p.
921 1145 1012 1212 ran:
1027 1145 1108 1207 unde

137 1229 273 1292 Vicarius
288 1231 442 1293 Generalis
455 1250 517 1293 non
532 1239 630 1313 potest
642 1234 793 1313 corrigere
806 1252 946 1296 excessus
958 1233 1111 1314 religioso·

138 1336 207 1380 rum
243 1327 453 1401 exemplorum
486 1328 570 1383 extra
589 1321 718 1384 claustra
743 1321 938 1404 degentium,
967 1323 1004 1384 cd
1027 1322 1110 1403 qubd

138 1405 213 1468 illud
228 1426 289 1470 non
303 1408 397 1490 possit
409 1409 576 1491 Episcopus
586 1409 642 1472 nisi
653 1417 814 1494 atempore
828 1410 952 1474 Concilii
962 1411 1109 1490 Trident,

139 1502 169 1558 et
182 1514 216 1558 er
233 1497 327 1578 ipsius
340 1498 537 1561 concessione
551 1501 641 1577 (Sess.
658 1503 677 1562 6
689 1519 775 1582 ,cap
789 1503 830 1578 3).

179 1591 210 1645 7·
232 1587 298 1648 Non
313 1593 409 1668 potest
416 1587 540 1668 quidem
548 1587 683 1652 Vicarins
691 1589 855 1666 Generalis,
864 1605 978 1672 absque
991 1590 1113 1672 speciali

141 1675 302 1752 mandato,
323 1675 400 1739 ferre
423 1675 602 1740 sententiam
625 1679 946 1742 excommunicationis
968 1686 1113 1760 tanquam

141 1783 262 1846 poenam
285 1764 411 1844 alicujus
437 1765 537 1829 delicti
562 1767 648 1849 (Gap.
673 1767 776 1840 Licet,
798 1766 833 1830 dc
856 1767 955 1850 Officio
983 1766 1112 1847 Vicora'i,

142 1855 172 1915 in
181 1857 243 1932 6⁰);
259 1853 310 1916 sed
325 1860 423 1935 potest
437 1855 518 1917 illam
533 1855 610 1918 ferre
619 1855 733 1938 absque
742 1857 790 1920 tali
801 1857 956 1935 mandato,
971 1857 1009 1920 ad
1023 1857 1113 1921 effec-

142 1951 206 2004 tum
220 1942 373 2005 obtinendi
390 1950 421 2006 ut
431 1944 541 2006 subditi
552 1945 606 2007 sibi
618 1953 760 2026 pareant,
775 1967 803 2010 v.
819 1967 863 2028 g.‚
880 1949 1043 2028 praeoipere
1057 1947 1114 2010 sub

142 2035 230 2114 poena
244 2033 564 2095 excommunicationis
577 2033 660 2114 qubd
678 2053 747 2097 reus
759 2036 806 2097 vel
829 2037 913 2098 testis
929 2042 1111 2117 compareat.

143 2121 224 2183 idem
243 2128 289 2182 est
305 2119 468 2182 dicendum
482 2120 520 2182 de
542 2122 740 2202 suspensione
753 2128 806 2186 aut
814 2123 982 2186 interdicto.

183 2215 272 2272 1175.
295 2241 335 2254 -
348 2213 379 2271 8⁰
394 2211 460 2270 Non
475 2209 661 2272 obstantibus
679 2211 715 2272 iis
735 2229 804 2293 quae
817 2214 835 2274 a
848 2213 963 2275 Concil.
978 2213 1112 2277 Trident.

144 2318 224 2376 isess.
239 2304 288 2376 Et,
304 2317 332 2362 c.
345 2301 399 2374 EG,
414 2297 449 2360 dc
462 2298 865 2380 reform.)dicuntur‚Vicarii
876 2309 1003 2383 possunt
1014 2349 1023 2377 ‚
1031 2303 1115 2382 juxta

144 2388 385 2452 communiorem
399 2394 429 2449 et
444 2387 675 2468 probabiliorem
690 2389 880 2466 sententiam,
898 2407 1003 2452 causas
1016 2391 1116 2452 matri-

145 2478 291 2541 moniales
317 2477 473 2560 expedire‚
496 2476 619 2558 quando
637 2476 797 2540 ordinariae
819 2477 957 2560 potestati
976 2479 1113 2541 subsunt.

145 2567 202 2630 Per
214 2566 307 2630 verba
321 2573 421 2630 autem
437 2566 560 2630 Concilii
576 2585 584 2628 t
604 2566 775 2648 «Episcopi
794 2567 1056 2629 tantoniascmtci
1069 2587 1116 2630 re·

118 2715 123 2724 ,
146 2655 338 2738 linquontur,
362 2655 596 2718 »excluduntur
615 2654 740 2736 quidem
762 2655 998 2718 Arcbidiaconus
1021 2655 1116 2720 etalii

145 2746 263 2808 Praelati
278 2745 445 2822 inferiores,
460 2745 514 2827 qui
528 2745 680 2807 diversum
693 2743 732 2806 ab
745 2743 1049 2826 Episcopalit'ribunal
1064 2744 1117 2808 ha·

146 2833 234 2907 bont,
251 2833 376 2897 minime
390 2837 461 2899 verb
474 2833 611 2898 Vicarius
625 2833 780 2896 Generalis
799 2832 839 2895 ob
859 2833 1005 2896 unitatem
1023 2834 1117 2898 tribu·

146 2922 223 2986 nalis
234 2941 306 2986 cum
318 2924 480 3012 Episcopo.

187 3012 291 3085 Quoad
304 3031 410 3077 causas
423 3033 492 3096 quaa
505 3015 523 3076 a
536 3014 619 3093 Papa
630 3013 780 3095 Episcopo
793 3012 1043 3091 committuntur,
1057 3013 1119 3076 dis·

148 3109 268 3184 putatur
283 3109 386 3165 utrum
399 3103 519 3166 Vicario
533 3103 671 3164 Generali
689 3101 836 3164 committi
850 3103 983 3184 possint3
1002 3108 1121 3165 senten·

148 3191 219 3252 tiam
233 3189 433 3253 affirmantem
453 3189 642 3272 amplectitur
664 3193 700 3252 1).
726 3189 843 3268 Itonia,
860 3189 907 3252 De
918 3189 1031 3263 lodic..
1044 3197 1067 3254 t.
1083 3193 1119 3269 1,

148 3298 179 3360 p.
196 3282 266 3342 131.
288 3279 364 3343 Vide
376 3279 456 3343 dicta
470 3297 561 3361 supra
574 3281 644 3357 (308
654 3283 685 3340 et
698 3277 797 3358 1165).

188 3371 218 3430 9·
233 3370 354 3432 Certum
367 3377 412 3432 est
424 3369 578 3432 vicarium
588 3367 764 3431 Generalem
775 3387 873 3451 posse,
884 3369 1011 3450 perinde
1024 3385 1059 3432 ac
1071 3387 1122 3450 pa·

150 3457 289 3534 rochum,
299 3457 394 3521 valide
408 3456 607 3520 matrimoniis
615 3457 764 3531 assistere,
777 3456 890 3538 absque
900 3457 1021 3539 speciali
1033 3476 1123 3518 man-

149 3547 230 3623 dato,
241 3554 272 3610 et
285 3545 379 3624 alteri,
396 3545 487 3608 modo
501 3545 556 3608 iste
565 3545 604 3607 sit
612 3544 762 3623 sacerdos,
773 3545 941 3608 concedere
950 3545 1122 3607 facultatem

151 3633 246 3697 valida
274 3635 310 3696 lis
329 3635 506 3709 assistendi,
528 3633 676 3712 siquidem
696 3639 741 3695 cst
763 3633 939 3696 ordinarius
957 3633 1120 3708 (trident,

942 3727 1026 3796 liii*
