2588 3994
185 211 239 272 l58
405 221 542 270 usauria
562 220 661 268 ronne
682 219 762 264 runis
784 214 928 263 canonici.

183 329 304 408 legatam
328 331 359 388 2⁰
380 325 417 388 de
445 322 604 405 adeptione
622 318 838 402 jurisdictionis
860 315 1019 384 ordinariae
1040 337 1047 370 ι
1071 307 1158 374 undo

183 423 242 478 tres
257 421 346 478 eruut
359 413 476 477 articuli
491 433 499 474 ι

603 610 684 674 ART.
707 607 728 672 l.

396 770 432 815 DE
452 766 553 814 TITULO
575 766 609 809 ET
630 763 722 808 ll'SlllS
743 759 944 806 NECESSITATE·

224 951 292 1008 292.
316 943 432 1006 Titulus
446 943 475 1002 in
494 959 605 1022 ,genere
623 945 667 1001 est
681 945 765 1000 actus
783 955 845 1018 quo
859 933 1012 1022 confertur
1026 940 1160 1014 poteslas

185 1033 347 1117 peragendi
363 1031 467 1094 munla
481 1029 681 1092 ecclesiasti&
696 1046 705 1089 ι

225 1124 341 1184 Titulus
357 1129 401 1184 est
414 1139 498 1183 veros
512 1125 562 1181 aut
580 1117 672 1200 salsus
682 1136 694 1179 .·
708 1136 791 1178 veros
809 1121 854 1178 est
872 1115 924 1196 qui
940 1115 1024 1178 nullo
1045 1114 1161 1177 laborat

187 1213 274 1274 uitio:
292 1213 381 1294 porro
396 1218 430 1273 nt
442 1229 530 1272 verus
543 1208 594 1283 sit,
611 1207 667 1269 tria
685 1207 882 1287 requiruntur
899 1225 906 1265 ι
924 1209 955 1266 l⁰
965 1205 1158 1268 concedentis

187 1301 279 1363 libera
300 1308 445 1384 potestas,
470 1306 501 1361 ²2⁰
522 1296 694 1380 recipientis
713 1295 868 1373 habilitas,
893 1297 925 1356 3⁰
944 1294 1044 1359 debita
1062 1295 1158 1360 lorino

189 1393 218 1452 ln
233 1397 303 1453 actu
317 1389 531 1454 concessionis

231 1480 332 1542 ibinus
342 1487 385 1541 nst
400 1479 447 1541 ille
458 1479 508 1561 qui
517 1475 708 1539 laborntritio
721 1474 907 1536 circaunum
916 1475 1054 1536 extribus
1068 1475 1159 1538 nrodb

189 1570 336 1632 indicatis.
354 1569 468 1630 Dicitur
483 1568 572 1629 etiam
582 1565 736 1647 putativus
749 1563 870 1624 relatire
884 1561 921 1623 ad
940 1565 1058 1646 eosqui
1076 1564 1159 1646 igno

190 1665 290 1719 rantes
303 1658 407 1720 ritirnn
423 1657 591 1738 lagitinrurn
606 1659 756 1734 reputant,

230 1751 298 1809 293.
320 1747 437 1808 Titulus
456 1746 547 1807 falsus
562 1749 659 1827 potest
676 1761 741 1804 esse
754 1741 800 1804 vel
818 1741 906 1825 fictus
915 1787 924 1817 ‚
939 1742 987 1806 vel
1004 1743 1158 1825 coloratus,

191 1855 225 1897 vo
252 1835 427 1917 sitrrplr'rt'lcr
440 1835 546 1895 indias.

233 1925 332 1986 dictus
346 1931 391 1985 est.
410 1925 456 1986 ille
477 1925 529 2005 qni
551 1941 613 1986 non
636 1922 693 1984 luit
711 1940 875 1984 concessus
892 1923 910 1984 b
928 1923 1099 2003 superiore,
1115 1925 1159 1988 rel

192 2033 252 2075 non
273 2033 327 2095 pro
349 2033 440 2088 casu,
463 2021 515 2076 arri
532 2014 619 2086 loco,
636 2017 689 2074 aut
710 2016 866 2093 ternpore,
889 2012 935 2074 vel
954 2012 1086 2095 denique
1107 2035 1160 2097 pro

192 2107 320 2186 persona
333 2103 371 2166 de
384 2105 493 2186 quilius
507 2104 615 2186 agitur.

233 2192 388 2255 Colorotas
401 2204 446 2256 est
456 2194 503 2256 ille
517 2213 570 2276 qur
585 2192 642 2254 luit
655 2209 817 2255 concessus
831 2193 847 2252 a
862 2191 994 2272 legitimo
1007 2195 1161 2276 superiore

192 2291 223 2347 ol
234 2283 269 2346 de
280 2303 309 2346 se
323 2291 401 2346 esset
413 2291 501 2365 aptus
514 2283 550 2344 ad
563 2281 803 2362 jurisdictionem
817 2281 1046 2358 conserendam,
1062 2285 1086 2346 si
1102 2303 1160 2348 non

193 2373 358 2438 irritaretur
369 2379 491 2456 propter
507 2371 658 2434 delectum
670 2370 843 2446 oooultum3
861 2372 949 2453 porro
968 2371 1016 2435 ille
1030 2371 1162 2438 delectus

193 2464 330 2526 occultus
340 2469 437 2541 potest.
452 2461 641 2542 contingere:
660 2463 689 2521 l⁰
708 2459 739 2521 in
753 2459 928 2534 corrodente,
943 2481 970 2524 v.
993 2481 1021 2543 g.
1039 2463 1063 2524 si
1078 2463 1161 2544 igno·

194 2560 310 2614 raretur
328 2570 410 2612 mors
425 2550 581 2632 Episcopi,
603 2550 698 2630 ipsius
719 2550 855 2612 VIoarius
874 2551 1026 2614 GeneraIIs
1043 2551 1161 2618 haberet

194 2641 315 2704 titulum
335 2641 503 2702 coloratum
526 2641 659 2714 tanti1m3
676 2643 706 2701 2⁰
727 2639 758 2700 ln
778 2640 953 2722 recipiente,
969 2642 1029 2704 sire
1043 2643 1162 2724 aliquod

194 2731 299 2792 ritiunr
314 2730 513 2812 praecesserit,
530 2749 557 2789 r.
574 2749 603 2810 g.
621 2729 823 2810 lrrogulnritas
836 2730 972 2807 occulte,
987 2731 1032 2793 rel
1047 2751 1163 2795 encour-

198 2819 360 2884 rnuniratio
373 2866 379 2895 ,
391 2819 451 2879 sire
460 2819 546 2880 titulo
560 2837 616 2880 suo
630 2818 667 2880 sit
676 2818 819 2900 spoliatus
834 2824 863 2880 et
873 2818 902 2880 id
915 2811 1080 2900 ignoretur;
1092 2826 1122 2884 3⁰
1133 2823 1161 2884 in

196 2917 276 2980 ectu,
301 2917 334 2970 ut
356 2907 380 2969 si
403 2907 604 2970 intercesserit
627 2907 755 2970 simonie
778 2907 908 2986 occulta,
936 2909 1051 2973 ratione
1079 2913 1162 2993 cujus

196 3005 281 3061 aotns
291 2998 329 3059 sit
338 2997 448 3059 irritus.

237 3086 424 3169 Simpliciter
436 3087 536 3148 nullus
546 3091 606 3163 est,
616 3086 662 3148 rel
677 3086 795 3168 quisuit
808 3092 998 3154 eoncessnni
1013 3091 1162 3174 superiore

198 3177 234 3239 ad
249 3195 342 3258 quern
356 3195 417 3239 non
435 3176 564 3257 pertinet
581 3175 765 3254 concedere,
780 3197 808 3240 v.
827 3199 856 3259 g.
878 3179 916 3240 ab
936 3179 1163 3265 Anchiepiscopo

198 3273 281 3328 extra
309 3284 397 3328 casus
421 3265 452 3326 ln
478 3266 589 3346 quibus
612 3265 668 3346 ipsi
696 3265 836 3329 tribuitur
861 3267 985 3331 incultas
1008 3271 1163 3352 supplendi

199 3355 412 3436 negligentiam
430 3353 709 3434 suffraganeorum
729 3357 775 3417 vel
797 3355 822 3418 si
842 3355 931 3419 luerit
951 3363 1113 3423 eoncesslls
1128 3363 1163 3424 ali

199 3464 236 3507 eo
245 3443 388 3526 ailonem
399 3443 527 3525 pertinet
539 3443 722 3520 concedere,
747 3454 777 3508 et
794 3445 909 3508 laborat
917 3447 987 3509 vitio
998 3451 1161 3514 manifesto.

200 3537 266 3596 Non
287 3541 387 3595 tumen
406 3531 568 3611 requiritur
588 3537 623 3594 ut
636 3551 743 3594 omnes
763 3533 868 3597 Incolae
887 3537 1024 3599 noverint
1042 3537 1161 3620 ritiurn,

201 3622 253 3684 sed
263 3620 372 3683 sullleit
386 3621 410 3682 si
425 3619 510 3681 mnlti
524 3627 718 3702 cognoscant.
