<?xml version="1.0" encoding="UTF-8"?>
<!DOCTYPE html PUBLIC "-//W3C//DTD XHTML 1.0 Transitional//EN"
    "http://www.w3.org/TR/xhtml1/DTD/xhtml1-transitional.dtd">
<html xmlns="http://www.w3.org/1999/xhtml" xml:lang="en" lang="en">
 <head>
  <title>
</title>
<meta http-equiv="Content-Type" content="text/html;charset=utf-8" />
  <meta name='ocr-system' content='tesseract 3.04.00' />
  <meta name='ocr-capabilities' content='ocr_page ocr_carea ocr_par ocr_line ocrx_word'/>
</head>
<body>
  <div class='ocr_page' id='page_1' title='image "./manualetotiusju03craigoog_0593.png"; bbox 0 0 2506 3984; ppageno 0'>
   <div class='ocr_carea' id='block_1_1' title="bbox 185 189 940 254">
    <p class='ocr_par' dir='ltr' id='par_1_1' title="bbox 185 189 940 254">
     <span class='ocr_line' id='line_1_1' title="bbox 185 189 940 254; baseline -0.021 -2"><span class='ocrx_word' id='word_1_1' title='bbox 185 189 242 254; x_wconf 79' lang='lat' dir='ltr'>stc</span> <span class='ocrx_word' id='word_1_2' title='bbox 408 197 547 247; x_wconf 75' lang='lat' dir='ltr'>sauram</span> <span class='ocrx_word' id='word_1_3' title='bbox 567 195 668 243; x_wconf 83' lang='lat' dir='ltr'>rorros</span> <span class='ocrx_word' id='word_1_4' title='bbox 687 194 770 241; x_wconf 80' lang='lat' dir='ltr'>runis</span> <span class='ocrx_word' id='word_1_5' title='bbox 790 191 940 240; x_wconf 80' lang='lat' dir='ltr'>canomcr.</span> 
     </span>
    </p>
   </div>
   <div class='ocr_carea' id='block_1_2' title="bbox 157 287 1172 3225">
    <p class='ocr_par' dir='ltr' id='par_1_2' title="bbox 157 287 1172 472">
     <span class='ocr_line' id='line_1_2' title="bbox 157 287 1172 375; baseline -0.017 -8"><span class='ocrx_word' id='word_1_6' title='bbox 157 287 159 300; x_wconf 57' lang='lat'>¹</span> <span class='ocrx_word' id='word_1_7' title='bbox 184 309 301 367; x_wconf 86' lang='lat' dir='ltr'>tenetur</span> <span class='ocrx_word' id='word_1_8' title='bbox 313 300 352 364; x_wconf 87' lang='lat' dir='ltr'>ad</span> <span class='ocrx_word' id='word_1_9' title='bbox 366 297 606 363; x_wconf 85' lang='lat' dir='ltr'>observationem</span> <span class='ocrx_word' id='word_1_10' title='bbox 614 293 689 375; x_wconf 79' lang='lat' dir='ltr'>legis</span> <span class='ocrx_word' id='word_1_11' title='bbox 702 292 880 355; x_wconf 86' lang='lat' dir='ltr'>dioecesanae</span> <span class='ocrx_word' id='word_1_12' title='bbox 893 289 952 353; x_wconf 88' lang='lat' dir='ltr'>snb</span> <span class='ocrx_word' id='word_1_13' title='bbox 966 289 1073 372; x_wconf 89' lang='lat' dir='ltr'>poenis</span> <span class='ocrx_word' id='word_1_14' title='bbox 1087 289 1123 351; x_wconf 90' lang='lat' dir='ltr'>in</span> <span class='ocrx_word' id='word_1_15' title='bbox 1135 289 1172 351; x_wconf 80' lang='lat' dir='ltr'>ed</span> 
     </span>
     <span class='ocr_line' id='line_1_3' title="bbox 183 384 706 472; baseline -0.021 -17"><span class='ocrx_word' id='word_1_16' title='bbox 183 390 332 455; x_wconf 85' lang='lat' dir='ltr'>contentis</span> <span class='ocrx_word' id='word_1_17' title='bbox 345 387 511 472; x_wconf 87' lang='lat' dir='ltr'>(Ferraris,</span> <span class='ocrx_word' id='word_1_18' title='bbox 526 384 581 463; x_wconf 71' lang='lat' dir='ltr'>ila,</span> <span class='ocrx_word' id='word_1_19' title='bbox 596 391 630 445; x_wconf 75' lang='lat' dir='ltr'>n⁰</span> <span class='ocrx_word' id='word_1_20' title='bbox 644 385 706 462; x_wconf 81' lang='lat'>35).</span> 
     </span>
    </p>

    <p class='ocr_par' dir='ltr' id='par_1_3' title="bbox 185 466 1171 2602">
     <span class='ocr_line' id='line_1_4' title="bbox 225 466 1171 558; baseline -0.016 -16"><span class='ocrx_word' id='word_1_21' title='bbox 225 483 313 544; x_wconf 77' lang='grc'><strong>4086.</strong></span> <span class='ocrx_word' id='word_1_22' title='bbox 336 483 368 541; x_wconf 86' lang='grc' dir='ltr'>6ο</span> <span class='ocrx_word' id='word_1_23' title='bbox 385 479 513 558; x_wconf 83' lang='lat' dir='ltr'><strong>Insuper</strong></span> <span class='ocrx_word' id='word_1_24' title='bbox 533 472 633 556; x_wconf 87' lang='lat' dir='ltr'>quoad</span> <span class='ocrx_word' id='word_1_25' title='bbox 652 471 836 554; x_wconf 84' lang='lat' dir='ltr'><strong>Episcopum</strong></span> <span class='ocrx_word' id='word_1_26' title='bbox 857 467 1014 532; x_wconf 88' lang='lat' dir='ltr'>titularem</span> <span class='ocrx_word' id='word_1_27' title='bbox 1030 466 1171 530; x_wconf 89' lang='lat' dir='ltr'>simulet</span> 
     </span>
     <span class='ocr_line' id='line_1_5' title="bbox 185 559 1169 642; baseline -0.018 -8"><span class='ocrx_word' id='word_1_28' title='bbox 185 570 392 640; x_wconf 79' lang='lat' dir='ltr'>Canopicum,</span> <span class='ocrx_word' id='word_1_29' title='bbox 408 566 544 628; x_wconf 80' lang='lat' dir='ltr'>incensa</span> <span class='ocrx_word' id='word_1_30' title='bbox 559 562 709 625; x_wconf 77' lang='lat' dir='ltr'>Asculant</span> <span class='ocrx_word' id='word_1_31' title='bbox 719 559 893 642; x_wconf 85' lang='lat' dir='ltr'>sequeutia,</span> <span class='ocrx_word' id='word_1_32' title='bbox 909 563 949 622; x_wconf 75' lang='lat'>‘20</span> <span class='ocrx_word' id='word_1_33' title='bbox 963 565 1056 620; x_wconf 88' lang='lat' dir='ltr'>mart.</span> <span class='ocrx_word' id='word_1_34' title='bbox 1075 561 1169 632; x_wconf 67' lang='grc' dir='ltr'>Ιῖὲο,</span> 
     </span>
     <span class='ocr_line' id='line_1_6' title="bbox 186 647 1171 736; baseline -0.019 -12"><span class='ocrx_word' id='word_1_35' title='bbox 186 659 317 724; x_wconf 89' lang='lat' dir='ltr'>resoluta</span> <span class='ocrx_word' id='word_1_36' title='bbox 336 662 407 720; x_wconf 92' lang='lat' dir='ltr'>sunt</span> <span class='ocrx_word' id='word_1_37' title='bbox 422 675 430 716; x_wconf 75' lang='grc' dir='ltr'><strong>ε</strong></span> <span class='ocrx_word' id='word_1_38' title='bbox 447 659 477 716; x_wconf 82' lang='grc' dir='ltr'>Ι·</span> <span class='ocrx_word' id='word_1_39' title='bbox 491 659 560 736; x_wconf 87' lang='lat' dir='ltr'>post</span> <span class='ocrx_word' id='word_1_40' title='bbox 572 653 700 714; x_wconf 90' lang='lat' dir='ltr'>delatam</span> <span class='ocrx_word' id='word_1_41' title='bbox 714 669 768 732; x_wconf 88' lang='lat' dir='ltr'>per</span> <span class='ocrx_word' id='word_1_42' title='bbox 782 648 1004 713; x_wconf 66' lang='lat' dir='ltr'>subdiaconum</span> <span class='ocrx_word' id='word_1_43' title='bbox 1019 647 1171 708; x_wconf 85' lang='lat' dir='ltr'>assisten-</span> 
     </span>
     <span class='ocr_line' id='line_1_7' title="bbox 186 735 1170 829; baseline -0.016 -17"><span class='ocrx_word' id='word_1_44' title='bbox 186 755 246 812; x_wconf 90' lang='lat' dir='ltr'>tom</span> <span class='ocrx_word' id='word_1_45' title='bbox 261 748 410 829; x_wconf 81' lang='lat' dir='ltr'>Episcopo</span> <span class='ocrx_word' id='word_1_46' title='bbox 431 743 518 806; x_wconf 91' lang='lat' dir='ltr'>locali</span> <span class='ocrx_word' id='word_1_47' title='bbox 531 759 655 825; x_wconf 90' lang='lat' dir='ltr'>pacem,</span> <span class='ocrx_word' id='word_1_48' title='bbox 678 759 739 803; x_wconf 90' lang='lat' dir='ltr'>uon</span> <span class='ocrx_word' id='word_1_49' title='bbox 753 739 843 802; x_wconf 89' lang='lat' dir='ltr'>debet</span> <span class='ocrx_word' id='word_1_50' title='bbox 862 756 917 820; x_wconf 93' lang='lat' dir='ltr'>per</span> <span class='ocrx_word' id='word_1_51' title='bbox 930 735 1079 800; x_wconf 90' lang='lat' dir='ltr'>eumdem</span> <span class='ocrx_word' id='word_1_52' title='bbox 1094 735 1170 798; x_wconf 87' lang='lat' dir='ltr'>sub-</span> 
     </span>
     <span class='ocr_line' id='line_1_8' title="bbox 186 824 1170 914; baseline -0.016 -13"><span class='ocrx_word' id='word_1_53' title='bbox 186 837 349 900; x_wconf 82' lang='lat' dir='ltr'><strong>diaconum</strong></span> <span class='ocrx_word' id='word_1_54' title='bbox 377 833 486 896; x_wconf 89' lang='lat' dir='ltr'>delerri</span> <span class='ocrx_word' id='word_1_55' title='bbox 512 831 661 914; x_wconf 85' lang='lat' dir='ltr'>Episcopo</span> <span class='ocrx_word' id='word_1_56' title='bbox 683 829 813 902; x_wconf 92' lang='lat' dir='ltr'>titulari,</span> <span class='ocrx_word' id='word_1_57' title='bbox 838 833 1001 909; x_wconf 82' lang='lat' dir='ltr'><strong>antequam</strong></span> <span class='ocrx_word' id='word_1_58' title='bbox 1018 824 1170 886; x_wconf 82' lang='lat' dir='ltr'>Canomci</span> 
     </span>
     <span class='ocr_line' id='line_1_9' title="bbox 187 915 1167 1001; baseline -0.014 -13"><span class='ocrx_word' id='word_1_59' title='bbox 187 926 356 988; x_wconf 72' lang='lat' dir='ltr'>assistentes</span> <span class='ocrx_word' id='word_1_60' title='bbox 376 923 407 984; x_wconf 90' lang='lat' dir='ltr'>in</span> <span class='ocrx_word' id='word_1_61' title='bbox 421 921 530 983; x_wconf 86' lang='lat' dir='ltr'>throno</span> <span class='ocrx_word' id='word_1_62' title='bbox 550 921 632 982; x_wconf 89' lang='lat' dir='ltr'>illam</span> <span class='ocrx_word' id='word_1_63' title='bbox 655 919 824 1001; x_wconf 88' lang='lat' dir='ltr'>receperint</span> <span class='ocrx_word' id='word_1_64' title='bbox 836 917 874 979; x_wconf 91' lang='lat' dir='ltr'>ab</span> <span class='ocrx_word' id='word_1_65' title='bbox 891 917 1044 999; x_wconf 82' lang='lat' dir='ltr'>Episcopo</span> <span class='ocrx_word' id='word_1_66' title='bbox 1058 915 1167 988; x_wconf 87' lang='lat' dir='ltr'>locali;</span> 
     </span>
     <span class='ocr_line' id='line_1_10' title="bbox 188 1005 1168 1092; baseline -0.011 -16"><span class='ocrx_word' id='word_1_67' title='bbox 188 1019 219 1076; x_wconf 79' lang='lat'>2⁰</span> <span class='ocrx_word' id='word_1_68' title='bbox 234 1015 265 1075; x_wconf 93' lang='lat' dir='ltr'>in</span> <span class='ocrx_word' id='word_1_69' title='bbox 278 1013 376 1075; x_wconf 86' lang='lat' dir='ltr'>Missis</span> <span class='ocrx_word' id='word_1_70' title='bbox 389 1017 419 1073; x_wconf 92' lang='lat' dir='ltr'>et</span> <span class='ocrx_word' id='word_1_71' title='bbox 431 1011 572 1092; x_wconf 87' lang='lat' dir='ltr'>Vesperis</span> <span class='ocrx_word' id='word_1_72' title='bbox 594 1008 719 1071; x_wconf 88' lang='lat' dir='ltr'>cantatis</span> <span class='ocrx_word' id='word_1_73' title='bbox 741 1025 812 1070; x_wconf 91' lang='lat' dir='ltr'>cum</span> <span class='ocrx_word' id='word_1_74' title='bbox 832 1006 999 1068; x_wconf 76' lang='lat' dir='ltr'>assistentia</span> <span class='ocrx_word' id='word_1_75' title='bbox 1020 1005 1168 1087; x_wconf 87' lang='lat' dir='ltr'>Episcopi</span> 
     </span>
     <span class='ocr_line' id='line_1_11' title="bbox 188 1093 1168 1181; baseline -0.007 -18"><span class='ocrx_word' id='word_1_76' title='bbox 188 1102 309 1178; x_wconf 87' lang='lat' dir='ltr'>localis,</span> <span class='ocrx_word' id='word_1_77' title='bbox 325 1105 445 1162; x_wconf 86' lang='lat' dir='ltr'>tenetur</span> <span class='ocrx_word' id='word_1_78' title='bbox 459 1099 624 1181; x_wconf 88' lang='lat' dir='ltr'>Episcopus</span> <span class='ocrx_word' id='word_1_79' title='bbox 637 1097 764 1159; x_wconf 89' lang='lat' dir='ltr'>titularis</span> <span class='ocrx_word' id='word_1_80' title='bbox 785 1093 937 1160; x_wconf 78' lang='lat' dir='ltr'>discedere</span> <span class='ocrx_word' id='word_1_81' title='bbox 950 1097 970 1156; x_wconf 75' lang='lat' dir='ltr'>d</span> <span class='ocrx_word' id='word_1_82' title='bbox 985 1094 1089 1168; x_wconf 85' lang='lat' dir='ltr'>stallo,</span> <span class='ocrx_word' id='word_1_83' title='bbox 1106 1097 1168 1158; x_wconf 76' lang='lat' dir='ltr'>una</span> 
     </span>
     <span class='ocr_line' id='line_1_12' title="bbox 188 1183 1167 1264; baseline -0.008 -10"><span class='ocrx_word' id='word_1_84' title='bbox 188 1209 260 1254; x_wconf 93' lang='lat' dir='ltr'>cum</span> <span class='ocrx_word' id='word_1_85' title='bbox 283 1189 347 1252; x_wconf 85' lang='lat' dir='ltr'>eliis</span> <span class='ocrx_word' id='word_1_86' title='bbox 367 1188 543 1264; x_wconf 75' lang='lat' dir='ltr'>canonicis,</span> <span class='ocrx_word' id='word_1_87' title='bbox 567 1186 605 1249; x_wconf 89' lang='lat' dir='ltr'>ad</span> <span class='ocrx_word' id='word_1_88' title='bbox 625 1185 778 1249; x_wconf 84' lang='lat' dir='ltr'>faciendos</span> <span class='ocrx_word' id='word_1_89' title='bbox 800 1191 961 1248; x_wconf 87' lang='lat' dir='ltr'>consuetos</span> <span class='ocrx_word' id='word_1_90' title='bbox 980 1183 1116 1246; x_wconf 90' lang='lat' dir='ltr'>circulos</span> <span class='ocrx_word' id='word_1_91' title='bbox 1136 1184 1167 1246; x_wconf 93' lang='lat' dir='ltr'>in</span> 
     </span>
     <span class='ocr_line' id='line_1_13' title="bbox 189 1273 1167 1360; baseline -0.006 -16"><span class='ocrx_word' id='word_1_92' title='bbox 189 1279 396 1344; x_wconf 86' lang='lat' dir='ltr'>Caeremcniali</span> <span class='ocrx_word' id='word_1_93' title='bbox 418 1277 624 1360; x_wconf 63' lang='lat' dir='ltr'>praescriptam</span> <span class='ocrx_word' id='word_1_94' title='bbox 649 1279 681 1338; x_wconf 84' lang='lat'>3⁰</span> <span class='ocrx_word' id='word_1_95' title='bbox 703 1273 885 1357; x_wconf 82' lang='lat' dir='ltr'>pontificalia</span> <span class='ocrx_word' id='word_1_96' title='bbox 904 1279 1064 1336; x_wconf 78' lang='lat' dir='ltr'>exercente</span> <span class='ocrx_word' id='word_1_97' title='bbox 1078 1274 1167 1338; x_wconf 86' lang='lat' dir='ltr'>locali</span> 
     </span>
     <span class='ocr_line' id='line_1_14' title="bbox 190 1363 1166 1452; baseline -0.005 -21"><span class='ocrx_word' id='word_1_98' title='bbox 190 1370 338 1452; x_wconf 90' lang='lat' dir='ltr'>Episcopo</span> <span class='ocrx_word' id='word_1_99' title='bbox 362 1385 433 1430; x_wconf 93' lang='lat' dir='ltr'>cum</span> <span class='ocrx_word' id='word_1_100' title='bbox 454 1365 620 1428; x_wconf 72' lang='lat' dir='ltr'>assistentis</span> <span class='ocrx_word' id='word_1_101' title='bbox 642 1363 769 1446; x_wconf 86' lang='lat' dir='ltr'>Capituli</span> <span class='ocrx_word' id='word_1_102' title='bbox 790 1365 822 1426; x_wconf 91' lang='lat' dir='ltr'>in</span> <span class='ocrx_word' id='word_1_103' title='bbox 841 1363 1024 1445; x_wconf 73' lang='lat' dir='ltr'>paramentis</span> <span class='ocrx_word' id='word_1_104' title='bbox 1052 1365 1166 1441; x_wconf 87' lang='lat' dir='ltr'>sacris,</span> 
     </span>
     <span class='ocr_line' id='line_1_15' title="bbox 190 1453 1165 1540; baseline -0.01 -20"><span class='ocrx_word' id='word_1_105' title='bbox 190 1465 287 1540; x_wconf 88' lang='lat' dir='ltr'>potest</span> <span class='ocrx_word' id='word_1_106' title='bbox 300 1457 465 1538; x_wconf 88' lang='lat' dir='ltr'>Episcopus</span> <span class='ocrx_word' id='word_1_107' title='bbox 477 1455 601 1517; x_wconf 86' lang='lat' dir='ltr'>titularis</span> <span class='ocrx_word' id='word_1_108' title='bbox 614 1453 731 1517; x_wconf 84' lang='lat' dir='ltr'>deferre</span> <span class='ocrx_word' id='word_1_109' title='bbox 743 1453 888 1535; x_wconf 82' lang='lat' dir='ltr'>pluviale,</span> <span class='ocrx_word' id='word_1_110' title='bbox 913 1459 1026 1515; x_wconf 91' lang='lat' dir='ltr'>etcum</span> <span class='ocrx_word' id='word_1_111' title='bbox 1042 1453 1165 1535; x_wconf 85' lang='lat' dir='ltr'>pluviali</span> 
     </span>
     <span class='ocr_line' id='line_1_16' title="bbox 191 1541 1167 1624; baseline -0.004 -16"><span class='ocrx_word' id='word_1_112' title='bbox 191 1546 330 1624; x_wconf 88' lang='lat' dir='ltr'>mitram,</span> <span class='ocrx_word' id='word_1_113' title='bbox 355 1543 407 1606; x_wconf 92' lang='lat' dir='ltr'>sed</span> <span class='ocrx_word' id='word_1_114' title='bbox 421 1545 532 1606; x_wconf 90' lang='lat' dir='ltr'>lineam</span> <span class='ocrx_word' id='word_1_115' title='bbox 551 1545 670 1606; x_wconf 82' lang='lat' dir='ltr'>tantum</span> <span class='ocrx_word' id='word_1_116' title='bbox 690 1549 720 1606; x_wconf 90' lang='lat' dir='ltr'>et</span> <span class='ocrx_word' id='word_1_117' title='bbox 737 1542 775 1605; x_wconf 91' lang='lat' dir='ltr'>de</span> <span class='ocrx_word' id='word_1_118' title='bbox 796 1559 946 1604; x_wconf 89' lang='lat' dir='ltr'>consensu</span> <span class='ocrx_word' id='word_1_119' title='bbox 960 1541 1064 1604; x_wconf 89' lang='lat' dir='ltr'>localis</span> <span class='ocrx_word' id='word_1_120' title='bbox 1077 1544 1167 1624; x_wconf 91' lang='lat' dir='ltr'>Epis-</span> 
     </span>
     <span class='ocr_line' id='line_1_17' title="bbox 191 1629 1167 1716; baseline -0.004 -18"><span class='ocrx_word' id='word_1_121' title='bbox 191 1635 270 1716; x_wconf 86' lang='lat' dir='ltr'>copi,</span> <span class='ocrx_word' id='word_1_122' title='bbox 285 1641 315 1696; x_wconf 91' lang='lat' dir='ltr'>et</span> <span class='ocrx_word' id='word_1_123' title='bbox 326 1635 357 1695; x_wconf 91' lang='lat' dir='ltr'>in</span> <span class='ocrx_word' id='word_1_124' title='bbox 372 1633 428 1696; x_wconf 88' lang='lat' dir='ltr'>hoc</span> <span class='ocrx_word' id='word_1_125' title='bbox 437 1653 509 1696; x_wconf 88' lang='lat' dir='ltr'>casu</span> <span class='ocrx_word' id='word_1_126' title='bbox 524 1632 606 1695; x_wconf 86' lang='lat' dir='ltr'>illam</span> <span class='ocrx_word' id='word_1_127' title='bbox 620 1632 739 1694; x_wconf 89' lang='lat' dir='ltr'>sibimet</span> <span class='ocrx_word' id='word_1_128' title='bbox 752 1629 922 1712; x_wconf 85' lang='lat' dir='ltr'>imperitet</span> <span class='ocrx_word' id='word_1_129' title='bbox 936 1633 953 1693; x_wconf 78' lang='lat' dir='ltr'>a</span> <span class='ocrx_word' id='word_1_130' title='bbox 968 1631 1065 1714; x_wconf 89' lang='lat' dir='ltr'>capite</span> <span class='ocrx_word' id='word_1_131' title='bbox 1078 1650 1167 1694; x_wconf 89' lang='lat' dir='ltr'>amo-</span> 
     </span>
     <span class='ocr_line' id='line_1_18' title="bbox 192 1719 1168 1803; baseline 0.003 -21"><span class='ocrx_word' id='word_1_132' title='bbox 192 1730 255 1798; x_wconf 89' lang='lat' dir='ltr'>vet;</span> <span class='ocrx_word' id='word_1_133' title='bbox 271 1727 302 1783; x_wconf 82' lang='grc' dir='ltr'>4ο</span> <span class='ocrx_word' id='word_1_134' title='bbox 318 1742 372 1803; x_wconf 90' lang='lat' dir='ltr'>pro</span> <span class='ocrx_word' id='word_1_135' title='bbox 386 1721 535 1784; x_wconf 79' lang='lat' dir='ltr'>cantandt</span> <span class='ocrx_word' id='word_1_136' title='bbox 549 1724 641 1786; x_wconf 76' lang='lat' dir='ltr'>missa</span> <span class='ocrx_word' id='word_1_137' title='bbox 654 1721 692 1782; x_wconf 91' lang='lat' dir='ltr'>de</span> <span class='ocrx_word' id='word_1_138' title='bbox 709 1727 814 1790; x_wconf 85' lang='lat' dir='ltr'>turno,</span> <span class='ocrx_word' id='word_1_139' title='bbox 835 1719 954 1802; x_wconf 87' lang='lat' dir='ltr'>expedit</span> <span class='ocrx_word' id='word_1_140' title='bbox 976 1727 1009 1782; x_wconf 93' lang='lat' dir='ltr'>ut</span> <span class='ocrx_word' id='word_1_141' title='bbox 1031 1721 1168 1802; x_wconf 80' lang='lat' dir='ltr'>aliquem</span> 
     </span>
     <span class='ocr_line' id='line_1_19' title="bbox 192 1809 1167 1892; baseline 0 -18"><span class='ocrx_word' id='word_1_142' title='bbox 192 1811 342 1874; x_wconf 76' lang='lat' dir='ltr'>ordinarie</span> <span class='ocrx_word' id='word_1_143' title='bbox 364 1809 421 1871; x_wconf 89' lang='lat' dir='ltr'>sibi</span> <span class='ocrx_word' id='word_1_144' title='bbox 444 1811 587 1890; x_wconf 81' lang='lat' dir='ltr'>subroget</span> <span class='ocrx_word' id='word_1_145' title='bbox 608 1811 774 1892; x_wconf 87' lang='lat' dir='ltr'>Episcopus</span> <span class='ocrx_word' id='word_1_146' title='bbox 796 1809 939 1886; x_wconf 87' lang='lat' dir='ltr'>titularis;</span> <span class='ocrx_word' id='word_1_147' title='bbox 967 1810 1033 1871; x_wconf 81' lang='lat' dir='ltr'>sind</span> <span class='ocrx_word' id='word_1_148' title='bbox 1063 1818 1167 1874; x_wconf 89' lang='lat' dir='ltr'>autem</span> 
     </span>
     <span class='ocr_line' id='line_1_20' title="bbox 192 1897 1169 1980; baseline 0.001 -19"><span class='ocrx_word' id='word_1_149' title='bbox 192 1899 312 1961; x_wconf 76' lang='lat' dir='ltr'>licentia</span> <span class='ocrx_word' id='word_1_150' title='bbox 321 1897 459 1980; x_wconf 88' lang='lat' dir='ltr'>Episcopi</span> <span class='ocrx_word' id='word_1_151' title='bbox 476 1898 577 1962; x_wconf 90' lang='lat' dir='ltr'>localis</span> <span class='ocrx_word' id='word_1_152' title='bbox 592 1899 673 1962; x_wconf 87' lang='lat' dir='ltr'>illam</span> <span class='ocrx_word' id='word_1_153' title='bbox 686 1906 808 1961; x_wconf 83' lang='lat' dir='ltr'>cantare</span> <span class='ocrx_word' id='word_1_154' title='bbox 823 1900 928 1980; x_wconf 89' lang='lat' dir='ltr'>nequit</span> <span class='ocrx_word' id='word_1_155' title='bbox 941 1898 1053 1960; x_wconf 89' lang='lat' dir='ltr'>utendo</span> <span class='ocrx_word' id='word_1_156' title='bbox 1067 1899 1169 1962; x_wconf 84' lang='lat' dir='ltr'>faldis-</span> 
     </span>
     <span class='ocr_line' id='line_1_21' title="bbox 193 1986 1165 2070; baseline 0.002 -20"><span class='ocrx_word' id='word_1_157' title='bbox 193 1988 269 2050; x_wconf 86' lang='lat' dir='ltr'>torio</span> <span class='ocrx_word' id='word_1_158' title='bbox 283 1993 313 2050; x_wconf 88' lang='lat' dir='ltr'>et</span> <span class='ocrx_word' id='word_1_159' title='bbox 322 1986 506 2049; x_wconf 88' lang='lat' dir='ltr'>indumentis</span> <span class='ocrx_word' id='word_1_160' title='bbox 519 1988 740 2070; x_wconf 86' lang='lat' dir='ltr'>pontificalibus</span> <span class='ocrx_word' id='word_1_161' title='bbox 751 2007 758 2047; x_wconf 93' lang='lat'>:</span> <span class='ocrx_word' id='word_1_162' title='bbox 771 2005 820 2069; x_wconf 88' lang='lat' dir='ltr'>ap.</span> <span class='ocrx_word' id='word_1_163' title='bbox 832 1989 980 2065; x_wconf 79' lang='lat' dir='ltr'>Ferreus,</span> <span class='ocrx_word' id='word_1_164' title='bbox 997 1987 1051 2062; x_wconf 74' lang='lat' dir='ltr'>ia,</span> <span class='ocrx_word' id='word_1_165' title='bbox 1069 1999 1104 2049; x_wconf 80' lang='lat' dir='ltr'>n⁰</span> <span class='ocrx_word' id='word_1_166' title='bbox 1114 1995 1165 2052; x_wconf 81' lang='grc'>44.</span> 
     </span>
     <span class='ocr_line' id='line_1_22' title="bbox 193 2072 1167 2159; baseline 0.001 -20"><span class='ocrx_word' id='word_1_167' title='bbox 193 2111 232 2123; x_wconf 94' lang='lat'>—-</span> <span class='ocrx_word' id='word_1_168' title='bbox 246 2079 307 2139; x_wconf 88' lang='lat' dir='ltr'>Nec</span> <span class='ocrx_word' id='word_1_169' title='bbox 326 2077 392 2139; x_wconf 78' lang='lat' dir='ltr'>sine</span> <span class='ocrx_word' id='word_1_170' title='bbox 405 2080 545 2158; x_wconf 76' lang='lat' dir='ltr'>expressa</span> <span class='ocrx_word' id='word_1_171' title='bbox 558 2077 677 2140; x_wconf 73' lang='lat' dir='ltr'>licentia</span> <span class='ocrx_word' id='word_1_172' title='bbox 691 2075 839 2139; x_wconf 85' lang='lat' dir='ltr'>Ordinarii</span> <span class='ocrx_word' id='word_1_173' title='bbox 858 2072 956 2158; x_wconf 88' lang='lat' dir='ltr'>potest</span> <span class='ocrx_word' id='word_1_174' title='bbox 968 2075 1029 2138; x_wconf 88' lang='lat' dir='ltr'>ulla</span> <span class='ocrx_word' id='word_1_175' title='bbox 1043 2079 1167 2159; x_wconf 83' lang='lat' dir='ltr'>pontiti·</span> 
     </span>
     <span class='ocr_line' id='line_1_23' title="bbox 193 2163 1166 2249; baseline 0.001 -20"><span class='ocrx_word' id='word_1_176' title='bbox 193 2165 268 2229; x_wconf 85' lang='lat' dir='ltr'>calis</span> <span class='ocrx_word' id='word_1_177' title='bbox 281 2183 431 2228; x_wconf 85' lang='lat' dir='ltr'>excrcere.</span> <span class='ocrx_word' id='word_1_178' title='bbox 454 2165 601 2239; x_wconf 86' lang='lat' dir='ltr'>Ferraris,</span> <span class='ocrx_word' id='word_1_179' title='bbox 624 2166 678 2240; x_wconf 76' lang='lat' dir='ltr'>ib,</span> <span class='ocrx_word' id='word_1_180' title='bbox 702 2163 743 2227; x_wconf 72' lang='lat' dir='ltr'>„a</span> <span class='ocrx_word' id='word_1_181' title='bbox 763 2169 801 2227; x_wconf 74' lang='grc'>87</span> <span class='ocrx_word' id='word_1_182' title='bbox 820 2171 851 2227; x_wconf 87' lang='lat' dir='ltr'>et</span> <span class='ocrx_word' id='word_1_183' title='bbox 869 2169 919 2227; x_wconf 88' lang='grc'>44.</span> <span class='ocrx_word' id='word_1_184' title='bbox 935 2168 1066 2229; x_wconf 89' lang='lat' dir='ltr'>-Nota</span> <span class='ocrx_word' id='word_1_185' title='bbox 1083 2169 1166 2249; x_wconf 80' lang='lat' dir='ltr'>quod</span> 
     </span>
     <span class='ocr_line' id='line_1_24' title="bbox 193 2253 1166 2337; baseline 0.005 -20"><span class='ocrx_word' id='word_1_186' title='bbox 193 2255 358 2337; x_wconf 91' lang='lat' dir='ltr'>Episcopus</span> <span class='ocrx_word' id='word_1_187' title='bbox 381 2255 549 2318; x_wconf 87' lang='lat' dir='ltr'>Canonicus</span> <span class='ocrx_word' id='word_1_188' title='bbox 573 2273 634 2316; x_wconf 89' lang='lat' dir='ltr'>non</span> <span class='ocrx_word' id='word_1_189' title='bbox 655 2255 769 2316; x_wconf 89' lang='lat' dir='ltr'>amittat</span> <span class='ocrx_word' id='word_1_190' title='bbox 788 2253 1030 2328; x_wconf 86' lang='lat' dir='ltr'>distributiones,</span> <span class='ocrx_word' id='word_1_191' title='bbox 1055 2259 1113 2320; x_wconf 86' lang='lat' dir='ltr'>etsi</span> <span class='ocrx_word' id='word_1_192' title='bbox 1135 2277 1166 2322; x_wconf 78' lang='lat' dir='ltr'>se</span> 
     </span>
     <span class='ocr_line' id='line_1_25' title="bbox 194 2342 1165 2412; baseline 0.005 -8"><span class='ocrx_word' id='word_1_193' title='bbox 194 2343 340 2405; x_wconf 86' lang='lat' dir='ltr'>abstineat</span> <span class='ocrx_word' id='word_1_194' title='bbox 353 2343 390 2404; x_wconf 90' lang='lat' dir='ltr'>ab</span> <span class='ocrx_word' id='word_1_195' title='bbox 401 2342 625 2406; x_wconf 86' lang='lat' dir='ltr'>hebdomadarii</span> <span class='ocrx_word' id='word_1_196' title='bbox 640 2342 761 2412; x_wconf 83' lang='lat' dir='ltr'>officiis,</span> <span class='ocrx_word' id='word_1_197' title='bbox 778 2343 869 2406; x_wconf 78' lang='lat' dir='ltr'>modo</span> <span class='ocrx_word' id='word_1_198' title='bbox 883 2344 975 2406; x_wconf 90' lang='lat' dir='ltr'>choro</span> <span class='ocrx_word' id='word_1_199' title='bbox 985 2344 1165 2409; x_wconf 78' lang='lat' dir='ltr'>interfuerit·</span> 
     </span>
     <span class='ocr_line' id='line_1_26' title="bbox 193 2431 1165 2510; baseline 0.004 -16"><span class='ocrx_word' id='word_1_200' title='bbox 193 2435 237 2494; x_wconf 85' lang='lat' dir='ltr'>lta</span> <span class='ocrx_word' id='word_1_201' title='bbox 248 2434 278 2495; x_wconf 90' lang='lat' dir='ltr'>S.</span> <span class='ocrx_word' id='word_1_202' title='bbox 294 2434 327 2495; x_wconf 86' lang='lat' dir='ltr'>G.</span> <span class='ocrx_word' id='word_1_203' title='bbox 342 2433 414 2503; x_wconf 87' lang='lat' dir='ltr'>ltit.‚</span> <span class='ocrx_word' id='word_1_204' title='bbox 432 2436 470 2494; x_wconf 83' lang='lat' dir='ltr'>ro</span> <span class='ocrx_word' id='word_1_205' title='bbox 484 2439 572 2494; x_wconf 88' lang='lat' dir='ltr'>mart.</span> <span class='ocrx_word' id='word_1_206' title='bbox 593 2435 691 2510; x_wconf 80' lang='grc'><strong>4833,</strong></span> <span class='ocrx_word' id='word_1_207' title='bbox 710 2432 748 2494; x_wconf 86' lang='lat' dir='ltr'>ad</span> <span class='ocrx_word' id='word_1_208' title='bbox 763 2436 815 2495; x_wconf 69' lang='lat'>5¹².</span> <span class='ocrx_word' id='word_1_209' title='bbox 831 2431 906 2495; x_wconf 83' lang='lat' dir='ltr'>Vide</span> <span class='ocrx_word' id='word_1_210' title='bbox 921 2433 1033 2510; x_wconf 82' lang='lat' dir='ltr'>Bouix,</span> <span class='ocrx_word' id='word_1_211' title='bbox 1052 2435 1096 2497; x_wconf 80' lang='lat' dir='ltr'>Dr</span> <span class='ocrx_word' id='word_1_212' title='bbox 1111 2437 1165 2502; x_wconf 84' lang='lat' dir='ltr'>Co-</span> 
     </span>
     <span class='ocr_line' id='line_1_27' title="bbox 195 2521 558 2602; baseline 0.003 -22"><span class='ocrx_word' id='word_1_213' title='bbox 195 2521 314 2601; x_wconf 82' lang='lat' dir='ltr'>pitulr&#39;s,</span> <span class='ocrx_word' id='word_1_214' title='bbox 328 2541 360 2602; x_wconf 92' lang='lat' dir='ltr'>p.</span> <span class='ocrx_word' id='word_1_215' title='bbox 376 2525 434 2583; x_wconf 79' lang='lat'>517</span> <span class='ocrx_word' id='word_1_216' title='bbox 446 2525 476 2582; x_wconf 89' lang='lat' dir='ltr'>et</span> <span class='ocrx_word' id='word_1_217' title='bbox 488 2524 558 2584; x_wconf 81' lang='grc'><strong>548.</strong></span> 
     </span>
    </p>

    <p class='ocr_par' dir='ltr' id='par_1_4' title="bbox 195 2609 1163 3130">
     <span class='ocr_line' id='line_1_28' title="bbox 236 2609 1154 2694; baseline 0.008 -23"><span class='ocrx_word' id='word_1_218' title='bbox 236 2613 324 2671; x_wconf 70' lang='grc'><strong>4084.</strong></span> <span class='ocrx_word' id='word_1_219' title='bbox 346 2613 379 2670; x_wconf 73' lang='grc' dir='ltr'>Ἰο</span> <span class='ocrx_word' id='word_1_220' title='bbox 403 2609 557 2691; x_wconf 86' lang='lat' dir='ltr'>Episcopis</span> <span class='ocrx_word' id='word_1_221' title='bbox 566 2609 733 2674; x_wconf 88' lang='lat' dir='ltr'>titularibus</span> <span class='ocrx_word' id='word_1_222' title='bbox 747 2611 921 2692; x_wconf 85' lang='lat' dir='ltr'>praecedunt</span> <span class='ocrx_word' id='word_1_223' title='bbox 934 2613 1074 2694; x_wconf 87' lang='lat' dir='ltr'>Episcopi</span> <span class='ocrx_word' id='word_1_224' title='bbox 1089 2615 1154 2678; x_wconf 86' lang='lat' dir='ltr'>lora</span> 
     </span>
     <span class='ocr_line' id='line_1_29' title="bbox 195 2697 1163 2784; baseline 0.01 -26"><span class='ocrx_word' id='word_1_225' title='bbox 195 2700 255 2772; x_wconf 83' lang='lat' dir='ltr'>les,</span> <span class='ocrx_word' id='word_1_226' title='bbox 281 2697 335 2760; x_wconf 89' lang='lat' dir='ltr'>etsi</span> <span class='ocrx_word' id='word_1_227' title='bbox 359 2699 538 2778; x_wconf 85' lang='lat' dir='ltr'>posteriores</span> <span class='ocrx_word' id='word_1_228' title='bbox 562 2698 622 2759; x_wconf 89' lang='lat' dir='ltr'>sint</span> <span class='ocrx_word' id='word_1_229' title='bbox 643 2700 886 2777; x_wconf 86' lang='lat' dir='ltr'>consecratione,</span> <span class='ocrx_word' id='word_1_230' title='bbox 910 2708 940 2762; x_wconf 89' lang='lat' dir='ltr'>et</span> <span class='ocrx_word' id='word_1_231' title='bbox 962 2701 1019 2764; x_wconf 90' lang='lat' dir='ltr'>hoc</span> <span class='ocrx_word' id='word_1_232' title='bbox 1041 2703 1163 2784; x_wconf 89' lang='lat' dir='ltr'>quidem</span> 
     </span>
     <span class='ocr_line' id='line_1_30' title="bbox 196 2785 1162 2866; baseline 0.008 -18"><span class='ocrx_word' id='word_1_233' title='bbox 196 2786 285 2848; x_wconf 89' lang='lat' dir='ltr'>etiam</span> <span class='ocrx_word' id='word_1_234' title='bbox 296 2785 326 2846; x_wconf 91' lang='lat' dir='ltr'>in</span> <span class='ocrx_word' id='word_1_235' title='bbox 341 2787 490 2848; x_wconf 83' lang='lat' dir='ltr'>Consiliis.</span> <span class='ocrx_word' id='word_1_236' title='bbox 504 2785 577 2848; x_wconf 88' lang='lat' dir='ltr'>Vide</span> <span class='ocrx_word' id='word_1_237' title='bbox 584 2789 728 2864; x_wconf 85' lang='lat' dir='ltr'>Ferraris,</span> <span class='ocrx_word' id='word_1_238' title='bbox 739 2789 794 2866; x_wconf 78' lang='lat' dir='ltr'>tt,</span> <span class='ocrx_word' id='word_1_239' title='bbox 804 2792 855 2851; x_wconf 87' lang='grc'>43.</span> <span class='ocrx_word' id='word_1_240' title='bbox 872 2789 1051 2853; x_wconf 82' lang='lat' dir='ltr'>Contradicit</span> <span class='ocrx_word' id='word_1_241' title='bbox 1062 2799 1162 2856; x_wconf 89' lang='lat' dir='ltr'>tamen</span> 
     </span>
     <span class='ocr_line' id='line_1_31' title="bbox 195 2874 1163 2962; baseline 0.009 -26"><span class='ocrx_word' id='word_1_242' title='bbox 195 2880 300 2936; x_wconf 90' lang='lat' dir='ltr'>auctor</span> <span class='ocrx_word' id='word_1_243' title='bbox 313 2874 452 2940; x_wconf 81' lang='lat' dir='ltr'>Proelect.</span> <span class='ocrx_word' id='word_1_244' title='bbox 468 2875 654 2957; x_wconf 82' lang='lat' dir='ltr'>S.Sulpitr‘r&#39;,</span> <span class='ocrx_word' id='word_1_245' title='bbox 666 2888 699 2938; x_wconf 73' lang='grc' dir='ltr'>ηο</span> <span class='ocrx_word' id='word_1_246' title='bbox 714 2881 782 2955; x_wconf 83' lang='grc'><strong>488,</strong></span> <span class='ocrx_word' id='word_1_247' title='bbox 793 2879 842 2955; x_wconf 88' lang='grc' dir='ltr'>ΙΙΙ,</span> <span class='ocrx_word' id='word_1_248' title='bbox 857 2879 910 2960; x_wconf 91' lang='lat' dir='ltr'>qui</span> <span class='ocrx_word' id='word_1_249' title='bbox 925 2879 1048 2962; x_wconf 90' lang='lat' dir='ltr'>insuper</span> <span class='ocrx_word' id='word_1_250' title='bbox 1061 2885 1163 2945; x_wconf 85' lang='lat' dir='ltr'>asserit</span> 
     </span>
     <span class='ocr_line' id='line_1_32' title="bbox 196 2961 1162 3052; baseline 0.014 -30"><span class='ocrx_word' id='word_1_251' title='bbox 196 2963 361 3043; x_wconf 91' lang='lat' dir='ltr'>Episcopos</span> <span class='ocrx_word' id='word_1_252' title='bbox 373 2961 506 3024; x_wconf 88' lang='lat' dir='ltr'>titulares</span> <span class='ocrx_word' id='word_1_253' title='bbox 519 2963 649 3044; x_wconf 78' lang='lat' dir='ltr'>gaudere</span> <span class='ocrx_word' id='word_1_254' title='bbox 658 2966 748 3028; x_wconf 89' lang='lat' dir='ltr'>etiam</span> <span class='ocrx_word' id='word_1_255' title='bbox 758 2965 913 3050; x_wconf 79' lang='lat' dir='ltr'>privilegio</span> <span class='ocrx_word' id='word_1_256' title='bbox 925 2971 1045 3032; x_wconf 89' lang='lat' dir='ltr'>oratorii</span> <span class='ocrx_word' id='word_1_257' title='bbox 1059 2972 1162 3052; x_wconf 81' lang='lat' dir='ltr'>privati</span> 
     </span>
     <span class='ocr_line' id='line_1_33' title="bbox 195 3048 517 3130; baseline -0.003 -18"><span class='ocrx_word' id='word_1_258' title='bbox 195 3055 226 3112; x_wconf 85' lang='lat' dir='ltr'>et</span> <span class='ocrx_word' id='word_1_259' title='bbox 237 3048 344 3110; x_wconf 84' lang='lat' dir='ltr'>altoris</span> <span class='ocrx_word' id='word_1_260' title='bbox 353 3051 517 3130; x_wconf 70' lang='lat' dir='ltr'>portatilis.</span> 
     </span>
    </p>

    <p class='ocr_par' dir='ltr' id='par_1_5' title="bbox 237 3139 1164 3225">
     <span class='ocr_line' id='line_1_34' title="bbox 237 3139 1164 3225; baseline 0.017 -27"><span class='ocrx_word' id='word_1_261' title='bbox 237 3141 325 3200; x_wconf 82' lang='grc'><strong>4088.</strong></span> <span class='ocrx_word' id='word_1_262' title='bbox 348 3141 380 3200; x_wconf 76' lang='grc' dir='ltr'>8ο</span> <span class='ocrx_word' id='word_1_263' title='bbox 392 3139 423 3200; x_wconf 91' lang='lat' dir='ltr'>S.</span> <span class='ocrx_word' id='word_1_264' title='bbox 438 3140 574 3204; x_wconf 79' lang='lat' dir='ltr'>Pontifex</span> <span class='ocrx_word' id='word_1_265' title='bbox 584 3143 723 3225; x_wconf 77' lang='lat' dir='ltr'>privative</span> <span class='ocrx_word' id='word_1_266' title='bbox 737 3143 793 3207; x_wconf 89' lang='lat' dir='ltr'>sibi</span> <span class='ocrx_word' id='word_1_267' title='bbox 807 3153 937 3209; x_wconf 87' lang='lat' dir='ltr'>reservat</span> <span class='ocrx_word' id='word_1_268' title='bbox 949 3165 1053 3211; x_wconf 83' lang='lat' dir='ltr'>curam</span> <span class='ocrx_word' id='word_1_269' title='bbox 1067 3157 1164 3215; x_wconf 87' lang='lat' dir='ltr'>actur-</span> 
     </span>
    </p>
   </div>
   <div class='ocr_carea' id='block_1_3' title="bbox 195 3225 1245 3676">
    <p class='ocr_par' dir='ltr' id='par_1_6' title="bbox 195 3225 1245 3676">
     <span class='ocr_line' id='line_1_35' title="bbox 196 3225 1163 3317; baseline 0.017 -29"><span class='ocrx_word' id='word_1_270' title='bbox 196 3225 256 3290; x_wconf 86' lang='lat' dir='ltr'>lem</span> <span class='ocrx_word' id='word_1_271' title='bbox 270 3227 410 3289; x_wconf 85' lang='lat' dir='ltr'>Ecclesiae</span> <span class='ocrx_word' id='word_1_272' title='bbox 420 3226 450 3288; x_wconf 92' lang='lat' dir='ltr'>in</span> <span class='ocrx_word' id='word_1_273' title='bbox 457 3227 577 3292; x_wconf 88' lang='lat' dir='ltr'>titulum</span> <span class='ocrx_word' id='word_1_274' title='bbox 590 3232 719 3310; x_wconf 61' lang='lat' dir='ltr'>collatam</span> <span class='ocrx_word' id='word_1_275' title='bbox 731 3233 873 3317; x_wconf 86' lang='lat' dir='ltr'>illamque</span> <span class='ocrx_word' id='word_1_276' title='bbox 882 3237 1040 3299; x_wconf 84' lang='lat' dir='ltr'>committit</span> <span class='ocrx_word' id='word_1_277' title='bbox 1049 3239 1163 3305; x_wconf 87' lang='lat' dir='ltr'>Vicario</span> 
     </span>
     <span class='ocr_line' id='line_1_36' title="bbox 200 3315 1162 3407; baseline 0.015 -29"><span class='ocrx_word' id='word_1_278' title='bbox 200 3315 394 3399; x_wconf 78' lang='lat' dir='ltr'>Apostolicor</span> <span class='ocrx_word' id='word_1_279' title='bbox 416 3317 499 3380; x_wconf 82' lang='lat' dir='ltr'>undd</span> <span class='ocrx_word' id='word_1_280' title='bbox 520 3319 687 3403; x_wconf 90' lang='lat' dir='ltr'>Episcopus</span> <span class='ocrx_word' id='word_1_281' title='bbox 706 3323 832 3386; x_wconf 89' lang='lat' dir='ltr'>titularis</span> <span class='ocrx_word' id='word_1_282' title='bbox 862 3343 925 3388; x_wconf 89' lang='lat' dir='ltr'>non</span> <span class='ocrx_word' id='word_1_283' title='bbox 945 3334 1042 3407; x_wconf 91' lang='lat' dir='ltr'>potest</span> <span class='ocrx_word' id='word_1_284' title='bbox 1061 3329 1162 3394; x_wconf 89' lang='lat' dir='ltr'>audire</span> 
     </span>
     <span class='ocr_line' id='line_1_37' title="bbox 197 3404 1162 3498; baseline 0.021 -33"><span class='ocrx_word' id='word_1_285' title='bbox 197 3405 229 3466; x_wconf 92' lang='lat' dir='ltr'>in</span> <span class='ocrx_word' id='word_1_286' title='bbox 250 3404 437 3467; x_wconf 80' lang='lat' dir='ltr'>consessione</span> <span class='ocrx_word' id='word_1_287' title='bbox 457 3405 560 3467; x_wconf 86' lang='lat' dir='ltr'>fideles</span> <span class='ocrx_word' id='word_1_288' title='bbox 580 3409 611 3468; x_wconf 89' lang='lat' dir='ltr'>in</span> <span class='ocrx_word' id='word_1_289' title='bbox 634 3411 688 3471; x_wconf 81' lang='lat' dir='ltr'>sut</span> <span class='ocrx_word' id='word_1_290' title='bbox 706 3412 839 3476; x_wconf 83' lang='lat' dir='ltr'>Ecclesit</span> <span class='ocrx_word' id='word_1_291' title='bbox 851 3425 1084 3498; x_wconf 84' lang='lat' dir='ltr'>commorantes,</span> <span class='ocrx_word' id='word_1_292' title='bbox 1107 3439 1162 3486; x_wconf 85' lang='lat' dir='ltr'>nco</span> 
     </span>
     <span class='ocr_line' id='line_1_38' title="bbox 195 3491 1160 3590; baseline 0.018 -36"><span class='ocrx_word' id='word_1_293' title='bbox 195 3493 381 3554; x_wconf 86' lang='lat' dir='ltr'>sacerdotem</span> <span class='ocrx_word' id='word_1_294' title='bbox 395 3491 504 3555; x_wconf 88' lang='lat' dir='ltr'>adhoc</span> <span class='ocrx_word' id='word_1_295' title='bbox 525 3491 686 3574; x_wconf 87' lang='lat' dir='ltr'>deputare,</span> <span class='ocrx_word' id='word_1_296' title='bbox 702 3515 759 3560; x_wconf 90' lang='lat' dir='ltr'>nec</span> <span class='ocrx_word' id='word_1_297' title='bbox 777 3501 867 3563; x_wconf 86' lang='lat' dir='ltr'>etiem</span> <span class='ocrx_word' id='word_1_298' title='bbox 880 3503 1023 3584; x_wconf 88' lang='lat' dir='ltr'>deputare</span> <span class='ocrx_word' id='word_1_299' title='bbox 1036 3508 1074 3568; x_wconf 86' lang='lat' dir='ltr'>ad</span> <span class='ocrx_word' id='word_1_300' title='bbox 1085 3527 1160 3590; x_wconf 77' lang='lat' dir='ltr'>pra·</span> 
     </span>
     <span class='ocr_line' id='line_1_39' title="bbox 196 3577 1245 3676; baseline 0.024 -39"><span class='ocrx_word' id='word_1_301' title='bbox 196 3577 357 3644; x_wconf 85' lang='lat' dir='ltr'>dicandum</span> <span class='ocrx_word' id='word_1_302' title='bbox 375 3587 427 3642; x_wconf 84' lang='lat' dir='ltr'>ant</span> <span class='ocrx_word' id='word_1_303' title='bbox 440 3580 497 3644; x_wconf 84' lang='lat' dir='ltr'>alia</span> <span class='ocrx_word' id='word_1_304' title='bbox 510 3581 675 3644; x_wconf 87' lang='lat' dir='ltr'>ministeria</span> <span class='ocrx_word' id='word_1_305' title='bbox 694 3589 895 3652; x_wconf 78' lang='lat' dir='ltr'>exercendum</span> <span class='ocrx_word' id='word_1_306' title='bbox 908 3616 916 3667; x_wconf 75' lang='grc' dir='ltr'>ς</span> <span class='ocrx_word' id='word_1_307' title='bbox 931 3602 1031 3674; x_wconf 90' lang='lat' dir='ltr'>posset</span> <span class='ocrx_word' id='word_1_308' title='bbox 1043 3602 1155 3676; x_wconf 68' lang='lat' dir='ltr'>umen,</span> <span class='ocrx_word' id='word_1_309' title='bbox 1244 3609 1245 3626; x_wconf 66' lang='lat'>¹</span> 
     </span>
    </p>
   </div>
   <div class='ocr_carea' id='block_1_4' title="bbox 0 0 1266 3984">
    <p class='ocr_par' dir='ltr' id='par_1_7' title="bbox 0 0 1266 3984">
     <span class='ocr_line' id='line_1_40' title="bbox 0 0 1266 3984; baseline 0 0"><span class='ocrx_word' id='word_1_310' title='bbox 0 0 1266 3984; x_wconf 95' lang='lat' dir='ltr'> </span> 
     </span>
    </p>
   </div>
  </div>
 </body>
</html>
