2578 4008
189 213 247 277 199
408 229 545 276 urruns
565 229 666 275 ronias
686 229 768 274 sunm
789 227 942 282 canonici.

188 320 356 387 decumeme
368 324 471 408 quibus
484 325 596 386 obtenti
608 322 722 386 ordinis
737 321 975 384 testimonianze!
989 319 1113 384 libertos
1129 320 1168 383 ab

189 413 269 474 omni
282 414 485 496 impedimento
498 411 739 495 irregularitatis
752 411 800 474 vel
809 409 1002 493 suspensionis
1013 419 1168 494 perspecte

189 502 304 583 suerint
323 503 448 582 (bened.
460 505 537 580 xlv,
554 503 656 565 Consi.
679 500 899 584 Apostolieum,
915 503 954 563 30
968 501 1038 562 maii
1061 501 1166 582 1753).

230 596 298 656 588.
322 594 371 656 Sic
384 597 435 656 10ο
447 593 600 672 regulares
615 609 676 653 nen
688 599 812 672 pessum
824 590 937 672 absque
951 589 1169 671 approbatione

190 681 337 744 Ordinarii
357 681 563 744 consessiones
583 679 762 742 monialium
780 678 885 741 audire
906 678 996 740 etiam
1018 678 1074 740 sibi
1094 679 1169 742 sub-

189 769 334 850 jeclarum
360 772 459 851 (Greg.
480 771 545 844 XV,
568 769 654 832 Bulla
677 767 873 831 Inserutebrli
883 767 925 848 ,5
944 769 986 846 5).
1010 766 1170 830 Dubitalur

190 865 292 921 ulrum
305 857 571 938 idinlelligendum
581 857 619 919 sil
629 857 667 920 de
678 855 1167 919 00001000000181001001011000.

191 948 228 1008 V.
247 947 352 1016 Beuix.
362 947 503 1028 1101100,
514 952 536 1008 t.
552 950 583 1022 2,
599 943 1170 1028 ρ.956,-0110100010000011589).

231 1035 437 1099 confessarius
450 1041 553 1098 lamen
568 1034 748 1098 monialium
762 1033 952 1114 regularibus
966 1032 1170 1112 subieelarum

125 1153 130 1162 ·
192 1123 261 1205 eligi
282 1123 413 1186 debel'b
436 1125 563 1188 Praelalo
578 1123 730 1206 regulari,
750 1137 816 1186 non
835 1129 938 1186 eutem
958 1123 997 1185 ab
1019 1123 1171 1206 Episcopo

193 1213 289 1290 (bulla
304 1213 508 1286 Inscrutebili,
526 1211 618 1276 modb
632 1211 743 1288 citata).
754 1211 784 1276 si
799 1209 870 1274 iere
880 1211 1058 1294 Episcopus,
1073 1231 1111 1274 ex
1120 1231 1171 1276 ra·

192 1302 325 1364 tionabili
341 1308 431 1366 causo
442 1321 535 1386 quem
550 1321 611 1364 nen
626 1308 746 1364 tenetur
760 1301 970 1378 manifestare,
986 1301 1170 1366 existimarer
1280 1305 1281 1314 ’

192 1389 275 1456 hune
288 1392 505 1456 confessarium
519 1411 585 1455 esse
599 1390 817 1465 amovendum,
837 1409 963 1454 monere
978 1390 1101 1453 deberet
1115 1393 1171 1456 Su·

77 1481 79 1486 '
192 1478 343 1562 perierem
364 1483 554 1564 regularem,
578 1487 610 1544 el
627 1487 702 1543 lunc
724 1479 945 1556 confessarius,
968 1481 995 1544 si
1012 1481 1172 1546 lPraelate

193 1589 255 1632 nen
269 1578 467 1646 revocaretur,
478 1577 577 1652 pessel
594 1569 633 1632 ab
647 1570 796 1652 Episcopo
810 1569 968 1632 removeri.

232 1661 308 1722 Item
329 1661 496 1741 Episcopus
518 1663 616 1740 polest
637 1659 819 1740 compellere
842 1659 1034 1741 Superiorem
1050 1660 1170 1742 regula·

194 1765 261 1810 rem
274 1753 309 1810 ul
323 1748 430 1810 sallem
444 1747 537 1810 semel
554 1749 585 1810 in
599 1765 680 1810 anne
698 1745 805 1810 elieral
821 1749 1004 1812 monialibus
1019 1749 1075 1811 sibi
1097 1749 1169 1812 sub-

191 1836 278 1915 jectis
290 1835 507 1906 confessarium
525 1835 796 1906 extraordinarium
810 1837 863 1920 qui
878 1837 916 1900 sii
930 1837 1103 1915 saecularis,
1123 1839 1171 1903 vel

194 1944 230 1987 ex
251 1925 440 2007 regularibus
461 1925 584 1990 alterius
605 1925 721 1989 ordinis
742 1923 869 2006 (Bouix,
892 1925 938 1990 Ile
957 1926 1075 2009 Requi,
1090 1933 1113 1991 t.
1128 1933 1170 2008 2,

172 2141 175 2147 ·
234 2103 564 2178 QuoadCeniessarium
573 2104 1171 2188 virerumregulariumautsaecularium,

193 2193 260 2256 vide
273 2193 349 2256 inlra
363 2193 491 2256 dicende
512 2197 715 2273 (15501587).

232 2288 302 2348 589.
326 2283 376 2347 Sic
391 2287 441 2345 11ο
460 2283 599 2365 Episcopi
619 2301 783 2366 procurare
796 2283 910 2346 debent
931 2284 1171 2350 observationem

192 2373 338 2436 elauserae
352 2371 531 2435 monialium
551 2373 643 2434 eliam
657 2381 886 2454 exemplorum3
907 2373 960 2435 sed
979 2373 1009 2435 in
1026 2373 1083 2436 bec
1097 2394 1170 2439 casu

192 2465 368 2525 securitate
382 2461 466 2524 Sedis
482 2461 660 2542 Apeslelicae
674 2461 837 2544 precedere
851 2461 982 2525 debent:
999 2463 1061 2526 ime
1081 2461 1138 2528 hoe
1152 2468 1170 2528 a

192 2551 374 2632 quibusdam
390 2557 517 2632 negatur
541 2550 622 2632 apud
643 2552 675 2614 S.
701 2551 788 2634 Lig.,
812 2551 857 2615 De
880 2551 1029 2635 Prieileg.
1043 2599 1052 2631 ,
1068 2562 1102 2615 n⁰
1115 2557 1169 2618 80.

192 2641 267 2702 Vide
281 2639 394 2703 Concil.
410 2637 507 2715 Trid,
521 2657 595 2702 sess.
611 2643 668 2712 25,
683 2659 751 2723 cap.
768 2643 804 2719 3,
820 2641 865 2704 De
879 2641 988 2723 Ilepul.

232 2733 300 2792 590.
324 2730 374 2792 910
409 2731 458 2792 18·
491 2727 606 2810 absque
628 2729 751 2792 obtenta
774 2731 914 2812 Episcopi
942 2737 972 2794 el
999 2731 1171 2814 Superioris

193 2817 322 2894 licentii,
338 2817 536 2899 prohibentur
551 2818 706 2900 regulares
722 2817 853 2901 colloqui
870 2837 924 2901 per
937 2819 1090 2902 quodlibet
1102 2841 1170 2886 mo-

191 2905 294 2970 dicum
323 2908 468 2987 temperis
497 2909 627 2989 spatium
658 2925 730 2971 cum
750 2907 958 2985 monialibus,
987 2909 1079 2972 eliam
1110 2911 1169 2976 sibi
1278 2969 1279 3006 ,

192 2995 333 3074 subjeclis
346 2993 469 3074 (Bened.
486 2999 572 3074 XIV,
588 2997 633 3060 De
646 2997 737 3080 Sym,
752 2996 804 3058 lib.
821 3001 854 3068 9,
871 3015 900 3061 0.
918 3001 966 3072 15,
982 3009 1017 3060 n⁰
1030 3003 1071 3078 7).

231 3085 281 3148 Sic
309 3089 358 3148 19·
387 3085 541 3167 regulares
560 3085 652 3149 eliam
675 3086 806 3168 exempli
828 3087 1066 3169 sideliuquerenl
1088 3087 1169 3154 circa

191 3193 334 3258 personas
349 3175 424 3236 inira
440 3182 523 3256 sepia
536 3173 701 3257 degenies,
728 3184 779 3238 aut
801 3175 881 3239 eirca
901 3179 1093 3254 clausuram,
1120 3179 1167 3242 rel

190 3264 269 3326 circa
294 3263 443 3325 bonerum
466 3263 756 3328 administralionem
787 3266 1038 3328 meuasleriemm
1062 3285 1166 3329 mona·
1278 3333 1279 3352 ¹

189 3353 264 3416 lium
287 3353 376 3414 eliam
398 3351 452 3414 sibi
477 3352 680 3430 subjectarum
699 3355 799 3436 puniri
815 3363 938 3436 possem
959 3355 998 3417 ab
1016 3356 1168 3438 Episcopo

189 3450 335 3524 tanquam
356 3440 441 3504 Sedis
463 3442 640 3522 spostolicae
662 3443 700 3505 ad
721 3444 779 3507 hee
807 3443 945 3524 delegate
968 3445 1068 3524 (Greg.
1087 3447 1165 3526 XV,

57 3611 61 3613 -
191 3533 276 3595 Bulla
289 3529 542 3609 inscrutabilib-
552 3530 617 3592 l'id.
632 3533 663 3595 S.
684 3532 819 3614 liguen,
833 3532 874 3596 De
890 3531 1046 3614 l’rioilep.,
1063 3537 1098 3594 nl
1110 3537 1163 3598 83.

229 3626 298 3684 591.
321 3619 371 3682 810
397 3621 448 3681 20⁰
468 3617 621 3698 regulares
638 3621 811 3684 subduntur
833 3621 990 3706 Episcopls
1011 3625 1166 3705 quantiam
