2496 3992
169 181 229 240 uto
389 193 531 240 ursulus
552 195 655 242 sorios
675 193 756 240 ron1s
775 189 924 240 erronum.

170 325 231 377 grex
247 307 293 360 sub
306 322 355 358 nno
367 321 465 357 summo
480 314 585 370 pastore.
598 310 655 361 lieo
667 314 704 361 est
720 306 849 360 catholieo
859 304 972 359 veritatis
992 305 1143 370 tremus·

170 397 217 449 qun
232 379 330 431 deviare
340 377 407 429 solra
421 375 470 428 lide
482 385 555 446 atque
567 383 649 433 salute
661 395 735 432 nemo
750 385 841 445 potest.

201 461 306 511 tuntum
329 463 410 509 sutem
433 458 511 520 abest,
532 466 559 510 nt
580 461 633 512 ltee
656 457 752 512 Summi
771 455 898 508 Pontificio
920 460 1033 522 potestne
1056 457 1146 510 ofloist

171 528 300 583 ordinarie
313 543 341 580 ao
361 527 509 580 immedietas
524 529 560 582 illi
582 529 730 595 episcopalis
747 526 927 595 jurisdictionis
951 528 1079 593 potestati,
1100 537 1146 594 qna

171 602 293 668 Episcopi,
306 599 348 668 qui
365 599 436 664 positi
449 615 462 650 a
476 599 568 664 Spiritu
582 602 672 654 Sancto
684 602 709 652 io
731 599 906 664 Apostolorum
918 599 1003 650 lorum
1016 615 1145 652 suosme-

171 677 258 734 runtt,
272 679 389 738 torquem
402 671 451 722 reri
465 671 578 725 Postores
593 673 732 740 assignatos
745 671 792 722 sibi
804 687 902 737 greges,
915 669 1009 736 singuli
1022 669 1146 737 singulos,

172 751 275 812 pessunt
286 751 309 795 et
329 747 426 808 regunt,
449 749 477 793 ut
492 743 606 796 eudorus
627 759 743 809 supremo
755 749 781 795 et
800 741 936 793 universali
959 743 1064 794 Pastore
1079 757 1147 793 asse·

171 825 247 876 retur,
264 815 395 865 roboretur
407 829 436 864 oe
448 814 594 878 vindicetur,
607 815 704 868 dieente
720 823 806 866 ssoeto
820 813 939 878 Gregorio
955 814 1047 880 blegne
1060 831 1068 865 s
1082 813 1148 865 fletur

172 888 251 938 bonor
264 896 300 937 est
311 886 390 936 bonor
401 885 546 938 universalis
560 887 684 939 Euolesie.
694 886 763 938 ldeus
777 885 907 938 bonusest
920 885 1023 936 lrstrnsn
1036 900 1148 936 uteorum

172 957 267 1009 solidus
283 957 361 1021 viper.
376 957 439 1008 Tum
453 973 500 1021 ego
515 973 570 1010 rore
584 957 721 1012 honoratur
733 971 798 1019 sum,
816 971 873 1007 uuus
885 955 990 1023 singulis
1004 955 1149 1022 quibusque

172 1029 253 1080 bonor
264 1027 361 1080 debitus
374 1042 424 1082 non
436 1034 543 1095 negatur
556 1031 575 1081 ¹.

205 1118 281 1169 Porro
295 1131 324 1166 ex
336 1131 450 1178 supreme
463 1117 504 1168 ills
523 1117 629 1171 Romani
642 1117 768 1172 Pontiliois
780 1123 904 1178 potestate
916 1113 1077 1182 gubernandi
1091 1115 1150 1166 uui-

173 1203 267 1238 serssm
287 1187 420 1238 Ecclesiam
431 1189 472 1254 jos
487 1189 567 1240 sideru
585 1205 641 1242 esre
654 1189 824 1256 consequitur,
843 1187 868 1238 io
889 1189 963 1254 hujus
983 1187 1024 1238 sni
1037 1186 1150 1238 muneris

175 1259 289 1311 exercitio
303 1258 585 1312 libereeorumunioaodi
594 1277 650 1312 oum
662 1260 803 1326 pastoribus
812 1260 961 1324 etgrepibns
974 1259 1052 1309 totius
1063 1259 1152 1310 ecete-

175 1329 225 1390 sie,
238 1335 265 1380 ut
277 1329 349 1380 iidem
363 1329 458 1394 abipso
471 1331 496 1380 in
508 1331 546 1382 ria
559 1333 646 1383 solutis
657 1331 742 1383 dooeri
753 1347 782 1383 ro
802 1331 855 1396 regi
868 1331 971 1393 possint.
985 1329 1069 1390 Quare
1079 1330 1153 1380 dant·

175 1417 262 1453 namus
282 1417 312 1453 ae
331 1401 494 1464 reprobamus
507 1402 606 1454 illorum
625 1404 772 1462 sententias,
790 1401 833 1468 qui
852 1402 916 1452 bano
938 1399 1048 1467 supremi
1064 1400 1153 1464 eapitis

175 1487 231 1524 enm
252 1471 391 1537 pastoribus
410 1479 435 1523 et
454 1471 571 1538 gregibus
588 1473 840 1525 eommunioationenr
859 1473 925 1524 lioite
941 1471 1056 1537 impediri
1080 1486 1155 1537 posse

176 1543 269 1604 dieunt,
284 1551 327 1593 snt
341 1545 452 1594 eumdem
464 1544 571 1594 reddunt
583 1545 695 1596 serutari
711 1549 827 1609 potestati
844 1543 987 1604 obnoxium,
1000 1541 1034 1594 its
1046 1549 1077 1592 ut
1089 1557 1153 1593 eon·

176 1615 286 1674 tendant,
306 1629 362 1681 quae
380 1613 412 1664 ab
435 1615 575 1679 Apostolieu
600 1615 664 1668 Sede
690 1615 729 1667 rel
748 1616 802 1682 ejus
823 1615 971 1666 suetoritrte
989 1614 1019 1664 nd
1040 1613 1155 1678 regimen

177 1684 293 1738 lieoteste
312 1687 505 1746 constituuntur,
525 1688 573 1738 rins
588 1701 618 1738 uu
638 1689 748 1740 solerent
762 1701 813 1742 non
834 1687 935 1748 babere,
957 1683 1006 1736 nisi
1021 1683 1155 1750 potestatis

177 1756 301 1807 secutoris
314 1755 403 1822 placito
419 1756 605 1809 oonlirmentur.

212 1845 240 1895 Et
252 1844 369 1910 quonism
385 1842 467 1894 divino
479 1845 614 1910 Apostoliei
627 1849 746 1913 primatus
756 1847 812 1914 jure
827 1845 954 1899 Romanus
966 1845 1084 1898 Pontifex
1094 1847 1154 1896 nni·

178 1929 252 1967 rumas
264 1917 379 1968 Ecclesiae
394 1925 489 1981 preest,
506 1917 625 1970 dnoenrus
640 1919 713 1969 etium
726 1927 751 1970 et
762 1920 927 1979 declaremus,
940 1933 997 1969 eum
1010 1933 1066 1968 esse
1081 1917 1154 1982 judi·

177 2003 229 2039 oem
244 2002 385 2052 supremum
399 1987 509 2039 lideliom
521 1991 541 2050 ⁸,
561 1996 586 2040 et
597 1991 622 2041 in
637 1989 754 2042 ominbus
766 1989 848 2040 nausis
864 1991 1006 2041 adexsmen
1020 1989 1155 2040 ecelesias·

178 2060 251 2109 tiourn
273 2058 451 2124 spectantibus,
471 2061 502 2112 ad
527 2059 604 2122 ipsius
622 2077 694 2126 posse
711 2061 832 2128 judicium
853 2060 1075 2115 recurri⁴380dis
1094 2075 1153 2111 sero

179 2129 331 2196 Apostolicor,
347 2131 420 2199 eujus
432 2132 579 2182 anctoritate
593 2135 671 2200 maior
688 2143 796 2195 nonest,
812 2133 932 2199 judicium
946 2147 959 2182 a
979 2131 1081 2183 neruine
1101 2131 1154 2182 iure

178 2205 368 2261 retraetandum,
382 2217 463 2267 neque
475 2203 590 2270 uniquam
605 2205 635 2254 de
650 2220 703 2272 ejus
718 2206 792 2256 liuere
802 2204 914 2271 judicare
926 2203 1022 2271 judicio
1034 2211 1054 2254 ⁸.
1072 2203 1155 2262 Quare

179 2282 270 2326 ursulo
286 2274 395 2326 ueritatis
418 2277 515 2327 tremite
537 2275 662 2337 oberrant,
686 2275 728 2341 qui
750 2275 881 2338 affirmant,
904 2275 978 2328 liuere
997 2275 1028 2326 ab
1051 2273 1155 2341 judiciis

179 2347 344 2398 Rornanorum
359 2346 507 2396 Pontificum
521 2347 745 2418 odloeourneniourn
760 2347 898 2399 Concilium
918 2355 1036 2414 tanquam
1048 2347 1079 2396 ad
1092 2361 1154 2396 auc·

179 2418 301 2469 toritatem
314 2416 426 2468 Romano
438 2416 558 2468 Pontilire
569 2419 723 2483 superiorem
736 2421 869 2485 appellare.

211 2507 237 2558 Si
261 2505 316 2574 quis
338 2507 421 2573 itaque
444 2506 533 2558 dixerit
552 2506 692 2559 Romanurn
711 2507 858 2560 Pontilleern
877 2505 1154 2560 beberetsntumnsodo

182 2577 290 2629 officium
308 2577 470 2643 inspectionis
483 2579 521 2629 rel
537 2578 688 2640 directionis,
704 2595 754 2630 non
768 2585 851 2630 nutem
865 2579 963 2647 plenam
977 2584 1002 2628 et
1013 2592 1155 2644 supremam

182 2657 326 2715 potestatem
335 2649 514 2716 jurisdictionis
524 2650 549 2700 in
562 2651 703 2702 nniversam
717 2651 862 2710 Ecclesiam,
884 2665 935 2702 nou
947 2649 1029 2701 sulum
1042 2649 1067 2698 irs
1080 2647 1154 2699 rebus

182 2737 236 2787 que
254 2722 285 2772 ed
301 2723 375 2773 tidem
397 2731 423 2772 ot
437 2737 528 2783 mores,
542 2723 585 2772 sed
605 2723 679 2774 etiam
700 2737 755 2790 que
775 2724 806 2774 sd
826 2722 982 2788 disciplinam
1001 2720 1155 2784 strepitust

183 2793 299 2844 Euolesie
310 2809 353 2857 per
369 2801 448 2844 toturn
461 2793 545 2845 orbern
560 2793 656 2846 dlll'usse
670 2794 808 2859 pertinent3
832 2801 876 2846 aut
887 2809 945 2848 euro
956 2792 1048 2844 bebere
1059 2799 1152 2848 tantun

184 2865 292 2929 potiores
304 2871 393 2931 partes,
409 2881 458 2917 nun
472 2881 529 2917 reru
549 2871 624 2917 totum
645 2866 823 2930 plenitudinem
841 2866 915 2932 hujus
934 2879 1055 2930 supremas
1070 2869 1149 2927 potes«

184 2934 257 2997 tutis;
270 2944 312 2986 aut
329 2937 392 2988 bano
408 2938 463 3002 ojus
483 2943 629 3004 potestatem
651 2951 700 2989 noo
710 2953 764 2990 esse
777 2937 927 2990 ordinariam
940 2943 964 2987 et
977 2934 1154 2995 immediatam,

185 3005 235 3056 riso
247 3007 272 3056 in
290 3023 376 3059 omnes
394 3021 426 3060 oo
445 3009 556 3074 singutas
569 3009 695 3072 ecelesias,
708 3011 761 3062 siro
780 3010 806 3062 in
825 3013 949 3064 onnust
968 3007 1081 3075 singulos
1096 3021 1154 3072 pas·

185 3083 251 3129 tores
264 3085 288 3131 et
299 3078 400 3144 littelssp
414 3080 546 3134 anathema
559 3079 612 3165 sit!
695 3137 698 3144 ,

214 3366 234 3412 l.
247 3365 371 3411 Cono'l'rid.
382 3366 438 3412 sess.
448 3367 482 3412 23.
493 3379 539 3423 esp.
549 3369 570 3412 t,

212 3429 233 3472 tt.
242 3429 265 3476 S.
278 3430 363 3485 cruror.
374 3429 402 3472 il.
412 3429 438 3474 sul
452 3431 525 3486 notor.
536 3429 667 3474 Alexandrln.
676 3440 713 3485 ep.
724 3428 788 3472 xlttt

213 3492 234 3536 3,
248 3491 277 3534 l¹ll
288 3492 327 3536 ΡΡ.
343 3491 370 3534 Vl
380 3491 444 3536 Breve
457 3507 468 3532 s
484 3493 550 3549 Super
560 3492 663 3536 soliditate
678 3505 689 3534 s
704 3489 728 3536 d.
739 3489 773 3533 tu.
784 3485 836 3535 lior.
846 3481 909 3540 tim.

214 3554 235 3594 t.
244 3552 321 3595 Consll.
331 3554 410 3596 (ileum.
426 3553 519 3607 lugdun.
529 3554 556 3598 ll.

116 3627 119 3633 ·
215 3615 236 3656 δ.
250 3613 286 3669 Ep
300 3613 375 3660 tttcotat
386 3615 402 3657 l.
418 3615 443 3658 ad
453 3616 573 3660 llirbuelent
586 3614 740 3672 ltnpunlottn·
