2588 3994
187 283 224 346 'l8
406 301 546 348 unuuaur
566 300 666 348 rorrus
686 301 767 348 rums
787 299 936 350 otnourm.

187 395 1159 479 totusquestatuspraesensillarumlloolesinrumextinctusluerit?

228 487 320 560 Ouia,
342 487 502 568 inquiunt,
525 485 583 547 illae
601 485 835 548 eonsuetudines
855 494 925 548 sunt
936 487 1004 568 jura
1024 489 1159 571 ipsarum

187 575 390 638 Ecclesiarum
413 576 629 655 extincturum
649 575 722 654 sed,
748 575 801 637 etsi
826 575 957 640 multlun
980 596 1160 646 veneremur

188 667 392 727 auctoritatem
417 665 488 727 talia
513 663 731 738 asserentium,
755 671 786 726 et
811 665 930 726 maximi
957 667 1101 748 ponderis
1122 675 1160 736 sit

187 754 268 835 apud
292 773 347 817 nos
370 754 471 836 praxis
489 755 593 816 Romae
620 753 792 828 observata,
814 772 875 816 non
897 753 996 819 adbuc
1016 758 1159 844 intelligi-

189 859 256 904 mus
269 842 423 924 quomodo
441 860 548 906 omnes
565 842 799 905 consuetudines
811 842 945 924 rigentes
965 847 1046 927 apud
1061 867 1159 932 popu-

189 930 251 993 lum
265 940 295 994 et
308 931 422 995 olerum
435 932 561 1011 alicujus
577 931 734 1008 Ecclesiae,
749 931 810 994 sint
823 933 991 996 necessario
995 935 1064 1014 jura
1077 937 1160 1002 illius

188 1021 329 1083 Ecclesiae
347 1027 376 1083 et
397 1039 458 1083 non
478 1021 578 1103 potius
596 1019 758 1102 aliquando
773 1021 843 1101 jura
860 1020 953 1084 solius
972 1025 1076 1106 populi
1089 1075 1098 1104 ‚
1111 1029 1160 1092 vel

188 1109 258 1171 oleri
273 1109 354 1192 apud
368 1112 574 1192 quosrigent:
590 1109 671 1192 quod
683 1129 710 1171 v.
727 1129 756 1191 g.
774 1109 878 1172 fideles
893 1111 1019 1193 possint,
1035 1132 1092 1178 neo
1106 1135 1158 1196 ne,

188 1201 413 1262 communicare
424 1209 510 1263 noote
523 1199 686 1261 Natiuitatis
700 1200 832 1278 Domini,
842 1199 923 1282 quod
934 1200 1020 1264 lieeat
1034 1207 1161 1272 reeitare

189 1297 283 1350 certas
310 1289 428 1351 litanias
450 1289 488 1352 ab
510 1288 612 1351 Indice
634 1287 814 1371 prohibitas,
843 1287 883 1351 ob
906 1293 1160 1361 consuetudinem

10 1373 49 1386 “”
68 1381 70 1384 ’
188 1377 296 1440 alieubi
312 1380 477 1460 vigentem,
494 1378 576 1460 quod
590 1378 790 1440 eeetestasoce
804 1378 957 1460 sepultura
966 1399 1027 1442 non
1042 1384 1162 1464 priren-

188 1473 236 1528 tur
251 1469 412 1530 morientes
424 1487 460 1530 err
470 1467 587 1539 duello,
603 1467 627 1529 si
638 1466 776 1529 dederint
789 1467 874 1550 signa
884 1470 1078 1550 peanitentiae,
1095 1493 1160 1539 nou

188 1555 324 1619 obstante
334 1558 458 1619 Constit.
469 1555 675 1619 detestabilem
685 1556 972 1639 Bened.XlV‚quod
982 1561 1088 1624 medici
1097 1584 1160 1629 non

188 1645 346 1708 observent
356 1647 595 1728 praescriptiones
605 1663 670 1728 eap.
685 1643 757 1708 Clam
768 1645 974 1728 infimitatem
988 1657 1017 1710 et
1031 1652 1157 1718 Constit.

189 1735 219 1795 S.
245 1735 288 1796 Pii
312 1737 349 1811 V,
374 1735 471 1818 Super
491 1755 625 1816 plepem,
650 1735 724 1796 tales
748 1735 983 1798 consuetudines
1004 1745 1033 1799 et
1056 1741 1160 1822 plures

188 1823 253 1884 aliae
267 1825 290 1886 si
311 1827 411 1886 revera
427 1824 568 1906 legitimae
583 1823 708 1886 fuissent
722 1830 856 1906 tempore
871 1825 1045 1889 Concordati
1064 1831 1158 1912 (quod

188 1911 236 1974 hie
265 1931 325 1976 non
358 1914 581 1996 expendimus)
605 1920 714 1976 suntne
738 1915 806 1992 Jurn
840 1913 966 1993 alieuius
994 1917 1160 1985 Eoolesiae?

187 2003 294 2064 Nonne
309 2005 408 2084 potiirs
422 2010 490 2064 sunt
501 2003 569 2082 jura
583 2019 688 2064 eorum
702 2001 781 2084 apud
797 2021 873 2083 quos
887 2009 958 2064 sunt
971 2003 1002 2064 iu
1017 2007 1097 2070 usu?

227 2092 406 2170 HuJusmodi
433 2092 666 2154 consuetudines
695 2097 765 2153 suut
796 2091 919 2172 quidem
946 2092 1014 2170 jura
1038 2095 1159 2166 illarum

188 2179 387 2243 Ecclesiarum
397 2181 429 2242 in
443 2199 480 2243 eo
493 2199 583 2242 sensu
597 2179 679 2262 quod
690 2179 749 2242 sint
759 2179 841 2261 leges
854 2179 934 2262 apud
947 2197 998 2244 eas
1010 2183 1156 2268 vigentes3

187 2269 240 2330 sed
256 2287 316 2333 non
331 2271 361 2332 in
381 2269 438 2332 hoe
452 2288 541 2332 sensu
561 2269 677 2332 videtur
692 2271 723 2330 S.
740 2268 876 2331 Pontifex
896 2270 1076 2337 intellexisse
1090 2295 1157 2340 ver-

188 2357 259 2420 bum
271 2359 325 2441 'jus
339 2359 460 2443 quando
479 2359 554 2420 dixit
572 2379 579 2420 :
596 2359 812 2440 Eetioput'mus
830 2359 969 2431 titulum,
986 2368 1058 2441 eto,
1073 2365 1158 2447 infra

186 2448 361 2530 scriptorum
378 2449 578 2512 Ecclesiorum
598 2467 663 2510 eum
686 2449 851 2531 respectiut's
873 2469 973 2510 eonem
990 2496 1011 2515 ..
1019 2451 1156 2532 juribus.

188 2537 309 2600 Videtur
334 2541 435 2621 potius
461 2538 641 2602 intellexisse
667 2537 699 2599 in
726 2555 818 2600 sensu
844 2537 984 2620 legitimae
1010 2539 1158 2608 facultatis

185 2625 297 2707 aliquid
314 2629 438 2708 agendi,
453 2628 500 2690 vel
520 2625 676 2690 omittendi
690 2635 780 2710 prout
792 2627 966 2711 intelligitur
984 2629 1016 2691 in
1029 2637 1156 2701 tractatu

184 2713 219 2777 de
231 2715 356 2777 lustitia
369 2725 399 2778 et
411 2717 495 2779 lure.

223 2805 335 2868 iterem
349 2808 489 2889 quidem,
505 2807 587 2890 leges
608 2805 801 2891 particulares
821 2807 859 2870 ab
876 2809 1049 2872 auctoritate
1067 2809 1154 2876 locali

183 2895 384 2958 Ecclesiarum
398 2915 626 2980 suppresserunt
640 2905 755 2960 statutae
764 2899 902 2960 extinctae
912 2897 1002 2960 luisse
1016 2899 1155 2966 uidentur

183 3001 237 3064 per
258 2984 376 3047 illerum
396 2988 660 3068 suppressionem,
675 2989 746 3050 cnm
769 3006 830 3049 non
849 2986 982 3049 rideatur
999 2990 1154 3070 quomodo

183 3073 349 3153 potuissent
368 3075 528 3138 subsistere
551 3076 700 3140 destructa
720 3076 893 3140 auctoritate
914 3078 931 3138 b
953 3081 1013 3158 qud
1035 3077 1154 3143 luerent

182 3162 343 3240 institutae;
360 3164 412 3226 sed
428 3183 488 3227 nou
498 3165 566 3228 ideo
580 3173 623 3228 est
638 3166 717 3228 idem
731 3165 894 3230 dicendum
907 3165 945 3227 de
959 3168 1151 3231 consuetudi·

183 3251 271 3314 nibus
297 3253 329 3314 in
352 3253 458 3316 iisdem
488 3255 561 3318 locis
589 3255 721 3337 legitime
746 3256 933 3337 vigentibus,
954 3256 1025 3317 obrn
1049 3259 1153 3338 hujus·

182 3340 263 3402 modi
292 3343 526 3407 eonsuetudines
551 3344 612 3406 vim
640 3345 791 3428 obligandi
823 3363 885 3407 non
912 3341 1089 3406 hauriebant
1113 3363 1152 3410 ex

181 3430 355 3494 auctoritate
369 3433 472 3508 locali,
493 3433 544 3496 sed
559 3437 576 3495 a
591 3435 703 3517 populo
720 3434 839 3498 fueraut
852 3433 1029 3496 introducta
1045 3441 1076 3497 et
1091 3433 1150 3498 att-

181 3538 242 3599 quo
256 3521 346 3583 modo
360 3524 378 3582 a
391 3523 422 3584 S.
439 3523 583 3585 Pontifioe
598 3521 715 3586 luerent
727 3525 908 3606 approbata.

221 3621 288 3678 tat.
303 3617 474 3696 Diooerpo:
491 3621 537 3682 rel
553 3624 678 3702 quaestio
692 3631 736 3684 est
748 3625 787 3685 de
800 3619 1066 3686 consuetudinibus
1078 3639 1149 3702 quaa

180 3702 300 3784 aliquod
313 3707 360 3786 jus
370 3707 558 3789 privilegium
571 3717 622 3770 uut
634 3715 859 3793 prerogativam
871 3711 1002 3792 aliquam
1015 3707 1149 3772 contera-
