2586 3988
210 240 249 306 52
389 217 391 222 ⁸
429 258 565 304 annuam
585 257 687 304 ronos
708 257 790 306 mats
810 254 959 302 canumet.

208 381 225 420 ι
244 379 306 444 por
319 359 396 421 leurs
409 359 553 441 fonctions
569 367 599 422 et
618 359 748 420 outort'tl
763 357 930 441 spitv'tuelle
948 365 977 420 et
990 359 1178 440 pastorale.»

251 469 267 506 a
289 449 367 512 Huic
386 448 507 512 decreto
526 449 745 530 suscripserunt
760 451 796 509 51
819 450 882 508 tam
902 447 1075 508 Cardinales
1088 451 1181 527 quam

207 559 224 598 n
249 537 471 620 Archiepiscopi
482 544 511 598 et
525 537 702 619 Episcopi...
719 544 750 599 et
762 539 800 598 98
814 535 863 597 alii
878 535 1068 618 ecclesiastici
1084 535 1181 616 depu-

208 647 223 686 o
247 628 311 689 tati.
324 649 342 686 n
360 625 550 704 (Billuart,de
565 625 667 708 Reput.
683 625 781 699 Fidei,
798 625 878 700 llis,
893 629 923 687 5.
940 631 995 686 art.
1011 628 1042 700 5,
1057 645 1088 706 p.
1100 627 1179 703 tou).

247 714 504 794 Duodeciesjamd
517 733 587 796 rege
595 713 1183 797 petierantEpiscopigallicanireceptio·

207 819 279 864 nem
294 803 418 865 Concilii
433 801 515 865 Trid.
531 821 585 884 per
599 803 798 883 gubernium,
814 821 871 864 nec
889 802 1026 864 obtinere
1041 819 1109 863 cam
1123 820 1182 883 po-

210 899 336 953 tuerant.
353 892 403 954 Sic
421 892 453 952 in
470 891 600 954 comitiis
610 891 682 953 anni
698 895 790 968 1578,
802 891 981 972 loquebatur
993 903 1094 951 orator
1103 889 1181 952 Cleri

211 979 332 1041 Arnaud
346 979 384 1041 de
398 980 512 1042 Pontac
531 981 698 1061 Episcopus
711 979 944 1041 Valentinensis.
965 1001 980 1038 a
996 979 1037 1039 Le
1050 979 1149 1059 cierge
1161 998 1181 1041 a

208 1090 223 1128 a
247 1067 340 1130 choisi
361 1068 400 1130 de
419 1075 517 1131 toules
530 1067 574 1130 les
588 1069 686 1149 regies
699 1067 737 1130 do
750 1068 943 1130 reformation
961 1067 1052 1130 celles
1065 1069 1117 1148 qui
1127 1074 1182 1130 out

208 1178 224 1214 n
248 1157 295 1218 ete
308 1157 420 1219 dictees
434 1164 463 1219 et
476 1159 583 1220 c'crites
601 1175 655 1240 pur
672 1157 700 1219 le
714 1158 911 1238 saint-Esprit
923 1174 962 1219 au
976 1158 1097 1220 saintet
1112 1157 1181 1218 uni·

208 1267 223 1303 n
247 1245 341 1306 verset
353 1246 474 1308 Concile
483 1245 520 1308 de
529 1248 650 1323 Trente,
659 1265 748 1328 parce
761 1245 922 1327 qa'itssont
937 1245 991 1307 lic's
1004 1253 1032 1308 et
1041 1247 1182 1319 ostreinta

207 1355 223 1392 n
246 1353 308 1395 aur
323 1335 377 1396 tois
396 1335 475 1397 ainai
491 1335 582 1416 faites
603 1354 656 1417 par
677 1321 796 1418 l'llglise
819 1335 998 1422 universqlle
1018 1351 1070 1397 sur
1090 1335 1181 1416 peine

207 1444 223 1482 a
247 1422 340 1484 d'etre
354 1431 442 1486 tenus
456 1442 533 1506 pour
549 1423 770 1512 sctr'smctiqacv
791 1441 892 1485 envas
910 1421 1038 1505 l'lt'plisc
1059 1423 1182 1486 cctlolt'-

207 1533 222 1569 n
246 1529 338 1592 quc...
356 1519 385 1574 et
400 1511 686 1575 d'encourircnvcrs
700 1511 943 1575 Dieuanatheme
955 1519 985 1573 et
998 1512 1180 1594 perpetualia

207 1621 222 1658 a
246 1599 457 1662 damnation„
476 1601 499 1662 ll
514 1601 619 1682 pleure
633 1608 663 1666 et
676 1601 807 1663 lamente
819 1619 854 1662 ce
866 1601 999 1663 mauvais
1015 1601 1128 1662 conscit
1140 1601 1181 1663 de

207 1709 223 1746 n
248 1689 383 1770 ceuxqui
393 1707 468 1751 vous
481 1707 519 1751 en
534 1696 587 1750 ont
597 1689 701 1752 diverti
709 1690 889 1771 jusqu'ici.n
904 1690 996 1750 Porro
1006 1687 1179 1768 hujusmodi

207 1775 376 1858 denegatio,
394 1778 451 1838 nisi
466 1777 581 1840 dicatur
597 1780 804 1841 auctoritatem
818 1777 960 1840 Ecclesiae
973 1796 1039 1842 esse
1052 1779 1179 1841 submit-

207 1865 329 1927 tendam
343 1865 421 1927 civili
432 1867 579 1947 potestati,
592 1865 878 1949 legitimeimpedire
889 1885 951 1929 non
965 1867 1179 1947 valuitobliga-

208 1954 321 2014 tionem
347 1954 471 2017 Concilii
487 1956 519 2016 in
534 1956 639 2018 Gallie.
655 1977 671 2015 a
686 1957 769 2018 Ainsi
782 2003 790 2029 ,
805 1956 939 2038 quoique
952 1955 990 2018 de
1003 1955 1066 2034 tait,
1082 1957 1181 2038 inquit

206 2064 222 2102 n
247 2042 358 2116 Bouix,
376 2041 429 2124 (du
454 2042 541 2106 Cone.
554 2063 652 2126 prou,
667 2049 700 2106 t·
722 2045 837 2126 partie,
857 2044 945 2126 chop.
967 2049 1024 2119 20,
1040 2064 1071 2126 p.
1086 2047 1178 2124 505),

207 2152 223 2190 c
247 2132 375 2192 certains
388 2131 551 2194 de'cretsde
566 2131 595 2196 la
607 2133 766 2215 discipline
777 2132 815 2195 de
828 2136 937 2195 Trente
952 2133 1049 2195 soient
1061 2133 1181 2196 tombes

207 2241 222 2278 r
246 2237 286 2281 en
299 2219 463 2283 de'suetude
476 2239 514 2282 en
529 2222 662 2299 France,
677 2224 835 2284 oumeme
850 2223 901 2303 n'y
916 2223 998 2284 aient
1011 2221 1120 2300 jamais
1132 2221 1180 2284 dte

207 2329 223 2368 n
247 2308 306 2370 mis
319 2325 357 2370 en
366 2311 515 2391 prolique,
531 2329 651 2373 comme
665 2310 730 2374 cela
743 2318 787 2372 est
800 2311 897 2372 orrivt'e
906 2329 944 2371 cn
954 2309 1084 2372 d'autres
1093 2327 1178 2392 pays,

207 2419 222 2456 o
246 2398 287 2458 οὺ
310 2397 338 2459 la
361 2398 546 2478 publication
564 2399 607 2462 du
628 2400 744 2462 concile
770 2417 789 2461 a
811 2400 859 2461 ete
879 2397 967 2478 faite,
992 2399 1014 2460 il
1035 2397 1180 2462 domeure

206 2505 222 2545 r
247 2484 461 2549 incontestable
484 2506 544 2567 que
558 2487 704 2550 l'autoritd
722 2487 946 2568 ecclesiastique
964 2505 983 2550 o
1004 2487 1180 2550 rtellement

206 2593 221 2632 n
245 2582 275 2636 et
293 2574 574 2657 authentiquement
590 2595 661 2650 recu
680 2595 715 2638 ce
733 2577 849 2638 concile
867 2585 896 2637 et
911 2583 1006 2656 quant
1021 2595 1059 2639 au
1068 2575 1179 2656 dogma

206 2683 222 2720 a
246 2669 276 2723 et
298 2669 393 2742 quant
412 2667 429 2725 a
448 2663 476 2725 la
488 2663 656 2746 discipline,
674 2683 743 2727 sans
762 2665 789 2726 lu
807 2664 945 2727 moindre
965 2665 1175 2727 restrictione

207 2749 275 2810 Vid.
291 2751 382 2812 etiarn
402 2751 488 2814 Cord.
504 2753 649 2830 Gousset,
664 2753 843 2835 Emporitica
865 2752 914 2815 des
936 2754 1099 2836 principes,
1117 2759 1175 2816 etc.

205 2839 252 2915 (n⁰
262 2837 414 2917 toa-tm).

249 2939 299 2998 94.
315 2939 390 2998 Nota
408 2936 507 3017 qudd,
523 2944 732 3020 antesempcr
745 2939 908 3020 lugendam
923 2939 1177 3021 perturbationem

207 3027 284 3087 1789
290 3023 413 3106 epochis
421 3026 580 3107 periodicis
588 3025 919 3090 fiebantinGullitCleri
928 3028 1178 3106 comitiatassem·

208 3112 289 3174 ble'es
306 3113 346 3175 du
361 3113 488 3196 clerge').
504 3113 543 3176 ad
559 3133 627 3196 quae
640 3117 858 3178 conveniebant
873 3124 937 3178 tum
951 3117 1024 3178 certi
1038 3117 1178 3199 Episcopi

207 3201 338 3282 deputati
353 3204 370 3263 lt
384 3203 511 3282 singulis
525 3203 686 3284 provinciis
699 3205 905 3268 ecclesiasticis
914 3251 921 3281 ‚
931 3211 996 3266 tum
1009 3205 1180 3266 sacerdotes
1284 3251 1285 3292 q

207 3289 337 3370 deputati
348 3309 384 3353 ex
395 3291 608 3354 Clerosecundi
623 3291 738 3354 ordinis
750 3293 925 3355 earumdem
939 3295 1177 3375 pmvinciarmn,
1284 3321 1285 3356 2

207 3377 245 3441 ad
262 3379 491 3442 deliberandum
516 3379 554 3442 de
576 3380 667 3442 rebus
686 3381 903 3462 temporalibus
928 3381 1129 3466 Ecclesiarum
1150 3389 1180 3444 et
1284 3435 1285 3460 ,

207 3467 362 3550 speciatim
375 3468 414 3530 de
428 3469 674 3531 subventionibus
684 3468 832 3550 gubernio
844 3473 861 3532 d
875 3469 956 3532 clero
970 3469 1157 3551 praestandis.

247 3557 300 3618 illu
321 3557 453 3629 comitia,
479 3557 615 3637 quamvis
638 3575 700 3620 non
724 3559 817 3620 acnrel
848 3560 1030 3640 questiones
1055 3557 1126 3618 tidci
1149 3563 1180 3620 et

209 3642 376 3724 disciplina
397 3643 605 3720 tractaverint,
625 3645 644 3706 o
666 3645 801 3708 concilii·
823 3645 944 3728 proprie
967 3646 1054 3710 dicti·
1075 3651 1178 3710 tamen
