2588 3994
485 219 705 268 rnomuounru.
1027 209 1079 268 tot

126 317 224 380 eodem
233 320 325 400 praeto
333 317 523 394 commissus,
535 336 617 382 anno
629 323 717 396 tcto,
729 337 790 381 non
805 319 935 400 potuerit
944 319 976 380 in
986 318 1085 382 lucem

123 407 182 484 edi,
197 407 383 471 obstantibus
396 407 539 470 Romanis
560 408 761 485 censoribus,
777 407 839 470 imd
852 406 942 471 luerit
955 407 993 470 ab
1013 409 1086 491 ipsis

123 515 397 578 suppressus,.anno
406 499 483 559 tutta
494 515 502 573 3
513 515 636 559 causam
652 497 761 560 exinde
775 498 938 560 multarum
952 497 1086 579 querele-

121 604 183 650 runt
196 585 527 668 arripueruntbseretici
541 577 639 664 etalii,
650 586 736 668 quasi
747 587 778 649 S.
789 585 920 649 Sedesse
930 587 1085 650 inimicam

122 673 1082 758 lucisetprogressuiscientiaeecclesiasticaeintensamostenderet.

155 774 327 857 Divulgatus
346 774 403 838 luit
428 773 516 836 Liber
540 773 686 837 Holstenii
709 791 792 836 anno
818 777 914 850 llbl,
936 773 1085 856 incoque

120 863 205 926 inulta
217 865 342 926 inventa
355 871 426 927 sunt
434 863 472 926 ad
480 862 721 927 confirmandam
730 861 823 926 fidem
836 868 866 924 et
879 863 1085 925 auctoritatem

120 950 197 1014 Sedis
211 956 232 1015 Α
237 953 393 1034 postolicae
406 952 525 1015 idonea.

153 1042 209 1104 Cur
222 1045 294 1104 verb
308 1061 489 1125 suppressus
502 1041 591 1104 luerit
604 1041 795 1106 videturesse
808 1041 878 1124 quie
893 1041 925 1104 in
940 1059 977 1104 eo
988 1043 1084 1104 conti-

121 1129 236 1194 nebatur
254 1133 404 1214 professio
423 1131 493 1196 fidei
514 1150 606 1213 quarn
622 1133 758 1194 emittere
771 1131 921 1194 debebant
934 1133 987 1195 SS.
1003 1131 1083 1194 Pon-

119 1217 204 1283 tifices
217 1229 358 1284 recenter
366 1221 452 1284 electi
467 1231 497 1282 et
510 1221 541 1282 in
557 1224 618 1302 qut
627 1221 780 1284 Honorius
793 1223 875 1303 Papa
885 1219 1085 1284 damnabatur

116 1314 252 1391 tunquam
263 1310 364 1374 fautor
377 1309 500 1372 lraeresis
512 1309 788 1372 Monotbeliterum.

153 1401 218 1462 tua.
229 1397 1084 1478 luterinnumerascollectionesiuriscannnici,quaeantc

118 1487 239 1552 Gratiani
259 1490 419 1552 decretum
433 1489 464 1551 in
479 1489 577 1552 lucem
591 1488 786 1571 prodierunt,
801 1491 961 1570 praecipuae
979 1486 1081 1550 luere:

153 1578 183 1639 l·
204 1579 349 1644 Collectio
369 1579 534 1660 Reginonis
555 1577 678 1640 Abbatis
697 1578 899 1654 Prunriensis,
923 1595 1005 1640 anno
1025 1577 1083 1640 cir·

120 1664 184 1728 riter
196 1672 267 1732 906.

152 1761 182 1818 t·
200 1758 347 1822 Collectio
370 1756 545 1832 burchardi,
570 1755 800 1818 wormatiensis
822 1755 975 1838 Episcopi,
1004 1756 1082 1820 edita

118 1846 232 1926 quidem
254 1855 328 1912 ante
350 1865 465 1910 annum
480 1847 557 1908 {0⁶23
579 1843 631 1906 sed
651 1853 717 1926 post
730 1863 845 1907 annum
861 1851 954 1923 3013,
971 1845 1001 1908 in
1023 1849 1083 1928 qud

119 1936 203 2000 multu
221 1936 397 2020 apocrypha
414 1935 517 1998 lsidori
537 1935 715 2008 transcripta
739 1941 810 1997 sunt
845 1935 946 2014 (Droit
966 1935 1079 1998 Eccle'c

119 2023 182 2086 dens
193 2047 235 2090 ses
245 2046 373 2102 sources,
389 2025 533 2106 Philipps,
547 2042 578 2105 p.
594 2023 659 2104 83).

153 2119 184 2178 3ο
204 2117 348 2180 Collectio
362 2117 393 2178 S.
412 2114 545 2176 bnselmi
560 2112 672 2175 Lucani
686 2112 800 2194 Episc,
815 2117 951 2196 temporo
965 2115 997 2176 S.
1009 2113 1082 2176 Gre-

120 2205 187 2285 gorii
201 2208 251 2270 Vll
267 2206 317 2268 cui
332 2203 554 2267 addictissimus
567 2202 632 2264 luit.

151 2299 184 2358 l⁰
204 2295 349 2359 collectio
369 2291 556 2368 llausbedit‚
572 2291 623 2372 qui
639 2287 801 2352 abeodem
820 2289 966 2353 Pontidce
980 2290 1082 2352 Cardi-

121 2385 188 2448 nalis
201 2385 256 2449 luit
270 2391 397 2446 creatus.
419 2383 472 2444 llae
482 2380 550 2444 duae
564 2379 756 2442 collectiones
770 2380 801 2439 3·
815 2384 845 2440 et
857 2381 890 2440 l·
906 2396 945 2440 ex
958 2377 1083 2441 archivis

119 2474 252 2539 Eutstae
274 2477 430 2548 minans,
445 2489 481 2534 ox
496 2477 579 2552 parte
595 2469 713 2546 saltem,
728 2473 821 2530 erutae
830 2473 900 2529 sunt
909 2473 939 2530 et
951 2465 1083 2530 valorem

120 2561 221 2628 babent
235 2563 338 2644 (Druit
352 2561 465 2624 Eccles.
481 2559 553 2621 dans
566 2577 608 2620 ses
621 2577 744 2627 sources,
764 2577 795 2640 p.
812 2556 877 2637 87).

153 2657 185 2716 5⁰
204 2653 320 2719 Yvonis
342 2647 536 2716 carnutensis
548 2647 660 2730 duplex
682 2645 819 2709 collectio
831 2663 839 2706 t
852 2661 913 2707 una
926 2643 1083 2708 Decretum

120 2749 228 2820 vocata,
252 2741 340 2820 cujus
354 2747 507 2803 auctorem
527 2738 608 2800 certe
622 2735 713 2798 luisse
727 2737 863 2798 Yvonenr
881 2735 1083 2796 communiter

121 2831 291 2907 admittitur3
308 2829 399 2892 altera
414 2826 571 2890 lunonis
585 2831 759 2906 nuncupata
772 2822 810 2886 da
823 2823 911 2903 cujus
924 2841 995 2887 vero
1010 2841 1081 2885 auc-

121 2926 181 2984 tore
198 2921 284 2984 valde
307 2918 547 2982 controvertitur.
570 2915 635 2978 Yvo
662 2913 737 2976 obiit
757 2915 862 2976 versus
888 2931 960 2976 ann.
990 2915 1079 2974 ltro.

123 3010 288 3094 Praecipuus
302 3007 369 3069 lons
382 3023 419 3070 ex
432 3024 494 3090 quo
508 3023 579 3068 suos
592 3021 725 3068 canones
742 3000 855 3079 hausit,
877 3001 1000 3064 bierunt
1019 3001 1081 3063 Col-

123 3097 200 3164 lactio
212 3097 322 3164 isidori
335 3103 366 3161 et
379 3095 578 3160 Collectiones
590 3092 756 3174 Reginonis
768 3097 798 3154 et
811 3089 987 3155 Burohardi.

582 3262 612 3322 t.

407 3397 442 3442 b}
455 3392 638 3439 COLLEGTlONss
652 3391 790 3438 GRATIAM·

157 3544 225 3606 tut.
248 3538 424 3614 Gratianus,
445 3535 536 3598 Clusii
557 3534 589 3596 in
602 3532 721 3595 Etruria
739 3530 855 3611 (Chiusi
879 3551 918 3595 en
936 3531 1083 3606 'loscanel

123 3635 217 3704 murs,
224 3631 422 3692 monasticam
430 3626 521 3688 vitam
528 3622 728 3690 subreuule.
738 3618 1083 3698 Benedictismplexatuv

896 3719 961 3782 sm
