2570 4006
180 280 236 342 aas
395 293 532 340 annuant
552 251 658 341 roaros
672 274 754 340 aunis
774 294 922 340 aaronica.

180 395 341 476 Episcopus
363 399 573 466 consecratos,
588 397 778 474 quatuorque
796 391 870 454 alios
891 393 1031 456 Praelatos
1053 393 1154 458 Cm'oe

181 483 315 546 Bonane
328 481 424 545 dictos
439 480 474 544 de
487 481 643 555 Fioctetti,
659 480 712 562 qui
725 487 796 542 sunt
807 500 814 542 :
827 481 1015 544 Gubernator
1029 483 1152 562 Romae,

178 572 311 634 Camcrae
337 570 508 652 apostolicae
536 570 678 644 Auditor,
706 570 835 650 Magnus
858 569 1095 650 Thesaurarius,
1123 579 1155 636 et

177 660 393 740 lllajordombs.
411 663 436 721 A
457 659 521 722 solo
535 660 567 722 S.
584 657 730 722 Pontitice
753 657 792 720 ad
807 659 886 722 banc
905 657 1081 740 dignitatem
1097 681 1154 724 no-

178 750 352 812 minantur:
366 747 503 812 habitum
516 748 720 830 pralatitium,
731 746 885 808 sublacum
901 766 1010 830 nempe
1023 757 1054 812 et
1066 769 1152 811 man-

179 839 324 900 tellettam
346 837 455 900 coloris
473 837 596 900 violacei
617 853 689 902 cum
708 835 830 900 rocheto
851 835 1001 911 induunt,
1016 839 1155 918 galerum
1273 853 1274 872 ³

178 927 300 1009 nigrum
325 933 445 1010 portant
467 927 538 990 vitta
560 932 591 989 et
619 925 722 989 tloccis
745 925 876 989 rosaceis
904 933 1064 1003 ornatum;
1090 947 1155 992 non
1273 977 1274 984 ,

178 1016 315 1079 obstante
339 1015 459 1078 decreto
483 1014 643 1080 Alexandri
657 1015 727 1084 Vll.
753 1015 877 1076 missam
897 1015 988 1076 etiam
1007 1015 1152 1096 privatam

178 1103 330 1168 celebrant
342 1121 427 1168 mora
445 1104 600 1188 praelatitio
613 1110 676 1167 tam
694 1107 799 1166 Romae
812 1105 905 1184 quam
920 1109 1014 1166 extra.
1028 1105 1052 1165 Α
1059 1105 1154 1183 juris·

177 1193 308 1256 dictione
322 1193 549 1258 Ordinariorum
570 1194 761 1268 eximuntur3
777 1191 861 1254 altari
876 1192 1007 1274 portabili
1025 1194 1067 1255 uti
1082 1213 1154 1276 pos-

178 1290 252 1360 sunt
261 1283 293 1346 in
307 1284 430 1359 itincre,
446 1284 610 1366 multisque
624 1282 689 1344 aliis
710 1281 873 1364 privilegiis
886 1281 1028 1343 fruuntur
1040 1330 1048 1359 ,
1062 1291 1151 1364 prout

178 1371 278 1435 videre
292 1380 338 1435 est
350 1393 398 1455 ap.
414 1372 560 1436 Analecta
575 1373 640 1452 (86·
655 1371 721 1433 livr.
735 1417 744 1449 ‚
759 1369 818 1432 col.
834 1371 915 1449 708),
930 1375 961 1433 01
974 1389 1022 1452 ap.
1042 1371 1151 1451 Bouix,
1273 1433 1274 1440 ,

176 1461 223 1524 ,De
238 1461 331 1526 Currd
346 1461 487 1540 aarum,
504 1481 535 1544 p.
551 1465 620 1537 619,
632 1467 690 1523 etc.

218 1555 250 1613 2⁰
284 1551 481 1614 Protonolarii
517 1550 558 1614 od
587 1544 746 1611 instardin
760 1548 971 1612 nonvidentur
1008 1550 1154 1614 exstitisse
1273 1585 1274 1626 5

178 1647 247 1703 aute
270 1641 388 1703 Sintum
402 1642 438 1717 V;
460 1640 618 1722 pauciores
642 1655 771 1701 numero
790 1638 875 1700 suere
894 1638 1048 1720 primbm3
1064 1637 1155 1702 bodib
1273 1651 1274 1718 p

178 1731 248 1792 verb
263 1729 358 1792 multo
372 1729 595 1792 numerosiores
613 1733 700 1806 sunt,
717 1726 921 1808 canonicique
937 1729 1029 1789 trium
1045 1727 1152 1790 Basili-

178 1836 282 1881 carum
296 1819 517 1893 Romanarum,
534 1835 644 1898 nempe
663 1817 694 1880 S.
715 1816 842 1878 ioannis
854 1815 1008 1891 Laterani,
1024 1817 1055 1878 S.
1075 1818 1154 1879 Petri
1273 1815 1274 1820 ’

178 1905 313 1969 Vaticani
338 1911 370 1969 et
386 1907 418 1970 S.
445 1905 547 1969 blariae
569 1906 691 1986 Majoris
710 1903 749 1967 ad
762 1903 841 1968 bano
862 1904 990 1967 classem
1003 1907 1153 1968 Protono-
1273 1935 1274 1950 2

178 1995 324 2058 lariorum
346 2013 379 2058 se
398 1996 549 2078 pertinere
572 1993 748 2076 gloriantur.
772 1993 882 2055 Iisdem
897 1992 1066 2075 insignibus
1088 1993 1153 2057 tru-

179 2090 272 2146 untur
290 2101 325 2148 ao
343 2085 576 2166 participantes,
591 2101 662 2147 cum
683 2081 790 2144 iisdem
809 2080 872 2145 ferd
896 2081 1152 2164 praeminentiis,

178 2173 343 2237 honoribus
360 2191 396 2238 ac
415 2173 633 2258 prerogativis,
652 2171 709 2233 nisi
731 2177 833 2232 tamen
857 2169 978 2234 obstent
990 2177 1153 2234 consuetu⁴
1273 2201 1274 2248 5

55 2326 68 2332 ,,
178 2263 264 2326 dines
277 2263 397 2327 locales.
422 2267 445 2324 Α
461 2263 525 2326 solo
539 2262 650 2333 pariter
668 2263 699 2323 S.
716 2259 862 2323 Pontilice
876 2265 1020 2323 creantur

219 2331 927 2413 Possuntquidemcelebrarepontilrcalitercun.
940 2331 1148 2410 mitrtetaliis,

178 2421 231 2484 sed
243 2441 313 2484 cnm
328 2419 477 2485 Ordinarii
491 2437 641 2482 consensu
665 2469 674 2496 ‚
690 2439 761 2483 cum
774 2429 881 2484 ornatu
897 2421 1101 2498 moderatiori,
1118 2429 1150 2485 et

147 2583 150 2590 .
177 2509 409 2573 solemnioribus
434 2509 529 2572 Fastis
553 2511 683 2574 tantum.
713 2511 776 2573 Neo
798 2509 929 2592 amplius
953 2511 996 2573 uti
1021 2519 1150 2592 possunt
1273 2561 1274 2578 i

178 2599 307 2662 tradicio
323 2601 385 2662 suis
402 2599 562 2662 itineribus
574 2597 658 2663 altari
675 2595 818 2682 maurili,
831 2607 920 2681 prout
931 2607 1150 2682 poterantante
1273 2593 1274 2626 ³

178 2705 291 2750 annum
307 2691 395 2752 1853.
409 2691 443 2752 10
456 2687 547 2752 missa
561 2688 675 2768 privata
689 2689 879 2752 condebant
892 2687 1150 2772 sedistiuaueran
1273 2721 1274 2768 3

187 2769 375 2850 simplicibus
391 2777 569 2857 presbyteris
582 2791 666 2855 Juxta
688 2781 833 2840 Arvulerto
855 2778 954 2858 (ibin,
976 2781 1033 2834 cot.
1057 2771 1150 2850 mli

187 2859 269 2939 quod
285 2861 496 2926 confirmatum
520 2865 605 2928 tulta
630 2869 729 2929 Consi.
749 2872 807 2950 Ap.
825 2865 908 2940 Sed,
932 2881 961 2926 rv
983 2861 1050 2924 Kal.
1073 2868 1149 2936 sept.
1273 2865 1274 2936 l

183 2945 273 3023 187ἰ
291 2951 997 3036 ΙΙἭΉῙ,(1110)010011011100011100010110010
1012 2948 1154 3034 legenda·
1273 3013 1274 3020 p

222 3059 254 3117 3·
275 3055 337 3118 Etsi
360 3057 576 3120 Protonotariis
594 3054 637 3119 cd
652 3054 750 3118 iactor
771 3055 959 3137 antiquiores
978 3055 1040 3118 sint
1061 3055 1148 3118 Hono

184 3146 262 3207 surii
276 3145 474 3206 Protonotarii
485 3163 546 3206 non
559 3145 651 3206 tantis
660 3151 761 3206 umen
772 3163 808 3207 ac
819 3144 860 3206 illi
870 3143 1074 3226 praerogativis
1084 3163 1158 3224 gau.

183 3232 267 3312 dent,
277 3232 442 3317 praesertim
452 3232 490 3294 ab
499 3251 580 3294 anno
592 3237 671 3296 1818
682 3252 690 3295 :
703 3239 784 3295 veste
794 3232 880 3295 talari
890 3247 952 3296 non
962 3231 1072 3295 diffusa
1081 3235 1158 3312 (scau

183 3324 281 3406 queue)
299 3329 329 3385 et
341 3313 463 3405 palliolo
476 3329 651 3403 nuncupato
664 3321 852 3384 mantalletto
870 3321 947 3404 nigri
962 3324 1159 3403 10011110,οο-

185 3413 254 3474 loris
282 3413 324 3474 nli
346 3408 482 3493 possunt,
497 3411 578 3475 Usus
591 3409 710 3472 collaris
723 3420 753 3472 et
770 3411 936 3491 caligarum
949 3412 960 3488 (
968 3411 1033 3490 dos)
1047 3409 1159 3476 coloris

184 3501 304 3564 violacei
326 3503 453 3562 omnino
472 3491 544 3580 ipsis'
558 3492 765 3576 intei'dicitnra
779 3499 850 3561 item
872 3507 901 3562 et
916 3499 995 3562 vitta)
1016 3517 1071 3562 seu
1093 3517 1159 3562 cor·

187 3584 261 3651 lutae
279 3590 312 3651 iri
334 3589 413 3671 pileo
431 3586 539 3649 coloris
561 3580 716 3664 ejusdem,
736 3571 789 3648 sed
810 3582 890 3668 digri
908 3584 1027 3650 lantum
1047 3587 1157 3668 coloris

187 3691 248 3738 asse
261 3683 412 3757 poterunt.
428 3676 496 3736 Non
516 3673 647 3754 gaudent
665 3669 819 3754 privilegio
841 3661 1012 3738 celebrandi
1030 3661 1155 3756 pontiti·
