<?xml version="1.0" encoding="UTF-8"?>
<!DOCTYPE html PUBLIC "-//W3C//DTD XHTML 1.0 Transitional//EN"
    "http://www.w3.org/TR/xhtml1/DTD/xhtml1-transitional.dtd">
<html xmlns="http://www.w3.org/1999/xhtml" xml:lang="en" lang="en">
 <head>
  <title>
</title>
<meta http-equiv="Content-Type" content="text/html;charset=utf-8" />
  <meta name='ocr-system' content='tesseract 3.04.00' />
  <meta name='ocr-capabilities' content='ocr_page ocr_carea ocr_par ocr_line ocrx_word'/>
</head>
<body>
  <div class='ocr_page' id='page_1' title='image "./manualetotiusju03craigoog_0364.png"; bbox 0 0 2578 4008; ppageno 0'>
   <div class='ocr_carea' id='block_1_1' title="bbox 478 291 1073 352">
    <p class='ocr_par' dir='ltr' id='par_1_1' title="bbox 478 291 1073 352">
     <span class='ocr_line' id='line_1_1' title="bbox 478 291 1073 352; baseline 0.013 -8"><span class='ocrx_word' id='word_1_1' title='bbox 478 300 565 346; x_wconf 77' lang='lat' dir='ltr'>crasa</span> <span class='ocrx_word' id='word_1_2' title='bbox 586 291 1073 352; x_wconf 66' lang='lat' dir='ltr'>caraussii</span> 
     </span>
    </p>
   </div>
   <div class='ocr_carea' id='block_1_2' title="bbox 46 381 1083 1993">
    <p class='ocr_par' dir='ltr' id='par_1_2' title="bbox 46 381 1083 1352">
     <span class='ocr_line' id='line_1_2' title="bbox 107 381 1079 484; baseline 0.003 -23"><span class='ocrx_word' id='word_1_3' title='bbox 107 381 249 461; x_wconf 72' lang='lat' dir='ltr'>ccclesias</span> <span class='ocrx_word' id='word_1_4' title='bbox 269 394 523 473; x_wconf 81' lang='lat' dir='ltr'>fundamentum,</span> <span class='ocrx_word' id='word_1_5' title='bbox 544 414 597 458; x_wconf 90' lang='lat' dir='ltr'>scu</span> <span class='ocrx_word' id='word_1_6' title='bbox 621 397 884 478; x_wconf 79' lang='lat' dir='ltr'>sustentaculum,</span> <span class='ocrx_word' id='word_1_7' title='bbox 907 404 938 464; x_wconf 85' lang='lat' dir='ltr'>et</span> <span class='ocrx_word' id='word_1_8' title='bbox 956 400 1079 484; x_wconf 83' lang='lat' dir='ltr'>quidem</span> 
     </span>
     <span class='ocr_line' id='line_1_3' title="bbox 107 477 1080 572; baseline 0.004 -22"><span class='ocrx_word' id='word_1_9' title='bbox 107 488 148 550; x_wconf 84' lang='lat' dir='ltr'>ita</span> <span class='ocrx_word' id='word_1_10' title='bbox 169 477 299 550; x_wconf 86' lang='lat' dir='ltr'>solidum</span> <span class='ocrx_word' id='word_1_11' title='bbox 328 491 361 547; x_wconf 93' lang='lat' dir='ltr'>ut</span> <span class='ocrx_word' id='word_1_12' title='bbox 385 489 490 547; x_wconf 87' lang='lat' dir='ltr'>contra</span> <span class='ocrx_word' id='word_1_13' title='bbox 512 485 677 548; x_wconf 78' lang='lat' dir='ltr'>Ecclesiam</span> <span class='ocrx_word' id='word_1_14' title='bbox 701 487 744 550; x_wconf 88' lang='lat' dir='ltr'>sic</span> <span class='ocrx_word' id='word_1_15' title='bbox 766 495 963 554; x_wconf 84' lang='lat' dir='ltr'>sustentatam</span> <span class='ocrx_word' id='word_1_16' title='bbox 987 499 1080 572; x_wconf 80' lang='lat' dir='ltr'>portae</span> 
     </span>
     <span class='ocr_line' id='line_1_4' title="bbox 108 571 1078 660; baseline 0.004 -22"><span class='ocrx_word' id='word_1_17' title='bbox 108 575 211 652; x_wconf 85' lang='lat' dir='ltr'>inseri,</span> <span class='ocrx_word' id='word_1_18' title='bbox 223 593 277 638; x_wconf 89' lang='lat' dir='ltr'>seu</span> <span class='ocrx_word' id='word_1_19' title='bbox 286 579 449 656; x_wconf 76' lang='lat' dir='ltr'>potestates</span> <span class='ocrx_word' id='word_1_20' title='bbox 458 571 619 636; x_wconf 89' lang='lat' dir='ltr'>rnlernales</span> <span class='ocrx_word' id='word_1_21' title='bbox 629 593 786 658; x_wconf 85' lang='lat' dir='ltr'>nunquam</span> <span class='ocrx_word' id='word_1_22' title='bbox 801 581 860 640; x_wconf 91' lang='lat' dir='ltr'>sint</span> <span class='ocrx_word' id='word_1_23' title='bbox 873 579 1078 660; x_wconf 72' lang='lat' dir='ltr'>praevalituras.</span> 
     </span>
     <span class='ocr_line' id='line_1_5' title="bbox 109 661 1080 766; baseline 0.003 -39"><span class='ocrx_word' id='word_1_24' title='bbox 109 665 166 728; x_wconf 88' lang='lat' dir='ltr'>Sed</span> <span class='ocrx_word' id='word_1_25' title='bbox 188 681 278 726; x_wconf 92' lang='lat' dir='ltr'>nemo</span> <span class='ocrx_word' id='word_1_26' title='bbox 303 661 418 724; x_wconf 77' lang='lat' dir='ltr'>edificii</span> <span class='ocrx_word' id='word_1_27' title='bbox 442 662 559 726; x_wconf 88' lang='lat' dir='ltr'>socialis</span> <span class='ocrx_word' id='word_1_28' title='bbox 563 671 671 766; x_wconf 89' lang='lat' dir='ltr'>prout</span> <span class='ocrx_word' id='word_1_29' title='bbox 690 672 735 728; x_wconf 91' lang='lat' dir='ltr'>est</span> <span class='ocrx_word' id='word_1_30' title='bbox 760 667 914 744; x_wconf 84' lang='lat' dir='ltr'>Ecclesia,</span> <span class='ocrx_word' id='word_1_31' title='bbox 937 666 1080 730; x_wconf 80' lang='lat' dir='ltr'>fulcimen</span> 
     </span>
     <span class='ocr_line' id='line_1_6' title="bbox 46 751 1081 835; baseline 0.004 -19"><span class='ocrx_word' id='word_1_32' title='bbox 46 794 49 798; x_wconf 33' lang='grc' dir='ltr'><strong>ι</strong></span> <span class='ocrx_word' id='word_1_33' title='bbox 109 755 324 817; x_wconf 87' lang='lat' dir='ltr'>inconcussum</span> <span class='ocrx_word' id='word_1_34' title='bbox 336 769 401 814; x_wconf 89' lang='lat' dir='ltr'>esse</span> <span class='ocrx_word' id='word_1_35' title='bbox 415 757 529 834; x_wconf 88' lang='lat' dir='ltr'>potest,</span> <span class='ocrx_word' id='word_1_36' title='bbox 540 751 597 814; x_wconf 89' lang='lat' dir='ltr'>nisi</span> <span class='ocrx_word' id='word_1_37' title='bbox 611 771 665 835; x_wconf 87' lang='lat' dir='ltr'>per</span> <span class='ocrx_word' id='word_1_38' title='bbox 678 754 798 834; x_wconf 89' lang='lat' dir='ltr'>plenam</span> <span class='ocrx_word' id='word_1_39' title='bbox 813 755 1016 819; x_wconf 84' lang='lat' dir='ltr'>auctoritatem</span> <span class='ocrx_word' id='word_1_40' title='bbox 1027 776 1081 820; x_wconf 86' lang='lat' dir='ltr'>seu</span> 
     </span>
     <span class='ocr_line' id='line_1_7' title="bbox 106 840 1082 924; baseline 0.001 -17"><span class='ocrx_word' id='word_1_41' title='bbox 106 843 367 923; x_wconf 76' lang='lat' dir='ltr'>iurisdictionem,</span> <span class='ocrx_word' id='word_1_42' title='bbox 389 858 480 924; x_wconf 89' lang='lat' dir='ltr'>quam</span> <span class='ocrx_word' id='word_1_43' title='bbox 495 840 526 903; x_wconf 95' lang='lat' dir='ltr'>in</span> <span class='ocrx_word' id='word_1_44' title='bbox 549 859 616 904; x_wconf 87' lang='lat' dir='ltr'>eam</span> <span class='ocrx_word' id='word_1_45' title='bbox 634 860 774 907; x_wconf 85' lang='lat' dir='ltr'>exercere</span> <span class='ocrx_word' id='word_1_46' title='bbox 791 845 884 922; x_wconf 82' lang='lat' dir='ltr'>valet3</span> <span class='ocrx_word' id='word_1_47' title='bbox 909 846 1082 908; x_wconf 85' lang='lat' dir='ltr'>auctoritato</span> 
     </span>
     <span class='ocr_line' id='line_1_8' title="bbox 109 932 1083 1014; baseline 0 -18"><span class='ocrx_word' id='word_1_48' title='bbox 109 933 192 996; x_wconf 90' lang='lat' dir='ltr'>enim</span> <span class='ocrx_word' id='word_1_49' title='bbox 206 932 286 994; x_wconf 86' lang='lat' dir='ltr'>mala</span> <span class='ocrx_word' id='word_1_50' title='bbox 298 937 490 993; x_wconf 81' lang='lat' dir='ltr'>removentur</span> <span class='ocrx_word' id='word_1_51' title='bbox 504 937 533 992; x_wconf 86' lang='lat' dir='ltr'>et</span> <span class='ocrx_word' id='word_1_52' title='bbox 546 939 761 1012; x_wconf 83' lang='lat' dir='ltr'>promoventur</span> <span class='ocrx_word' id='word_1_53' title='bbox 779 935 875 1010; x_wconf 84' lang='lat' dir='ltr'>bona;</span> <span class='ocrx_word' id='word_1_54' title='bbox 892 933 996 1014; x_wconf 86' lang='lat' dir='ltr'>sicque</span> <span class='ocrx_word' id='word_1_55' title='bbox 1013 933 1083 998; x_wconf 88' lang='lat' dir='ltr'>aedi-</span> 
     </span>
     <span class='ocr_line' id='line_1_9' title="bbox 110 1019 1082 1104; baseline 0.002 -20"><span class='ocrx_word' id='word_1_56' title='bbox 110 1021 215 1084; x_wconf 87' lang='lat' dir='ltr'>licium</span> <span class='ocrx_word' id='word_1_57' title='bbox 238 1019 346 1083; x_wconf 84' lang='lat' dir='ltr'>sociale</span> <span class='ocrx_word' id='word_1_58' title='bbox 366 1025 560 1082; x_wconf 86' lang='lat' dir='ltr'>sustentatur.</span> <span class='ocrx_word' id='word_1_59' title='bbox 577 1021 656 1103; x_wconf 79' lang='lat' dir='ltr'>Ergo</span> <span class='ocrx_word' id='word_1_60' title='bbox 670 1040 705 1083; x_wconf 84' lang='lat' dir='ltr'>ex</span> <span class='ocrx_word' id='word_1_61' title='bbox 724 1041 760 1084; x_wconf 86' lang='lat' dir='ltr'>eo</span> <span class='ocrx_word' id='word_1_62' title='bbox 778 1022 860 1104; x_wconf 74' lang='lat' dir='ltr'>qued</span> <span class='ocrx_word' id='word_1_63' title='bbox 876 1025 980 1086; x_wconf 88' lang='lat' dir='ltr'>Petrus</span> <span class='ocrx_word' id='word_1_64' title='bbox 994 1022 1082 1086; x_wconf 86' lang='lat' dir='ltr'>luerit</span> 
     </span>
     <span class='ocr_line' id='line_1_10' title="bbox 110 1108 1082 1190; baseline 0.002 -18"><span class='ocrx_word' id='word_1_65' title='bbox 110 1112 128 1172; x_wconf 72' lang='lat' dir='ltr'>a</span> <span class='ocrx_word' id='word_1_66' title='bbox 154 1111 270 1172; x_wconf 83' lang='lat' dir='ltr'>Christo</span> <span class='ocrx_word' id='word_1_67' title='bbox 296 1109 474 1172; x_wconf 88' lang='lat' dir='ltr'>constitutus</span> <span class='ocrx_word' id='word_1_68' title='bbox 501 1115 585 1190; x_wconf 88' lang='lat' dir='ltr'>petra</span> <span class='ocrx_word' id='word_1_69' title='bbox 608 1108 840 1173; x_wconf 73' lang='lat' dir='ltr'>fundamentalis</span> <span class='ocrx_word' id='word_1_70' title='bbox 861 1111 1021 1188; x_wconf 82' lang='lat' dir='ltr'>Ecclesiae,</span> <span class='ocrx_word' id='word_1_71' title='bbox 1045 1115 1082 1174; x_wconf 79' lang='lat' dir='ltr'>erl</span> 
     </span>
     <span class='ocr_line' id='line_1_11' title="bbox 109 1194 1081 1281; baseline 0.003 -20"><span class='ocrx_word' id='word_1_72' title='bbox 109 1199 176 1281; x_wconf 77' lang='lat' dir='ltr'>ipso</span> <span class='ocrx_word' id='word_1_73' title='bbox 195 1199 233 1261; x_wconf 89' lang='lat' dir='ltr'>ab</span> <span class='ocrx_word' id='word_1_74' title='bbox 253 1216 290 1260; x_wconf 92' lang='lat' dir='ltr'>eo</span> <span class='ocrx_word' id='word_1_75' title='bbox 303 1197 420 1279; x_wconf 82' lang='lat' dir='ltr'>occepit</span> <span class='ocrx_word' id='word_1_76' title='bbox 439 1194 605 1260; x_wconf 83' lang='lat' dir='ltr'>Primatum</span> <span class='ocrx_word' id='word_1_77' title='bbox 617 1197 834 1276; x_wconf 78' lang='lat' dir='ltr'>iurisdictionis</span> <span class='ocrx_word' id='word_1_78' title='bbox 851 1201 883 1261; x_wconf 92' lang='lat' dir='ltr'>in</span> <span class='ocrx_word' id='word_1_79' title='bbox 908 1217 975 1262; x_wconf 89' lang='lat' dir='ltr'>eam</span> <span class='ocrx_word' id='word_1_80' title='bbox 999 1219 1081 1264; x_wconf 83' lang='lat' dir='ltr'>exer·</span> 
     </span>
     <span class='ocr_line' id='line_1_12' title="bbox 110 1287 228 1352; baseline -0.017 0"><span class='ocrx_word' id='word_1_81' title='bbox 110 1287 228 1352; x_wconf 85' lang='lat' dir='ltr'>cendae.</span> 
     </span>
    </p>

    <p class='ocr_par' dir='ltr' id='par_1_3' title="bbox 109 1373 1083 1993">
     <span class='ocr_line' id='line_1_13' title="bbox 149 1373 1081 1440; baseline 0.001 -1"><span class='ocrx_word' id='word_1_82' title='bbox 149 1381 188 1439; x_wconf 85' lang='lat' dir='ltr'>Et</span> <span class='ocrx_word' id='word_1_83' title='bbox 200 1377 270 1439; x_wconf 82' lang='lat' dir='ltr'>vero</span> <span class='ocrx_word' id='word_1_84' title='bbox 284 1393 347 1438; x_wconf 93' lang='lat' dir='ltr'>non</span> <span class='ocrx_word' id='word_1_85' title='bbox 361 1373 460 1436; x_wconf 78' lang='lat' dir='ltr'>sollum</span> <span class='ocrx_word' id='word_1_86' title='bbox 474 1373 608 1437; x_wconf 87' lang='lat' dir='ltr'>Christus</span> <span class='ocrx_word' id='word_1_87' title='bbox 621 1375 750 1438; x_wconf 89' lang='lat' dir='ltr'>instituit</span> <span class='ocrx_word' id='word_1_88' title='bbox 767 1377 891 1440; x_wconf 85' lang='lat' dir='ltr'>Petrum</span> <span class='ocrx_word' id='word_1_89' title='bbox 905 1375 1081 1440; x_wconf 81' lang='lat' dir='ltr'>lundomen-</span> 
     </span>
     <span class='ocr_line' id='line_1_14' title="bbox 109 1461 1083 1546; baseline 0.004 -18"><span class='ocrx_word' id='word_1_90' title='bbox 109 1473 177 1529; x_wconf 91' lang='lat' dir='ltr'>tum</span> <span class='ocrx_word' id='word_1_91' title='bbox 198 1463 353 1542; x_wconf 71' lang='lat' dir='ltr'>Ecclesiae,</span> <span class='ocrx_word' id='word_1_92' title='bbox 374 1462 426 1525; x_wconf 88' lang='lat' dir='ltr'>sed</span> <span class='ocrx_word' id='word_1_93' title='bbox 443 1461 484 1524; x_wconf 93' lang='lat' dir='ltr'>illi</span> <span class='ocrx_word' id='word_1_94' title='bbox 504 1463 641 1543; x_wconf 85' lang='lat' dir='ltr'>promisit</span> <span class='ocrx_word' id='word_1_95' title='bbox 657 1463 752 1526; x_wconf 79' lang='lat' dir='ltr'>clover</span> <span class='ocrx_word' id='word_1_96' title='bbox 769 1465 854 1546; x_wconf 80' lang='lat' dir='ltr'>repnr&#39;</span> <span class='ocrx_word' id='word_1_97' title='bbox 874 1465 1022 1540; x_wconf 77' lang='lat' dir='ltr'>culorum,</span> <span class='ocrx_word' id='word_1_98' title='bbox 1043 1468 1083 1532; x_wconf 86' lang='lat' dir='ltr'>ila</span> 
     </span>
     <span class='ocr_line' id='line_1_15' title="bbox 110 1551 1082 1638; baseline 0.001 -20"><span class='ocrx_word' id='word_1_99' title='bbox 110 1561 145 1619; x_wconf 90' lang='lat' dir='ltr'>ut</span> <span class='ocrx_word' id='word_1_100' title='bbox 164 1555 357 1638; x_wconf 73' lang='lat' dir='ltr'>qaudurmque</span> <span class='ocrx_word' id='word_1_101' title='bbox 379 1551 520 1634; x_wconf 77' lang='lat' dir='ltr'>lipuueril</span> <span class='ocrx_word' id='word_1_102' title='bbox 538 1571 625 1633; x_wconf 81' lang='lat' dir='ltr'>super</span> <span class='ocrx_word' id='word_1_103' title='bbox 646 1561 755 1614; x_wconf 72' lang='lat' dir='ltr'>terrum</span> <span class='ocrx_word' id='word_1_104' title='bbox 773 1554 832 1616; x_wconf 83' lang='lat' dir='ltr'>erit</span> <span class='ocrx_word' id='word_1_105' title='bbox 856 1553 983 1635; x_wconf 77' lang='lat' dir='ltr'>lipotum</span> <span class='ocrx_word' id='word_1_106' title='bbox 1003 1557 1082 1618; x_wconf 82' lang='lat' dir='ltr'>etin</span> 
     </span>
     <span class='ocr_line' id='line_1_16' title="bbox 110 1641 1083 1726; baseline -0.001 -19"><span class='ocrx_word' id='word_1_107' title='bbox 110 1644 207 1715; x_wconf 82' lang='lat' dir='ltr'>coelis,</span> <span class='ocrx_word' id='word_1_108' title='bbox 224 1653 254 1707; x_wconf 85' lang='lat' dir='ltr'>et</span> <span class='ocrx_word' id='word_1_109' title='bbox 266 1642 460 1726; x_wconf 81' lang='lat' dir='ltr'>quodcumque</span> <span class='ocrx_word' id='word_1_110' title='bbox 473 1641 595 1704; x_wconf 84' lang='lat' dir='ltr'>solverit</span> <span class='ocrx_word' id='word_1_111' title='bbox 607 1662 695 1724; x_wconf 87' lang='lat' dir='ltr'>super</span> <span class='ocrx_word' id='word_1_112' title='bbox 713 1651 823 1705; x_wconf 84' lang='lat' dir='ltr'>terrum</span> <span class='ocrx_word' id='word_1_113' title='bbox 838 1644 898 1706; x_wconf 85' lang='lat' dir='ltr'>erit</span> <span class='ocrx_word' id='word_1_114' title='bbox 915 1643 1083 1706; x_wconf 76' lang='lat' dir='ltr'>solutumst</span> 
     </span>
     <span class='ocr_line' id='line_1_17' title="bbox 113 1731 1080 1814; baseline 0.004 -19"><span class='ocrx_word' id='word_1_115' title='bbox 113 1735 145 1796; x_wconf 85' lang='lat' dir='ltr'>iu</span> <span class='ocrx_word' id='word_1_116' title='bbox 158 1733 237 1796; x_wconf 72' lang='lat' dir='ltr'>culis</span> <span class='ocrx_word' id='word_1_117' title='bbox 247 1736 288 1814; x_wconf 86' lang='lat' dir='ltr'>(S.</span> <span class='ocrx_word' id='word_1_118' title='bbox 303 1731 420 1806; x_wconf 73' lang='lat' dir='ltr'>March,</span> <span class='ocrx_word' id='word_1_119' title='bbox 436 1749 463 1792; x_wconf 88' lang='lat' dir='ltr'>c.</span> <span class='ocrx_word' id='word_1_120' title='bbox 482 1733 535 1805; x_wconf 79' lang='lat' dir='ltr'>lu,</span> <span class='ocrx_word' id='word_1_121' title='bbox 550 1749 578 1792; x_wconf 85' lang='lat' dir='ltr'>v.</span> <span class='ocrx_word' id='word_1_122' title='bbox 597 1733 661 1812; x_wconf 79' lang='grc'><strong>19);</strong></span> <span class='ocrx_word' id='word_1_123' title='bbox 677 1731 788 1813; x_wconf 85' lang='lat' dir='ltr'>quibus</span> <span class='ocrx_word' id='word_1_124' title='bbox 807 1733 904 1795; x_wconf 90' lang='lat' dir='ltr'>verbis</span> <span class='ocrx_word' id='word_1_125' title='bbox 924 1733 1005 1795; x_wconf 88' lang='lat' dir='ltr'>aliud</span> <span class='ocrx_word' id='word_1_126' title='bbox 1020 1753 1080 1798; x_wconf 89' lang='lat' dir='ltr'>nou</span> 
     </span>
     <span class='ocr_line' id='line_1_18' title="bbox 114 1819 1081 1905; baseline 0.001 -20"><span class='ocrx_word' id='word_1_127' title='bbox 114 1829 213 1905; x_wconf 87' lang='lat' dir='ltr'>potest</span> <span class='ocrx_word' id='word_1_128' title='bbox 226 1821 350 1902; x_wconf 76' lang='lat' dir='ltr'>intelligi</span> <span class='ocrx_word' id='word_1_129' title='bbox 366 1819 424 1882; x_wconf 91' lang='lat' dir='ltr'>nisi</span> <span class='ocrx_word' id='word_1_130' title='bbox 441 1819 529 1901; x_wconf 87' lang='lat' dir='ltr'>plena</span> <span class='ocrx_word' id='word_1_131' title='bbox 543 1826 672 1901; x_wconf 87' lang='lat' dir='ltr'>potestas</span> <span class='ocrx_word' id='word_1_132' title='bbox 690 1823 778 1884; x_wconf 91' lang='lat' dir='ltr'>Petro</span> <span class='ocrx_word' id='word_1_133' title='bbox 790 1823 897 1885; x_wconf 85' lang='lat' dir='ltr'>tradita</span> <span class='ocrx_word' id='word_1_134' title='bbox 910 1821 1037 1885; x_wconf 85' lang='lat' dir='ltr'>faciendi</span> <span class='ocrx_word' id='word_1_135' title='bbox 1051 1824 1081 1888; x_wconf 91' lang='lat' dir='ltr'>in</span> 
     </span>
     <span class='ocr_line' id='line_1_19' title="bbox 113 1907 1078 1993; baseline 0.001 -19"><span class='ocrx_word' id='word_1_136' title='bbox 113 1912 246 1974; x_wconf 70' lang='lat' dir='ltr'>Ecclesia</span> <span class='ocrx_word' id='word_1_137' title='bbox 264 1909 411 1992; x_wconf 84' lang='lat' dir='ltr'>quidquid</span> <span class='ocrx_word' id='word_1_138' title='bbox 425 1909 497 1972; x_wconf 86' lang='lat' dir='ltr'>utile</span> <span class='ocrx_word' id='word_1_139' title='bbox 508 1907 671 1987; x_wconf 77' lang='lat' dir='ltr'>iudicabit;</span> <span class='ocrx_word' id='word_1_140' title='bbox 687 1910 740 1974; x_wconf 86' lang='lat' dir='ltr'>sed</span> <span class='ocrx_word' id='word_1_141' title='bbox 753 1911 819 1973; x_wconf 87' lang='lat' dir='ltr'>talis</span> <span class='ocrx_word' id='word_1_142' title='bbox 833 1917 962 1993; x_wconf 87' lang='lat' dir='ltr'>potestas</span> <span class='ocrx_word' id='word_1_143' title='bbox 983 1913 1078 1975; x_wconf 84' lang='lat' dir='ltr'>mani·</span> 
     </span>
    </p>
   </div>
   <div class='ocr_carea' id='block_1_3' title="bbox 6 1989 1079 2076">
    <p class='ocr_par' dir='ltr' id='par_1_4' title="bbox 6 1989 1079 2076">
     <span class='ocr_line' id='line_1_20' title="bbox 6 1989 1079 2076; baseline 0.001 -13"><span class='ocrx_word' id='word_1_144' title='bbox 6 1989 15 2006; x_wconf 85' lang='lat'>&#39;</span> <span class='ocrx_word' id='word_1_145' title='bbox 111 1997 1079 2076; x_wconf 75' lang='lat' dir='ltr'>lesteincluditPrimatumjurisdictionisincamdemEcolesiam.</span> 
     </span>
    </p>
   </div>
   <div class='ocr_carea' id='block_1_4' title="bbox 112 2092 1085 3077">
    <p class='ocr_par' dir='ltr' id='par_1_5' title="bbox 114 2092 282 2170">
     <span class='ocr_line' id='line_1_21' title="bbox 114 2092 282 2170; baseline -0.012 -19"><span class='ocrx_word' id='word_1_146' title='bbox 114 2092 209 2170; x_wconf 77' lang='lat' dir='ltr'>Ergo,</span> <span class='ocrx_word' id='word_1_147' title='bbox 226 2093 282 2150; x_wconf 90' lang='lat' dir='ltr'>etc.</span> 
     </span>
    </p>

    <p class='ocr_par' dir='ltr' id='par_1_6' title="bbox 114 2183 1080 2448">
     <span class='ocr_line' id='line_1_22' title="bbox 152 2183 1080 2268; baseline 0 -19"><span class='ocrx_word' id='word_1_148' title='bbox 152 2187 273 2268; x_wconf 79' lang='lat' dir='ltr'>Legitur</span> <span class='ocrx_word' id='word_1_149' title='bbox 294 2186 417 2264; x_wconf 84' lang='lat' dir='ltr'>insuper</span> <span class='ocrx_word' id='word_1_150' title='bbox 437 2201 485 2263; x_wconf 84' lang='lat' dir='ltr'>ap.</span> <span class='ocrx_word' id='word_1_151' title='bbox 509 2183 540 2243; x_wconf 89' lang='lat' dir='ltr'>S.</span> <span class='ocrx_word' id='word_1_152' title='bbox 563 2183 712 2244; x_wconf 82' lang='lat' dir='ltr'>loannem</span> <span class='ocrx_word' id='word_1_153' title='bbox 733 2186 776 2261; x_wconf 82' lang='lat' dir='ltr'>(c.</span> <span class='ocrx_word' id='word_1_154' title='bbox 794 2187 847 2262; x_wconf 76' lang='lat' dir='ltr'>al,</span> <span class='ocrx_word' id='word_1_155' title='bbox 863 2203 890 2246; x_wconf 77' lang='lat' dir='ltr'>v,</span> <span class='ocrx_word' id='word_1_156' title='bbox 910 2187 947 2247; x_wconf 77' lang='lat' dir='ltr'>la</span> <span class='ocrx_word' id='word_1_157' title='bbox 969 2191 999 2248; x_wconf 89' lang='lat' dir='ltr'>et</span> <span class='ocrx_word' id='word_1_158' title='bbox 1013 2189 1080 2266; x_wconf 78' lang='grc' dir='ltr'>Π).</span> 
     </span>
     <span class='ocr_line' id='line_1_23' title="bbox 117 2269 1080 2366; baseline 0 -30"><span class='ocrx_word' id='word_1_159' title='bbox 117 2299 133 2336; x_wconf 86' lang='grc' dir='ltr'><strong>ι</strong></span> <span class='ocrx_word' id='word_1_160' title='bbox 153 2273 393 2339; x_wconf 86' lang='lat' dir='ltr'>Simonloannis</span> <span class='ocrx_word' id='word_1_161' title='bbox 397 2269 746 2366; x_wconf 82' lang='lat' dir='ltr'>,diligismeplushisl..</span> <span class='ocrx_word' id='word_1_162' title='bbox 757 2275 1080 2354; x_wconf 80' lang='lat' dir='ltr'>Pasccagnnsmeos..</span> 
     </span>
     <span class='ocr_line' id='line_1_24' title="bbox 114 2381 472 2448; baseline -0.011 -23"><span class='ocrx_word' id='word_1_163' title='bbox 114 2385 244 2448; x_wconf 74' lang='lat' dir='ltr'>»pasce</span> <span class='ocrx_word' id='word_1_164' title='bbox 257 2381 326 2428; x_wconf 89' lang='lat' dir='ltr'>oves</span> <span class='ocrx_word' id='word_1_165' title='bbox 341 2381 435 2424; x_wconf 88' lang='lat' dir='ltr'>meas.</span> <span class='ocrx_word' id='word_1_166' title='bbox 457 2383 472 2420; x_wconf 82' lang='grc' dir='ltr'>ι)</span> 
     </span>
    </p>

    <p class='ocr_par' dir='ltr' id='par_1_7' title="bbox 112 2458 1085 3077">
     <span class='ocr_line' id='line_1_25' title="bbox 153 2458 1085 2544; baseline -0.003 -19"><span class='ocrx_word' id='word_1_167' title='bbox 153 2466 211 2525; x_wconf 88' lang='lat' dir='ltr'>Per</span> <span class='ocrx_word' id='word_1_168' title='bbox 224 2481 313 2544; x_wconf 81' lang='lat' dir='ltr'>opnor</span> <span class='ocrx_word' id='word_1_169' title='bbox 326 2480 389 2522; x_wconf 86' lang='lat' dir='ltr'>suos</span> <span class='ocrx_word' id='word_1_170' title='bbox 402 2465 432 2521; x_wconf 88' lang='lat' dir='ltr'>ct</span> <span class='ocrx_word' id='word_1_171' title='bbox 445 2477 509 2520; x_wconf 85' lang='lat' dir='ltr'>caea</span> <span class='ocrx_word' id='word_1_172' title='bbox 521 2476 606 2532; x_wconf 78' lang='lat' dir='ltr'>suus,</span> <span class='ocrx_word' id='word_1_173' title='bbox 622 2460 703 2520; x_wconf 78' lang='lat' dir='ltr'>certe</span> <span class='ocrx_word' id='word_1_174' title='bbox 718 2458 850 2521; x_wconf 85' lang='lat' dir='ltr'>Christus</span> <span class='ocrx_word' id='word_1_175' title='bbox 865 2477 926 2522; x_wconf 90' lang='lat' dir='ltr'>nou</span> <span class='ocrx_word' id='word_1_176' title='bbox 941 2459 1085 2522; x_wconf 82' lang='lat' dir='ltr'>intellexit</span> 
     </span>
     <span class='ocr_line' id='line_1_26' title="bbox 114 2545 1083 2630; baseline -0.003 -15"><span class='ocrx_word' id='word_1_177' title='bbox 114 2551 171 2615; x_wconf 91' lang='lat' dir='ltr'>nisi</span> <span class='ocrx_word' id='word_1_178' title='bbox 190 2569 260 2614; x_wconf 92' lang='lat' dir='ltr'>suos</span> <span class='ocrx_word' id='word_1_179' title='bbox 274 2550 377 2612; x_wconf 80' lang='lat' dir='ltr'>fideles</span> <span class='ocrx_word' id='word_1_180' title='bbox 397 2549 449 2630; x_wconf 88' lang='lat' dir='ltr'>qui</span> <span class='ocrx_word' id='word_1_181' title='bbox 469 2546 546 2609; x_wconf 87' lang='lat' dir='ltr'>ovile</span> <span class='ocrx_word' id='word_1_182' title='bbox 562 2545 723 2610; x_wconf 80' lang='lat' dir='ltr'>Ecclesiae&#39;</span> <span class='ocrx_word' id='word_1_183' title='bbox 716 2567 842 2630; x_wconf 78' lang='lat' dir='ltr'>ingrcssi</span> <span class='ocrx_word' id='word_1_184' title='bbox 834 2548 929 2609; x_wconf 87' lang='lat' dir='ltr'>vel</span> <span class='ocrx_word' id='word_1_185' title='bbox 922 2549 1083 2628; x_wconf 77' lang='lat' dir='ltr'>ingressuri</span> 
     </span>
     <span class='ocr_line' id='line_1_27' title="bbox 112 2635 1085 2722; baseline -0.004 -18"><span class='ocrx_word' id='word_1_186' title='bbox 112 2647 192 2706; x_wconf 89' lang='lat' dir='ltr'>sunt.</span> <span class='ocrx_word' id='word_1_187' title='bbox 211 2643 290 2722; x_wconf 79' lang='lat' dir='ltr'>Ergo</span> <span class='ocrx_word' id='word_1_188' title='bbox 308 2639 443 2702; x_wconf 85' lang='lat' dir='ltr'>Christus</span> <span class='ocrx_word' id='word_1_189' title='bbox 465 2636 616 2700; x_wconf 89' lang='lat' dir='ltr'>commisit</span> <span class='ocrx_word' id='word_1_190' title='bbox 628 2637 716 2700; x_wconf 89' lang='lat' dir='ltr'>Petro</span> <span class='ocrx_word' id='word_1_191' title='bbox 730 2655 834 2700; x_wconf 88' lang='lat' dir='ltr'>curam</span> <span class='ocrx_word' id='word_1_192' title='bbox 858 2635 999 2718; x_wconf 85' lang='lat' dir='ltr'>pascendi</span> <span class='ocrx_word' id='word_1_193' title='bbox 1013 2636 1085 2700; x_wconf 87' lang='lat' dir='ltr'>iido-</span> 
     </span>
     <span class='ocr_line' id='line_1_28' title="bbox 113 2724 1084 2811; baseline -0.002 -19"><span class='ocrx_word' id='word_1_194' title='bbox 113 2731 157 2794; x_wconf 87' lang='lat' dir='ltr'>les</span> <span class='ocrx_word' id='word_1_195' title='bbox 171 2749 252 2807; x_wconf 90' lang='lat' dir='ltr'>suos,</span> <span class='ocrx_word' id='word_1_196' title='bbox 268 2727 434 2811; x_wconf 80' lang='lat' dir='ltr'>etquidem</span> <span class='ocrx_word' id='word_1_197' title='bbox 448 2743 554 2789; x_wconf 86' lang='lat' dir='ltr'>omnes</span> <span class='ocrx_word' id='word_1_198' title='bbox 568 2724 632 2787; x_wconf 75' lang='lat' dir='ltr'>sinc</span> <span class='ocrx_word' id='word_1_199' title='bbox 648 2727 844 2800; x_wconf 82' lang='lat' dir='ltr'>restrictione,</span> <span class='ocrx_word' id='word_1_200' title='bbox 861 2725 972 2808; x_wconf 84' lang='lat' dir='ltr'>quippe</span> <span class='ocrx_word' id='word_1_201' title='bbox 985 2727 1084 2790; x_wconf 90' lang='lat' dir='ltr'>nullus</span> 
     </span>
     <span class='ocr_line' id='line_1_29' title="bbox 112 2813 1085 2901; baseline -0.005 -17"><span class='ocrx_word' id='word_1_202' title='bbox 112 2820 251 2901; x_wconf 83' lang='lat' dir='ltr'>excopit¹</span> <span class='ocrx_word' id='word_1_203' title='bbox 270 2839 277 2879; x_wconf 75' lang='grc' dir='ltr'><strong>ι</strong></span> <span class='ocrx_word' id='word_1_204' title='bbox 302 2817 354 2880; x_wconf 88' lang='lat' dir='ltr'>sed</span> <span class='ocrx_word' id='word_1_205' title='bbox 375 2816 508 2880; x_wconf 85' lang='lat' dir='ltr'>cilicium</span> <span class='ocrx_word' id='word_1_206' title='bbox 527 2814 670 2896; x_wconf 86' lang='lat' dir='ltr'>pascendi</span> <span class='ocrx_word' id='word_1_207' title='bbox 688 2833 795 2877; x_wconf 88' lang='lat' dir='ltr'>omnes</span> <span class='ocrx_word' id='word_1_208' title='bbox 812 2813 915 2876; x_wconf 86' lang='lat' dir='ltr'>fideles</span> <span class='ocrx_word' id='word_1_209' title='bbox 939 2815 1004 2877; x_wconf 78' lang='lat' dir='ltr'>sinc</span> <span class='ocrx_word' id='word_1_210' title='bbox 1023 2817 1085 2879; x_wconf 77' lang='lat' dir='ltr'>ullu</span> 
     </span>
     <span class='ocr_line' id='line_1_30' title="bbox 112 2901 1085 2990; baseline -0.004 -18"><span class='ocrx_word' id='word_1_211' title='bbox 112 2909 310 2990; x_wconf 84' lang='lat' dir='ltr'>exceptione,</span> <span class='ocrx_word' id='word_1_212' title='bbox 327 2906 484 2970; x_wconf 74' lang='lat' dir='ltr'>manileste</span> <span class='ocrx_word' id='word_1_213' title='bbox 504 2901 629 2966; x_wconf 89' lang='lat' dir='ltr'>includit</span> <span class='ocrx_word' id='word_1_214' title='bbox 646 2904 764 2986; x_wconf 87' lang='lat' dir='ltr'>plenam</span> <span class='ocrx_word' id='word_1_215' title='bbox 783 2905 1008 2976; x_wconf 86' lang='lat' dir='ltr'>auctoritatem,</span> <span class='ocrx_word' id='word_1_216' title='bbox 1030 2923 1085 2968; x_wconf 91' lang='lat' dir='ltr'>seu</span> 
     </span>
     <span class='ocr_line' id='line_1_31' title="bbox 113 2993 1083 3077; baseline -0.004 -17"><span class='ocrx_word' id='word_1_217' title='bbox 113 2999 276 3060; x_wconf 82' lang='lat' dir='ltr'>Primatum</span> <span class='ocrx_word' id='word_1_218' title='bbox 292 2996 508 3077; x_wconf 86' lang='lat' dir='ltr'>jurisdictionis</span> <span class='ocrx_word' id='word_1_219' title='bbox 522 2997 554 3058; x_wconf 92' lang='lat' dir='ltr'>in</span> <span class='ocrx_word' id='word_1_220' title='bbox 572 2993 768 3060; x_wconf 85' lang='lat' dir='ltr'>universalem</span> <span class='ocrx_word' id='word_1_221' title='bbox 783 2993 955 3056; x_wconf 85' lang='lat' dir='ltr'>Ecclesiam</span> <span class='ocrx_word' id='word_1_222' title='bbox 974 2995 1083 3076; x_wconf 79' lang='lat' dir='ltr'>Ergoir</span> 
     </span>
    </p>
   </div>
   <div class='ocr_carea' id='block_1_5' title="bbox 7 3082 1080 3169">
    <p class='ocr_par' dir='ltr' id='par_1_8' title="bbox 7 3082 1080 3169">
     <span class='ocr_line' id='line_1_32' title="bbox 7 3082 1080 3169; baseline -0.005 -18"><span class='ocrx_word' id='word_1_223' title='bbox 7 3095 18 3118; x_wconf 85' lang='lat'><em>&#39;</em></span> <span class='ocrx_word' id='word_1_224' title='bbox 113 3087 229 3150; x_wconf 78' lang='lat' dir='ltr'>Christo</span> <span class='ocrx_word' id='word_1_225' title='bbox 240 3088 466 3169; x_wconf 84' lang='lat' dir='ltr'>Petrusacceprt</span> <span class='ocrx_word' id='word_1_226' title='bbox 475 3093 650 3169; x_wconf 85' lang='lat' dir='ltr'>potestatem</span> <span class='ocrx_word' id='word_1_227' title='bbox 660 3101 691 3145; x_wconf 91' lang='lat' dir='ltr'>m</span> <span class='ocrx_word' id='word_1_228' title='bbox 701 3082 899 3144; x_wconf 79' lang='lat' dir='ltr'>universalem</span> <span class='ocrx_word' id='word_1_229' title='bbox 909 3083 1080 3146; x_wconf 80' lang='lat' dir='ltr'>Ecclesiam</span> 
     </span>
    </p>
   </div>
   <div class='ocr_carea' id='block_1_6' title="bbox 114 3171 1084 3346">
    <p class='ocr_par' dir='ltr' id='par_1_9' title="bbox 114 3171 1084 3346">
     <span class='ocr_line' id='line_1_33' title="bbox 115 3171 1084 3272; baseline -0.002 -34"><span class='ocrx_word' id='word_1_230' title='bbox 115 3179 195 3258; x_wconf 80' lang='lat' dir='ltr'>Ergo</span> <span class='ocrx_word' id='word_1_231' title='bbox 214 3193 249 3238; x_wconf 86' lang='lat' dir='ltr'>cx</span> <span class='ocrx_word' id='word_1_232' title='bbox 272 3177 426 3259; x_wconf 75' lang='lat' dir='ltr'>Scriptura</span> <span class='ocrx_word' id='word_1_233' title='bbox 445 3181 563 3238; x_wconf 84' lang='lat' dir='ltr'>constat</span> <span class='ocrx_word' id='word_1_234' title='bbox 576 3175 741 3236; x_wconf 84' lang='lat' dir='ltr'>Primatum</span> <span class='ocrx_word' id='word_1_235' title='bbox 758 3171 973 3252; x_wconf 81' lang='lat' dir='ltr'>jurisdictionis</span> <span class='ocrx_word' id='word_1_236' title='bbox 995 3171 1084 3272; x_wconf 87' lang='lat' dir='ltr'>luisse</span> 
     </span>
     <span class='ocr_line' id='line_1_34' title="bbox 114 3263 622 3346; baseline -0.006 -19"><span class='ocrx_word' id='word_1_237' title='bbox 114 3266 221 3328; x_wconf 90' lang='lat' dir='ltr'>datum</span> <span class='ocrx_word' id='word_1_238' title='bbox 230 3266 319 3327; x_wconf 90' lang='lat' dir='ltr'>Petro</span> <span class='ocrx_word' id='word_1_239' title='bbox 332 3283 387 3346; x_wconf 92' lang='lat' dir='ltr'>pro</span> <span class='ocrx_word' id='word_1_240' title='bbox 400 3267 463 3324; x_wconf 82' lang='lat' dir='ltr'>tott</span> <span class='ocrx_word' id='word_1_241' title='bbox 476 3263 622 3326; x_wconf 78' lang='lat' dir='ltr'>Ecclesia</span> 
     </span>
    </p>
   </div>
   <div class='ocr_carea' id='block_1_7' title="bbox 104 3429 1086 3788">
    <p class='ocr_par' dir='ltr' id='par_1_10' title="bbox 114 3429 1086 3788">
     <span class='ocr_line' id='line_1_35' title="bbox 146 3429 1085 3499; baseline -0.008 -9.785"><span class='ocrx_word' id='word_1_242' title='bbox 146 3439 267 3489; x_wconf 82' lang='lat' dir='ltr'>Proeter</span> <span class='ocrx_word' id='word_1_243' title='bbox 279 3449 354 3499; x_wconf 76' lang='lat' dir='ltr'>opnor</span> <span class='ocrx_word' id='word_1_244' title='bbox 367 3441 390 3486; x_wconf 86' lang='lat' dir='ltr'>cl</span> <span class='ocrx_word' id='word_1_245' title='bbox 402 3449 458 3486; x_wconf 75' lang='lat' dir='ltr'>oues</span> <span class='ocrx_word' id='word_1_246' title='bbox 467 3433 492 3484; x_wconf 91' lang='lat' dir='ltr'>in</span> <span class='ocrx_word' id='word_1_247' title='bbox 505 3431 614 3484; x_wconf 78' lang='lat' dir='ltr'>Ecclesil</span> <span class='ocrx_word' id='word_1_248' title='bbox 626 3431 687 3483; x_wconf 88' lang='lat' dir='ltr'>nihil</span> <span class='ocrx_word' id='word_1_249' title='bbox 699 3438 745 3494; x_wconf 82' lang='lat' dir='ltr'>cat,</span> <span class='ocrx_word' id='word_1_250' title='bbox 754 3430 833 3499; x_wconf 87' lang='lat' dir='ltr'>inquit</span> <span class='ocrx_word' id='word_1_251' title='bbox 844 3431 870 3483; x_wconf 80' lang='lat' dir='ltr'>S.</span> <span class='ocrx_word' id='word_1_252' title='bbox 882 3431 978 3483; x_wconf 74' lang='lat' dir='ltr'>{tucher</span> <span class='ocrx_word' id='word_1_253' title='bbox 991 3429 1085 3496; x_wconf 78' lang='lat' dir='ltr'>(Sorano</span> 
     </span>
     <span class='ocr_line' id='line_1_36' title="bbox 114 3502 1086 3571; baseline -0.01 -10"><span class='ocrx_word' id='word_1_254' title='bbox 114 3509 170 3563; x_wconf 73' lang='lat' dir='ltr'>aaa.</span> <span class='ocrx_word' id='word_1_255' title='bbox 188 3508 255 3560; x_wconf 82' lang='lat' dir='ltr'>Petri</span> <span class='ocrx_word' id='word_1_256' title='bbox 270 3511 293 3558; x_wconf 84' lang='lat' dir='ltr'>el</span> <span class='ocrx_word' id='word_1_257' title='bbox 315 3507 431 3571; x_wconf 66' lang='lat' dir='ltr'>Potitiis</span> <span class='ocrx_word' id='word_1_258' title='bbox 420 3503 549 3556; x_wconf 69' lang='lat' dir='ltr'>c&#39;ceua</span> <span class='ocrx_word' id='word_1_259' title='bbox 573 3503 670 3566; x_wconf 84' lang='lat' dir='ltr'>Piorre,</span> <span class='ocrx_word' id='word_1_260' title='bbox 693 3503 773 3569; x_wconf 86' lang='lat' dir='ltr'>inquit</span> <span class='ocrx_word' id='word_1_261' title='bbox 791 3503 949 3560; x_wconf 84' lang='lat' dir='ltr'>llossuetius,</span> <span class='ocrx_word' id='word_1_262' title='bbox 971 3502 1029 3568; x_wconf 81' lang='lat' dir='ltr'>qu&#39;il</span> <span class='ocrx_word' id='word_1_263' title='bbox 1049 3509 1086 3552; x_wconf 84' lang='lat' dir='ltr'>cst</span> 
     </span>
     <span class='ocr_line' id='line_1_37' title="bbox 104 3573 1084 3643; baseline -0.009 -12.633"><span class='ocrx_word' id='word_1_264' title='bbox 104 3579 259 3637; x_wconf 74' lang='grc' dir='ltr'><strong>ιοιάοηιιέ</strong></span> <span class='ocrx_word' id='word_1_265' title='bbox 272 3579 302 3629; x_wconf 85' lang='lat' dir='ltr'>de</span> <span class='ocrx_word' id='word_1_266' title='bbox 315 3581 389 3643; x_wconf 88' lang='lat' dir='ltr'>paltre</span> <span class='ocrx_word' id='word_1_267' title='bbox 398 3583 422 3627; x_wconf 91' lang='lat' dir='ltr'>et</span> <span class='ocrx_word' id='word_1_268' title='bbox 434 3575 464 3627; x_wconf 84' lang='lat' dir='ltr'>tle</span> <span class='ocrx_word' id='word_1_269' title='bbox 476 3591 613 3642; x_wconf 72' lang='lat' dir='ltr'>gourcrner</span> <span class='ocrx_word' id='word_1_270' title='bbox 623 3583 648 3626; x_wconf 87' lang='lat' dir='ltr'>et</span> <span class='ocrx_word' id='word_1_271' title='bbox 657 3575 694 3625; x_wconf 89' lang='lat' dir='ltr'>les</span> <span class='ocrx_word' id='word_1_272' title='bbox 703 3589 813 3640; x_wconf 73' lang='lat' dir='ltr'>agneaux</span> <span class='ocrx_word' id='word_1_273' title='bbox 826 3581 849 3623; x_wconf 83' lang='lat' dir='ltr'>el</span> <span class='ocrx_word' id='word_1_274' title='bbox 861 3573 896 3624; x_wconf 82' lang='lat' dir='ltr'>los</span> <span class='ocrx_word' id='word_1_275' title='bbox 907 3573 1004 3632; x_wconf 84' lang='lat' dir='ltr'>brebis,</span> <span class='ocrx_word' id='word_1_276' title='bbox 1015 3579 1039 3622; x_wconf 82' lang='lat' dir='ltr'>el</span> <span class='ocrx_word' id='word_1_277' title='bbox 1050 3573 1084 3623; x_wconf 82' lang='lat' dir='ltr'>les</span> 
     </span>
     <span class='ocr_line' id='line_1_38' title="bbox 116 3643 1086 3718; baseline -0.007 -16.777"><span class='ocrx_word' id='word_1_278' title='bbox 116 3643 219 3718; x_wconf 76' lang='lat' dir='ltr'>»petila</span> <span class='ocrx_word' id='word_1_279' title='bbox 240 3656 265 3700; x_wconf 86' lang='lat' dir='ltr'>et</span> <span class='ocrx_word' id='word_1_280' title='bbox 287 3650 321 3700; x_wconf 87' lang='lat' dir='ltr'>les</span> <span class='ocrx_word' id='word_1_281' title='bbox 340 3651 430 3709; x_wconf 75' lang='lat' dir='ltr'>meres,</span> <span class='ocrx_word' id='word_1_282' title='bbox 452 3653 475 3699; x_wconf 85' lang='lat' dir='ltr'>el</span> <span class='ocrx_word' id='word_1_283' title='bbox 493 3647 527 3698; x_wconf 82' lang='lat' dir='ltr'>les</span> <span class='ocrx_word' id='word_1_284' title='bbox 545 3653 715 3713; x_wconf 83' lang='lat' dir='ltr'>pasteursr</span> <span class='ocrx_word' id='word_1_285' title='bbox 669 3649 763 3696; x_wconf 57' lang='lat' dir='ltr'>memus</span> <span class='ocrx_word' id='word_1_286' title='bbox 782 3651 892 3710; x_wconf 85' lang='lat' dir='ltr'>pasteurs</span> <span class='ocrx_word' id='word_1_287' title='bbox 910 3643 1028 3706; x_wconf 66' lang='lat' dir='ltr'>liegard</span> <span class='ocrx_word' id='word_1_288' title='bbox 1043 3643 1086 3694; x_wconf 79' lang='lat' dir='ltr'>dee</span> 
     </span>
     <span class='ocr_line' id='line_1_39' title="bbox 118 3685 992 3788; baseline -0.013 -14.663"><span class='ocrx_word' id='word_1_289' title='bbox 118 3721 256 3788; x_wconf 81' lang='lat' dir='ltr'>·pauplua,</span> <span class='ocrx_word' id='word_1_290' title='bbox 268 3727 293 3772; x_wconf 87' lang='lat' dir='ltr'>at</span> <span class='ocrx_word' id='word_1_291' title='bbox 302 3720 382 3771; x_wconf 86' lang='lat' dir='ltr'>brebis</span> <span class='ocrx_word' id='word_1_292' title='bbox 394 3719 407 3770; x_wconf 78' lang='lat' dir='ltr'>l</span> <span class='ocrx_word' id='word_1_293' title='bbox 420 3685 513 3784; x_wconf 69' lang='lat' dir='ltr'>i’tpard</span> <span class='ocrx_word' id='word_1_294' title='bbox 525 3718 556 3770; x_wconf 88' lang='lat' dir='ltr'>de</span> <span class='ocrx_word' id='word_1_295' title='bbox 570 3718 686 3769; x_wconf 78' lang='lat' dir='ltr'>Piens.-</span> <span class='ocrx_word' id='word_1_296' title='bbox 704 3716 817 3778; x_wconf 85' lang='lat' dir='ltr'>(Sermcu</span> <span class='ocrx_word' id='word_1_297' title='bbox 833 3728 877 3763; x_wconf 83' lang='lat' dir='ltr'>rur</span> <span class='ocrx_word' id='word_1_298' title='bbox 890 3712 992 3764; x_wconf 61' lang='lat' dir='ltr'>Punici</span> 
     </span>
    </p>
   </div>
   <div class='ocr_carea' id='block_1_8' title="bbox 0 0 1299 4008">
    <p class='ocr_par' dir='ltr' id='par_1_11' title="bbox 0 0 1299 4008">
     <span class='ocr_line' id='line_1_40' title="bbox 0 0 1299 4008; baseline 0 0"><span class='ocrx_word' id='word_1_299' title='bbox 0 0 1299 4008; x_wconf 95' lang='lat' dir='ltr'> </span> 
     </span>
    </p>
   </div>
  </div>
 </body>
</html>
