2496 3992
398 270 483 320 cuna
503 272 623 319 ramus.
930 254 986 315 715

45 410 59 444 s
69 393 174 448 lraelato,
187 389 226 439 oui
241 386 378 450 subiacent,
388 387 510 437 obtinere.
517 387 625 447 Utraque
636 387 719 435 antem
729 381 855 433 concessio
860 383 886 432 in
896 381 986 446 prinei-

44 467 83 528 pio
96 466 131 514 rel
144 466 167 512 iu
177 461 225 510 llne
235 460 317 523 operis
329 459 494 522 imprimatur.

74 537 110 585 dl.
126 534 149 582 Si
177 536 266 582 ductor
283 533 365 580 llomao
393 531 487 592 degens
501 529 591 577 librom
605 541 655 576 nou
668 525 693 576 in
709 526 781 587 Urba,
797 525 841 575 sed
864 526 923 575 alibi
938 527 987 575 im-

44 608 143 670 primere
155 605 221 658 velit,
237 607 324 664 praeter
340 603 540 663 approbationem
552 597 690 649 Garliualis
701 597 772 647 Urbis
790 596 880 656 llicaril
894 602 919 648 ct
933 599 987 648 lla-

42 676 107 742 gistri
123 674 186 726 Sacri
198 673 285 723 Palatii
295 671 438 736 Apostolici,
454 671 501 720 alia
518 683 567 721 nou
581 668 723 732 requiritur.

74 831 151 881 Carus
161 827 193 878 ll.
209 853 238 866 -
254 827 288 879 ils
299 838 431 877 censorum
444 793 530 888 ostric
543 824 569 873 tn
580 823 675 892 presto
690 821 815 873 librorum
825 821 955 877 neemias.

74 971 111 1021 38.
128 971 218 1020 (iurent
230 967 352 1030 Episcopi,
365 980 470 1030 quorum
488 963 597 1014 muneris
613 970 651 1013 est
661 962 800 1013 facultatem
812 963 888 1014 libros
899 964 988 1026 impri-

42 1043 124 1096 mendi
142 1043 285 1102 concedere,
302 1045 330 1090 ut
346 1040 382 1088 eis
395 1037 566 1088 examinandis
590 1041 708 1097 spectata
722 1035 820 1096 pietatis
834 1041 859 1084 et
873 1037 988 1086 doctrine

42 1119 107 1166 viros
118 1113 260 1170 adhibeant,
273 1113 303 1160 de
315 1124 418 1174 quorum
435 1109 484 1157 lide
505 1115 529 1156 et
543 1107 688 1170 integritate
702 1107 749 1156 sibi
765 1106 873 1167 polliceri
888 1112 986 1171 queant,

42 1189 104 1239 nitut
117 1199 158 1234 eos
171 1187 257 1248 gratiae
270 1183 381 1240 daturos,
394 1180 460 1230 nibil
473 1179 538 1238 calio,
550 1179 594 1227 sed
610 1178 678 1227 omni
693 1180 803 1228 humano
822 1179 910 1228 affectu
921 1184 987 1242 post-

43 1257 136 1318 babilo,
159 1254 202 1304 liei
215 1255 341 1304 dumtaxat
358 1253 461 1317 gloriam
478 1252 633 1313 spectaturos
653 1253 679 1300 et
690 1248 770 1300 tidelis
792 1251 875 1313 popull
899 1251 988 1300 utilita-

42 1335 99 1378 tem.

73 1400 110 1450 39.
124 1400 156 1448 De
180 1394 252 1446 uariis
279 1394 437 1457 opinionibus
461 1397 534 1456 atque
551 1391 680 1442 sententiis
705 1389 783 1454 (juxta
799 1391 926 1442 benedicti
936 1393 988 1441 xlv

41 1468 200 1534 praeceptum)
224 1467 334 1516 animoa
359 1466 510 1530 prejudiciis
528 1466 644 1514 omnibus
666 1477 752 1524 vacuo,
764 1462 924 1526 judicandum
939 1465 988 1514 sibi

40 1559 95 1593 esse
106 1554 218 1591 censores
227 1539 313 1588 sciant.
323 1538 409 1600 ltaque
418 1537 531 1595 nationis,
539 1535 753 1594 {emitteresne
763 1535 988 1585 institutieilectum

40 1615 174 1672 excutiant,
198 1609 281 1659 studia
304 1611 413 1672 partium
435 1613 565 1672 reponant,
591 1606 947 1670 Ecclesiaeseuctaedogmata,
964 1613 989 1656 et

40 1696 199 1736 communem
223 1681 400 1732 catholicorum
419 1682 562 1740 doctrinam,
587 1692 641 1741 quae
658 1677 824 1729 Gouciliorum
837 1678 988 1743 generalium

41 1757 154 1816 decretis,
177 1755 343 1802 Romanorum
368 1751 514 1802 Pontificum
530 1751 756 1814 Constitutionibus,
770 1759 843 1817 atquc
857 1753 987 1802 Doctorum

40 1842 160 1876 censensu
174 1824 340 1884 continentur,
351 1824 424 1872 unice
436 1837 488 1886 prae
499 1823 578 1872 oculis
592 1824 711 1873 babeant.

70 1899 110 1948 tu.
123 1897 244 1947 absoluto
256 1899 381 1952 examine,
396 1896 417 1944 si
435 1895 497 1944 nibil
513 1894 671 1958 publicationi
684 1895 740 1944 libri
751 1897 847 1946 obstare
856 1895 987 1958 videbitur,

40 1969 192 2028 Ordinarius,
207 1967 347 2028 inscriptis
364 1972 388 2014 et
405 1966 602 2029 omniparentis,
620 1967 686 2015 illius
702 1967 840 2029 publicandi
854 1967 987 2029 licentiam,

38 2043 65 2092 in
82 2039 203 2104 principio
218 2039 257 2087 uel
270 2038 296 2086 iu
306 2035 357 2087 ssus
368 2037 448 2098 operis
463 2037 659 2099 imprimendam,
671 2039 765 2087 auctori
775 2039 896 2089 concedat

148 2179 228 2230 (idrus
243 2179 284 2228 lll.
296 2203 325 2215 -
340 2176 458 2228 Delibris
470 2181 572 2241 praecise
587 2192 697 2229 censurae
709 2180 880 2243 subjiciendis.

69 2321 210 2369 ll.0mnes
236 2319 321 2367 tileles
348 2321 463 2368 tenentur
489 2318 587 2381 praevise
613 2333 722 2368 censurae
746 2321 923 2372 ecclesiasticae
947 2338 989 2374 nos

36 2394 123 2440 sarltem
138 2389 260 2452 subjicere
275 2389 352 2437 libros
366 2389 409 2451 qui
424 2389 521 2438 divinas
537 2389 684 2453 Scripturas,
705 2392 803 2440 Sacram
818 2393 987 2460 theologiam,

38 2461 172 2512 ilistoriam
199 2460 402 2520 eeclesiasticam,
424 2459 469 2510 ius
493 2461 653 2522 canonicum,
669 2461 827 2526 Theolnglam
844 2468 988 2531 naturalem,

36 2533 149 2593 Ethieen,
170 2533 260 2581 aliasve
283 2531 424 2594 hujusmodi
437 2531 566 2595 religiosas
582 2537 624 2582 aut
638 2536 742 2584 bromlee
753 2535 989 2601 disciplinasrespi·

36 2605 115 2662 ciunt,
139 2617 169 2652 ac
193 2603 343 2666 generaliter
356 2603 445 2666 scripta
466 2604 558 2664 omnia,
571 2603 598 2652 iu
613 2604 706 2667 quibos
717 2603 844 2669 religionis
857 2617 881 2657 st
894 2621 989 2659 morum

35 2673 175 2724 honestatis
189 2673 331 2736 specialiter
340 2674 450 2725 intersit.

64 2746 97 2792 db
122 2746 171 2794 l'iri
186 2759 199 2794 c
212 2746 278 2794 clero
305 2745 410 2795 seculari
426 2760 457 2795 ne
470 2747 547 2795 libros
562 2747 679 2812 quidem,
695 2749 736 2812 qui
752 2750 781 2799 de
795 2751 889 2801 artibus
904 2751 989 2802 seien-

33 2817 127 2876 tiisque
152 2830 219 2864 mere
233 2818 387 2866 naturalibus
404 2821 518 2876 tractant,
534 2819 682 2870 inconsultis
697 2819 748 2870 suis
758 2821 896 2872 Ordruariis
906 2825 990 2888 publi-

33 2891 103 2943 cent,
116 2891 144 2935 ut
160 2888 318 2948 obsequentis
332 2887 408 2938 animi
426 2903 483 2953 erga
494 2889 549 2941 illos
565 2892 706 2954 exemplum
719 2895 850 2954 prebeant

66 2959 146 3007 tidem
169 2959 330 3020 probibentur
344 2963 590 3023 quamtumcunque
608 2963 699 3028 praeria
714 2965 898 3016 ordinariorum
910 2967 987 3031 senia,

33 3030 112 3078 diaria
125 3030 163 3078 rel
178 3029 235 3080 talia
250 3031 375 3092 periodica
386 3032 535 3082 moderantia
550 3035 694 3098 suscipiant.

139 3187 221 3234 creor
235 3183 272 3234 il.
284 3211 315 3222 -
328 3186 364 3236 Dc
378 3185 543 3251 typographia
555 3193 579 3238 ct
596 3188 741 3240 datoribus
752 3189 886 3244 librorum.

61 3323 103 3373 dd.
117 3326 204 3375 Nullus
217 3325 281 3376 liber
298 3341 408 3376 censura
424 3327 597 3378 ecclesiastiae
607 3329 732 3392 subjectus
741 3333 886 3394 excudatur,
901 3335 948 3384 nisi
961 3336 987 3386 iu

33 3397 158 3459 principio
179 3413 268 3447 nomen
292 3403 317 3448 et
331 3413 466 3460 cognomen
488 3405 541 3448 tum
555 3403 671 3460 auctoris,
682 3407 734 3452 lum
745 3405 845 3453 editoris
861 3407 987 3469 preferat,

33 3475 113 3520 locum
129 3469 230 3532 insuper
244 3474 270 3519 st
281 3483 373 3520 annum
384 3471 553 3534 impressionis
565 3479 639 3534 atque
649 3473 775 3524 editionis.
787 3477 854 3535 Quod
870 3477 890 3526 si
903 3478 988 3541 aliquo

33 3543 55 3590 lu
80 3553 154 3600 casu,
172 3541 249 3602 justas
273 3542 303 3590 ob
331 3555 425 3602 causas,
451 3555 544 3592 nornen
562 3545 668 3594 auctoris
687 3547 948 3611 tacendumrideatur,
962 3550 988 3600 ist

33 3610 197 3672 permittendi
215 3626 290 3674 penes
302 3613 462 3664 ordinarium
477 3617 583 3676 potestas
596 3615 639 3666 sit.
