2586 3988
461 181 683 230 rrouraouam.
1019 167 1053 226 ar

70 301 145 347 cere
172 299 232 367 pro
248 287 311 346 tota
336 285 462 346 dioeeesl
491 282 724 365 publicationem
749 299 817 364 que
834 279 868 344 fit
885 281 918 344 in
936 281 1059 344 matrice

72 373 132 450 (oe
146 372 222 453 dep.
245 371 298 433 lib.
317 375 352 444 l,
366 390 438 454 cap.
460 375 515 446 l5,
533 379 565 433 n⁰
580 373 622 449 8).
646 372 683 432 Et
701 371 785 450 juxta
799 373 863 432 Van
880 370 981 452 Espcn
1003 390 1059 432 nou

73 459 200 522 dubium
214 459 291 542 quin
305 461 510 542 promulgatio
528 459 646 540 legum,
661 477 730 562 qum
751 458 783 520 lu
801 461 906 520 llomee
923 459 1058 537 lantum,

75 549 235 611 sufficiens
248 549 287 610 sit
295 555 435 631 respectu
449 547 552 631 populi
564 551 690 608 llomanr
703 594 711 622 ‚
724 546 913 627 aliorumque
925 545 1058 625 adjacen-

77 638 156 700 tium
172 637 230 716 (lle
249 635 403 718 Prumulp.
428 653 498 719 pars
519 639 552 707 l,
575 651 643 718 cap.
658 637 696 708 a,
713 633 786 717 §tp
804 635 898 697 Porro
918 651 970 712 per
991 653 1060 716 pro·

77 726 305 807 mulgntionem
341 721 534 788 solummodo
564 722 671 786 tactam
701 723 734 785 in
759 722 893 786 Ecclesia
922 723 1060 804 matrice,

80 813 274 897 impossibile
287 821 349 892 est,
363 819 398 876 ut
415 813 515 875 atatim
534 813 566 874 in
587 811 714 893 singulis
732 814 817 894 pagis
840 812 921 892 leges
938 829 1062 892 eognos-

80 909 202 965 mntur.
219 903 288 965 Non
301 907 347 965 est
359 919 433 983 ergo
448 901 651 964 necessarium
664 907 697 963 ut
711 905 810 962 statlm
825 899 968 962 omnibus
982 899 1062 981 leges

83 997 296 1068 innotescant,
311 989 421 1054 suflicit
435 997 469 1053 ut
481 1007 586 1052 earum
604 989 707 1052 notitia
728 988 765 1051 ad
783 1007 890 1051 omnes
908 990 1063 1070 pervenire

87 1079 189 1160 possit.
205 1079 312 1155 Porro,
327 1097 382 1162 per
395 1077 665 1161 promulgationem
680 1077 871 1140 solummodo
885 1079 989 1140 ltomae
1003 1077 1062 1140 lac·

88 1166 327 1242 tern,adomnes
336 1165 820 1251 pervenirepotestnolitialegum
828 1164 1061 1249 pontificiarum,

88 1263 120 1316 ut
137 1255 232 1339 sup'ra
250 1255 490 1338 demonstratum
512 1261 566 1317 est.
587 1257 696 1316 Nonne
714 1253 986 1318 excommunicatio
1005 1254 1062 1316 lala

87 1349 189 1406 contra
212 1345 458 1426 Napoleoneml,
479 1343 595 1406 etiamsi
614 1345 719 1406 Romae
735 1343 853 1406 lentium
868 1342 1061 1421 denuntiato,

87 1449 155 1494 mox
169 1451 233 1495 non
249 1433 385 1515 peruenit
397 1431 435 1495 ad
450 1433 588 1496 omnium
602 1430 829 1513 cognitionem?
837 1431 934 1512 Ergo,
944 1435 1001 1493 etc.
1056 1465 1059 1470 ·
1075 1461 1086 1472 ·

124 1523 177 1582 ll.
204 1523 354 1593 «Quaerit
369 1527 471 1583 autem
495 1519 665 1602 Sylvius...
685 1537 724 1582 en
743 1519 883 1602 Episcopi
906 1525 1063 1584 teneantur
1116 1575 1121 1584 .

88 1629 103 1666 t
125 1605 334 1691 promulgare,
349 1607 1071 1690 autsatagereutaliiobserventornnia'pontiii·'
1173 1607 1179 1616 '

88 1717 104 1754 ι
125 1697 174 1760 cia
188 1706 299 1760 statuta
310 1697 373 1777 jam
388 1697 491 1760 Romae
506 1697 737 1780 promulgatoris

128 1786 179 1849 Sic
193 1785 375 1869 respondet:
403 1789 538 1849 «Teucri
561 1789 713 1848 curarent
733 1785 928 1849 observentur
941 1788 1063 1868 quando

89 1897 104 1934 ι
127 1873 267 1966 Pontifex
282 1874 432 1956 signifieat
444 1893 477 1938 se
490 1875 564 1937 rollo
578 1873 661 1966 qudd
675 1893 730 1937 sua
743 1875 791 1936 lex
803 1874 917 1957 ubique
932 1875 1059 1957 obliget,

84 1987 104 2020 u
127 1963 221 2025 etiam
243 1961 356 2045 absqrre
380 1963 619 2045 promulgatione
639 1963 708 2026 olibi
727 1962 814 2026 lacte.
837 1965 905 2026 Non
923 1967 1062 2028 tenentur

89 2073 105 2111 ι
127 2059 231 2114 tamon
246 2069 351 2114 curere
362 2059 397 2114 ut
409 2051 639 2135 promulgentur
651 2052 724 2128 nisi,
739 2053 785 2115 vel
799 2051 974 2116 mandatum
986 2073 1060 2136 pon-

90 2163 104 2200 r
127 2141 257 2203 tibcium
271 2140 309 2202 ad
323 2159 376 2203 eos
388 2139 550 2221 dirigatur,
562 2140 607 2202 rel
623 2141 837 2204 rationabiliter
846 2141 982 2221 iudicent
993 2161 1062 2224 pro-

89 2229 348 2310 smulgationem
381 2229 413 2290 in
447 2229 509 2291 suis
542 2229 722 2292 dioecesibus
753 2248 818 2292 esse
850 2231 1060 2295 neeessariam.

88 2339 103 2378 a
126 2318 333 2380 Nihilominus
353 2317 406 2400 qui
424 2317 499 2400 legis
512 2318 650 2380 notitiam
663 2317 775 2379 habent
792 2316 830 2379 ad
846 2335 913 2379 eam
936 2317 1061 2400 obligari

89 2429 103 2465 a
126 2406 278 2480 ridentur,
296 2407 352 2468 nisi
374 2406 423 2468 illa
438 2413 555 2488 recepta
572 2425 633 2468 uon
648 2405 755 2482 luerit,
769 2405 814 2468 vel
830 2424 884 2488 per
898 2423 959 2466 non
974 2425 1062 2470 usum

89 2518 103 2552 a
127 2495 194 2574 eius
218 2493 362 2576 obligatio
375 2493 506 2556 desierit.
523 2495 672 2557 Caelorbm
691 2493 715 2556 si
737 2494 873 2557 Pontifex
888 2511 950 2555 non
969 2495 1061 2577 signi·

91 2606 103 2640 o
128 2581 199 2644 lieet
220 2599 287 2644 csse
309 2599 387 2664 opus
406 2581 464 2644 alit
483 2582 741 2666 promulgatione,
766 2602 864 2666 neque
887 2582 1061 2647 mandatum

89 2693 104 2729 a
126 2669 239 2752 dirigat
250 2670 289 2732 ad
302 2669 487 2748 ordinarios,
503 2671 658 2754 probabile
667 2678 712 2734 est
722 2671 805 2753 quod
814 2673 870 2754 ipsi
884 2691 946 2735 non
960 2681 1062 2738 leucu·

90 2781 104 2818 a
128 2767 178 2821 tur
203 2759 301 2839 legem
323 2760 529 2841 promulgare,
557 2759 604 2822 vel
625 2777 732 2823 curare
755 2767 790 2823 ut
810 2761 983 2825 observetur
1003 2767 1059 2827 uisi

89 2869 104 2906 a
128 2847 261 2910 tructmn
276 2846 450 2926 notabilem,
465 2867 502 2910 ex
514 2848 583 2911 talis
595 2847 671 2931 legis
684 2849 936 2932 promulgatione,
952 2852 984 2913 in
998 2854 1060 2916 suis

90 2959 104 2996 a
127 2935 309 2998 dioecesibus
322 2942 490 3018 expectent.
505 2959 521 2996 a
538 2937 581 3018 (S.
597 2938 719 3019 Lignor.
735 2937 786 3001 lib.
801 2942 831 3002 l.
845 2949 879 3001 ιιο
893 2942 941 3021 96)

127 3027 179 3086 te.
206 3027 379 3086 «Praeterea
389 3023 582 3106 probabiliter
595 3027 809 3104 aiuntSuarez,
825 3028 988 3110 Lapmenn,
999 3037 1057 3110 etc,

89 3127 104 3172 r
127 3112 209 3195 quod
220 3111 302 3194 leges
314 3112 550 3196 pontiliciaequae
563 3114 719 3177 infirmant
728 3116 859 3198 aliquem
872 3124 1059 3184 contractum

90 3224 105 3261 s
127 3205 233 3284 sulptc
243 3201 508 3279 naturaralidum,
523 3205 622 3286 (prout
635 3202 754 3266 lecit...
769 3205 854 3267 Bulla
868 3206 946 3268 PiiV
959 3210 1058 3290 quoad

91 3313 105 3350 a
127 3297 300 3354 contractus
312 3291 478 3370 censuales)
498 3291 544 3354 vel
562 3311 630 3376 quae
639 3292 878 3372 jurisdictionem
899 3295 1056 3377 auserunt,

92 3401 106 3439 r
127 3399 155 3442 r.
171 3400 200 3463 g.
218 3379 250 3442 in
264 3387 454 3442 sacramento
468 3381 705 3444 Poenilentiae....
721 3383 856 3464 Benigne
869 3383 1057 3466 interpretari

94 3489 107 3526 n
128 3485 290 3550 possumus
312 3475 446 3531 mentem
464 3487 529 3532 esse
543 3469 714 3548 Pontificis,
729 3471 812 3553 qnod
826 3471 900 3534 nolit
918 3473 1057 3536 ellectum

95 3571 108 3614 r
128 3555 1055 3641 baberenisipostquamluerintindioecesibuspromulgatae..
