2586 3988
450 187 626 254 curario.
968 181 1022 225 t111

50 325 54 333 ·
99 307 175 376 Ciam
200 309 333 376 tandem
352 307 469 376 merito
485 307 664 374 timendum
681 309 776 374 nobis
793 317 874 382 erat,
893 317 1025 395 propter

63 407 197 465 nostram
224 395 441 485 imperitiam,
459 396 560 484 quod,
586 413 653 461 non
678 397 824 462 obstante
840 397 951 463 nostra
974 397 1027 461 de·

63 486 182 554 votione
195 506 275 573 erga
295 485 487 564 Ecclesiam,
505 482 683 550 solutiones
702 483 784 550 datae
812 481 845 550 in
869 483 1024 572 praesenti

62 571 192 641 llanuali
210 593 278 641 non
302 573 414 640 forent
435 593 564 660 semper
588 570 724 639 omnino
738 570 923 639 conformes
939 571 1026 638 deci·

63 661 201 730 sionibus
217 673 250 730 et
266 662 381 730 sensui
398 658 567 748 ejusdem:
589 661 626 726 ad
642 657 799 747 majorem
822 659 1029 728 securitatem

64 748 147 816 Clero
163 749 286 819 Gallico
305 749 499 829 faciendam,
516 749 549 815 in
564 748 669 815 lucem
683 768 748 816 non
760 748 934 816 debuimus
949 767 1031 834 opus

65 847 205 906 nostrum
225 839 338 916 edere,
368 837 448 926 quin
474 847 568 904 antea
587 835 666 904 illud
691 835 932 924 subjiceremus
951 855 1031 902 era-

65 925 139 992 mini
156 926 188 994 S.
213 927 320 994 Sedis.
344 925 512 993 Desiderio
529 935 641 992 nostro
656 945 716 1013 per
732 925 846 992 Heres.
864 923 899 992 P.
919 923 1031 992 laodel

66 1013 247 1098 Magistrum
270 1013 460 1083 Generalem
481 1012 770 1081 Dominicanorum
798 1012 859 1101 ipsi
875 1013 1032 1094 exhibito,

67 1101 280 1187 dignatusest
309 1103 349 1170 R.
377 1101 471 1170 Pater
487 1101 541 1169 ¹lle
564 1101 700 1169 llodena
726 1101 930 1170 secretarius
948 1098 1032 1169 Con·

68 1210 149 1274 greg.
167 1191 312 1274 Indicio,
336 1191 557 1277 acquiescere,
585 1200 616 1257 et
640 1211 713 1257 cum
734 1189 951 1277 superiorum
974 1211 1033 1278 ap·
1100 1235 1105 1244 ·

69 1279 266 1363 probatione,
281 1277 445 1366 judicium
467 1279 611 1346 duorum
632 1278 891 1347 examinatorum
913 1278 1033 1365 quilius

70 1385 189 1522 etathtnen
210 1368 321 1434 nostri
335 1367 446 1456 operis
460 1365 687 1450 commiserat,
704 1365 917 1455 sequentibus
931 1365 1037 1432 uerbis

71 1473 104 1520 no
128 1455 154 1523 is
167 1455 309 1524 tradidit
325 1476 334 1522 :

108 1565 121 1608 r
145 1541 932 1644 Avendoilsott⁰,oonSuperioreapprovezione,
948 1563 1037 1611 com·
1150 1549 1154 1556 ’

72 1654 84 1693 r
106 1652 209 1701 messe
230 1633 263 1700 ai
299 1633 363 1700 due
383 1631 579 1700 chiarissrmi
601 1630 781 1700 Professori
800 1631 843 1700 lle
871 1633 1001 1720 Angelis
1022 1653 1038 1698 e

72 1740 82 1780 t
106 1719 441 1789 Roncettil’esamedi
453 1719 547 1787 unll.
560 1719 591 1791 S.
605 1719 930 1788 intitolatolluuuule
942 1721 1038 1787 totius

73 1831 84 1870 ι
101 1807 189 1896 juris
203 1810 368 1892 cononici,
396 1819 564 1897 composto
584 1807 635 1874 dal
656 1808 717 1896 sig.
743 1808 892 1877 Graissen
916 1809 969 1896 gia
984 1809 1036 1874 lli-

75 1898 194 1965 ‹eario
220 1896 324 1967 cente
353 1897 386 1964 di
409 1897 546 1964 llalenza
570 1897 603 1963 in
622 1895 770 1979 Francia,
801 1918 841 1964 ne
869 1907 1036 1965 trasmette

74 1985 152 2052 ‹all'
181 1997 314 2054 auttore
339 1986 362 2052 il
384 1985 518 2054 relativo
548 2004 664 2072 parere
692 1979 732 2052 tiu
758 1987 924 2053 ralersene
947 2005 1039 2053 como

75 2096 86 2136 ‹
109 2075 230 2162 meglio
246 2073 382 2142 credera
397 2075 448 2142 nel
462 2074 540 2140 dare
557 2075 589 2139 in
603 2075 675 2140 luce
691 2074 774 2141 cotal
795 2095 854 2143 suo
874 2075 995 2144 lavoro.

112 2233 127 2271 ι
152 2208 310 2288 ttineru,
328 2207 444 2286 Roma,
465 2203 512 2274 ta
527 2206 640 2294 Luglio
658 2205 756 2274 1869.

103 2347 191 2410 thom
204 2345 303 2415 sigim.)

306 2482 321 2525 r
347 2459 385 2532 F.
398 2461 520 2550 Angelo
534 2459 694 2532 llincenzo
712 2461 863 2548 llonsun,
881 2485 914 2534 nr
939 2463 1038 2534 Paeo.

352 2599 363 2629 ο
381 2581 523 2648 Segestano
536 2584 601 2634 della
614 2583 640 2636 S.
652 2585 774 2653 Congreg.
789 2587 847 2638 dell.
857 2587 948 2638 lodice.
969 2587 997 2634 ι·

76 2795 85 2850 ²
114 2698 167 2768 Sic
187 2708 298 2769 autem
319 2721 353 2770 se
366 2701 636 2791 habetjadicium
652 2704 864 2794 praelatorum
885 2705 1047 2774 exaroina·

85 2807 181 2856 orum
202 2809 211 2856 ε

103 2972 195 3046 ‘Quod
243 2973 303 3024 llice
316 2973 448 3044 tenditur:
465 2993 475 3022 ι
489 2975 523 3026 Le
542 2975 675 3041 soussigne
686 2983 758 3043 ayant
770 2976 857 3037 confle,
870 2992 928 3028 areo
941 2976 1048 3047 l¹appr07

76 3053 85 3080 ι
103 3034 188 3086 batnon
203 2987 417 3112 gilsuplneurs,
435 3051 484 3087 oux
501 3037 565 3088 deux
581 3041 716 3109 excellente
728 3040 879 3102 orolesseurs
901 3041 931 3089 de
949 3039 1050 3110 Angelis

76 3112 86 3138 ι
104 3103 128 3146 et
139 3096 268 3170 lloncettt,
284 3098 405 3148 lexamcn
427 3098 486 3148 d'un
502 3107 638 3150 manuscrit
655 3100 752 3174 intitul&
763 3103 878 3174 Manuale
901 3103 973 3176 totius
985 3103 1049 3163 turis

76 3159 386 3293 11111111,
405 3159 1051 3296 111111,’11111111

79 3297 87 3324 ι
107 3289 301 3341 enmtnatsurs,
316 3281 365 3332 alin
377 3283 436 3347 qu'rl
448 3285 500 3334 s'en
513 3285 625 3336 cerreda
642 3288 664 3336 la
679 3289 787 3338 mansere
800 3288 860 3352 qu’il
875 3287 954 3338 croire
965 3285 988 3337 le
997 3287 1052 3352 plut

78 3359 89 3385 ι
106 3342 260 3394 conreuable
277 3344 340 3394 deus
357 3343 380 3393 lo
408 3345 544 3396 oblication
554 3347 618 3459 {mil
633 3349 683 3402 lert
695 3349 727 3402 (1ο
737 3363 783 3400 son
795 3364 912 3414 ouvrage.

107 3423 120 3452 ο
137 3405 257 3466 linens,
274 3403 361 3468 Rome,
415 3406 497 3472 juillet
508 3409 553 3460 186
571 3446 577 3460 .

564 3513 574 3541 ι
594 3495 957 3558 rememorationem,

82 3586 95 3620 ι
111 3573 248 3626 Del'llrtlre
260 3575 305 3626 du
319 3575 364 3628 llll.
373 3573 519 3634 Prichanrt.
532 3581 667 3632 secretales
676 3582 737 3633 eota
749 3584 872 3648 congreg.
887 3584 917 3634 de
929 3581 1053 3632 ttnoox.»
