2588 3994
198 277 255 340 tlt
415 292 554 340 annonas
573 293 674 339 rorrus
694 292 777 338 rums
797 291 945 338 canonici.

197 411 213 451 r
237 389 290 450 tim
306 435 312 462 ‚
328 390 398 452 clrm
419 388 457 450 sit
477 385 685 464 manifestum,
702 388 732 450 in
751 405 875 450 omnem
888 387 1025 465 ltaliam,
1041 386 1174 466 Gallias,

198 501 213 538 r
239 479 409 559 Hispanias,
439 477 570 539 Africam
598 477 862 558 sequestratam,
887 477 1066 560 Insulasque
1093 477 1177 558 adja-

199 590 214 627 ι
238 574 358 643 centes,
374 566 493 629 nullum
508 566 671 629 instituisse
684 565 851 643 Ecclesias,
866 565 922 630 nisi
933 585 985 629 eos
996 585 1074 648 quos
1083 586 1178 628 vene·

200 678 215 716 ι)
240 655 340 718 rabilis
354 658 478 732 Petrus,
497 661 550 719 aut
564 662 630 736 ejus
643 673 833 719 successores
847 655 1069 720 constituerunt
1081 673 1180 718 sacer·

200 768 215 805 r
239 745 335 808 dotes.
351 767 367 804 r
385 748 421 806 V.
439 745 555 822 Devoti,
572 745 622 807 lib.
641 749 669 820 1,
686 744 729 807 tit.
746 747 873 821 5,seot.
891 745 990 826 t,§5.
1007 743 1057 809 Sic
1071 763 1182 808 omnes

202 833 294 898 Sedes
307 833 522 897 Patriarehalcs
532 836 549 895 a
558 835 667 897 Sancta
683 832 760 896 Sede
773 833 943 896 constitutae
953 831 1038 898 luere
1051 853 1057 894 :
1072 832 1180 894 cNilril

202 949 216 984 o
243 923 430 988 Alexandriae
445 923 533 1003 Sedi,
550 923 705 1005 inquiebat
719 924 749 985 S.
765 925 827 986 Leo
840 923 953 1005 (Epist.
973 925 1030 985 lot
1043 921 1084 984 od
1101 924 1181 984 Ano-

203 1039 216 1072 »
243 1013 310 1090 tol,
337 1032 365 1076 c.
393 1015 441 1091 5),
470 1013 536 1092 eJus
563 1029 656 1094 quam
678 1032 733 1095 per
746 1013 777 1076 S.
803 1015 941 1075 Marcum
959 1011 1183 1094 Evangelistam

203 1127 218 1160 n
244 1103 277 1164 B.
296 1101 375 1164 Petri
389 1101 572 1184 discipulum
588 1101 714 1180 meruit,
730 1107 833 1184 pereat
855 1101 1057 1184 dignitatis...
1077 1100 1183 1162 Antio·

203 1217 218 1251 n
243 1189 340 1254 cheno
357 1209 480 1274 quoqne
499 1191 654 1266 Ecclesia,
679 1191 711 1252 in
739 1195 799 1274 qut
824 1191 978 1274 primbm,
1000 1188 1184 1272 praedicante

204 1303 218 1340 a
244 1282 334 1343 Beato
351 1281 493 1363 Apostoto
507 1281 596 1344 Petro
607 1281 825 1356 ,Christianum
841 1299 953 1344 nomen
968 1285 1107 1342 exortum
1117 1283 1183 1356 est,
1282 1313 1283 1350 ;

204 1393 219 1430 n
243 1369 274 1432 in
289 1375 420 1452 paternae
440 1369 662 1434 constitutionis
680 1369 783 1433 ordine
797 1375 985 1452 perseveret,
1002 1375 1034 1432 et
1048 1369 1078 1430 in
1095 1369 1186 1432 tertio
1282 1395 1283 1424 1

204 1483 219 1520 n
243 1458 687 1543 producollocata,nunquan1
708 1479 740 1522 se
755 1459 807 1522 irat
825 1459 957 1522 interior.
974 1481 989 1519 a
1007 1457 1111 1538 (Trod.
1136 1455 1185 1520 des
1282 1499 1283 1542 ,

204 1549 356 1630 Eriperes,
371 1555 394 1612 t.
418 1553 446 1626 l,
464 1569 494 1631 p.
511 1553 550 1624 5,
575 1550 645 1626 eto.)
670 1547 773 1620 Quoad
789 1549 955 1611 Ecclesiam
977 1545 1187 1610 Constantino-

206 1639 385 1720 politanam:
402 1643 437 1700 ut
457 1637 659 1718 patriarchalis
673 1637 846 1714 haberetur,
866 1637 1071 1700 necessarium
1089 1637 1185 1698 duxe-

206 1733 278 1788 runt
291 1725 393 1788 Patres
406 1727 529 1788 Concilii
550 1725 801 1788 Chalcedonensis
815 1726 946 1789 scribere
962 1725 1000 1788 ad
1015 1727 1046 1788 S.
1063 1725 1187 1787 Pontitl-

206 1833 272 1878 cem
288 1816 318 1877 S.
335 1817 466 1877 Leonem
477 1863 485 1892 ,
497 1815 550 1896 qui
565 1821 665 1877 tamen
687 1815 785 1878 noluit
797 1821 831 1877 ut
848 1816 939 1876 talem
954 1832 1140 1897 agnoscere,
1156 1823 1188 1877 ct

206 1906 309 1966 revera
336 1903 402 1966 talis
433 1922 494 1966 non
522 1903 577 1966 luit
605 1904 775 1986 recognita,
803 1903 860 1966 nisi
896 1911 1032 1986 tempore
1062 1903 1187 1966 Concilii

207 1995 342 2055 lateran.
367 1995 406 2056 lv
421 1991 459 2054 ab
472 1993 647 2056 Innocentio
662 1996 699 2055 lll
711 1992 812 2076 (ibid,
834 2011 864 2074 p.
881 1995 992 2072 auat).
1011 1991 1085 2053 Vide
1095 1992 1187 2054 etiam
1281 2011 1282 2040 1

207 2085 242 2143 D.
259 2083 371 2158 Bouix,
387 2081 421 2144 de
434 2082 596 2164 Episcopo,
613 2091 635 2144 t.
651 2087 681 2159 1,
697 2103 728 2164 p.
744 2085 814 2144 tao.
831 2083 899 2144 Non
912 2081 982 2144 inde
996 2087 1099 2144 tamen
1114 2080 1161 2143 inf
1176 2119 1189 2130 -

206 2171 336 2233 rendum
361 2177 406 2232 est
428 2171 530 2253 quod,
547 2171 637 2234 etiam
660 2171 765 2253 primis
778 2170 922 2234 Ecclesia
937 2170 1074 2246 saeculis,
1094 2170 1187 2234 Sedes

208 2259 399 2342 Episcopales
412 2259 523 2322 luerint
537 2279 657 2342 semper
671 2259 844 2322 immediate
859 2260 1032 2322 institutaed
1050 2261 1188 2323 Romano

207 2349 371 2427 Pontilico;
389 2369 459 2412 nam
473 2398 480 2426 ‚
496 2349 595 2431 inquit
607 2348 694 2412 Gard.
711 2349 822 2431 Soglia,
834 2368 871 2412 ex
885 2349 981 2411 Natali
994 2348 1185 2410 Alexandro:

210 2461 226 2498 o
242 2439 287 2500 Ab
310 2439 502 2502 incunabulis
522 2438 664 2501 Ecclesiae
678 2437 716 2500 ad
731 2437 876 2501 saeculum
891 2440 931 2500 VI
943 2438 1011 2501 novi
1026 2437 1187 2518 erigeban-

206 2551 222 2590 ι)
246 2535 296 2592 tur
319 2529 510 2610 episcopatus
524 2530 539 2588 a
555 2527 678 2610 synodis
693 2527 949 2609 provincialibus,
979 2527 1188 2590 consentiente
1280 2529 1281 2608 J

206 2640 222 2677 r
247 2617 492 2698 Metropolitano.
515 2615 683 2697 postulante
711 2617 862 2698 Episcopo
885 2615 931 2678 vel
959 2625 1133 2692 annuente,
1149 2616 1189 2678 ad

207 2707 334 2785 »cnjus
372 2705 528 2767 dioecesim
562 2705 733 2786 pertinebat
766 2705 901 2768 Ecclesia
933 2705 965 2768 in
1004 2709 1065 2786 qut
1095 2703 1189 2768 Sedes

207 2819 222 2856 u
247 2795 426 2878 episcopalis
449 2793 662 2856 collocabatur.
685 2793 718 2856 ld
731 2812 768 2856 ex
783 2813 900 2858 canone
914 2795 1039 2858 Concilii
1055 2798 1092 2856 l5
1109 2793 1188 2856 Atri-

206 2909 222 2946 r
246 2884 314 2946 cani
336 2890 525 2964 compertum
547 2886 611 2960 est,
640 2889 730 2945 etex
753 2883 831 2946 lacto
850 2886 881 2945 S.
907 2883 1086 2965 Augustini,
1115 2885 1184 2966 qui,

207 2997 222 3034 n
247 2971 416 3036 Fussalensi
437 2971 582 3049 Castello,
606 2971 740 3036 millibus
758 2977 799 3035 10
818 2973 856 3035 ab
872 2974 1013 3056 Hippone
1032 2973 1185 3052 sejuncto,

207 3087 222 3124 u
246 3063 431 3146 Episcopum
439 3061 571 3124 ordinari
583 3063 863 3124 curavitaPrimate
877 3062 1038 3138 Numidiae,
1050 3063 1188 3126 llomano

207 3177 222 3212 n
247 3149 392 3214 Pontilice
403 3151 590 3230 inconsulto,
603 3158 637 3215 ut
650 3157 813 3214 constater
829 3151 923 3234 ipsius
937 3151 1096 3234 Augustini
1112 3153 1190 3233 epis·

208 3266 222 3302 n
247 3241 307 3304 tola
321 3243 392 3301 261.
408 3261 423 3299 n
442 3241 527 3318 (last.
544 3241 613 3302 Jor.
627 3240 726 3323 pull„
745 3261 776 3322 p.
795 3243 881 3319 abib:
897 3243 934 3302 Et
948 3243 1050 3302 revera
1062 3241 1096 3301 P.
1112 3241 1189 3304 Tho·

209 3331 358 3394 nrassinus
378 3329 468 3390 sentit
488 3347 559 3392 cum
588 3331 684 3392 Natali
716 3329 905 3392 Alexandro:
931 3351 946 3391 e
967 3329 1102 3392 lilarr'me
1120 3330 1190 3393 ente

208 3445 222 3480 a
246 3419 380 3482 seculum
393 3425 509 3480 sectum
527 3439 583 3480 non
596 3439 709 3501 semper
722 3420 870 3482 accessisse
888 3419 1016 3482 Rorooai
1035 3419 1189 3502 Pontificio
1279 3417 1280 3420 ’

209 3535 223 3568 n
248 3527 415 3591 repressum
429 3525 612 3571 eonsensum
634 3508 666 3570 in
685 3527 832 3572 novorum
846 3509 1084 3592 Episcopatuum
1103 3527 1188 3572 erec-

97 3665 102 3674 ,
209 3623 224 3659 r
248 3601 340 3661 tione.
363 3597 408 3659 De
421 3617 486 3658 noo.
509 3603 538 3657 et
552 3603 608 3657 vet.
624 3595 757 3678 discipl,
773 3615 842 3679 pars
858 3603 886 3676 l,
902 3597 924 3660 l.
940 3601 970 3674 1,
985 3615 1014 3661 o.
1030 3600 1082 3662 51.
1098 3619 1113 3658 a

249 3697 317 3768 333,
342 3697 484 3770 Poterant
499 3711 571 3784 ergo
593 3692 661 3755 novi
682 3693 883 3788 Episcopatus
896 3694 992 3770 creari
1013 3695 1186 3774 aconciliir
