2496 3992
437 177 524 234 him
542 171 658 226 mlii&

460 430 584 486 CAPUT
601 425 652 474 ts.

174 641 215 692 os
239 632 352 685 norim
373 617 538 678 ronrsrrcrs
557 599 735 662 irriserunt
752 559 941 648 uecrsrenro'.

543 752 635 807 ,quem
655 732 782 786 Romanus
801 715 1041 786 Pontilextenqoem

108 776 165 841 lpso
178 775 261 823 autern
278 756 418 827 Apostolico
436 749 540 818 primatu

580 825 608 864 or
626 809 651 858 in
665 803 805 854 unirersarn
827 783 961 864 Ecclesiam
974 778 1042 830 ohtr-

79 846 144 901 Pctri
162 839 278 910 principis
291 829 464 896 Apostolorum
478 829 578 872 success

80 923 139 978 net,
162 920 299 978 supremam
322 913 422 970 quoque
445 885 578 957 magisterii
602 881 747 947 potestatem
772 853 968 928 comprehendi,
992 847 1045 898 hreo

81 991 169 1041 Sancte
188 980 266 1034 Sedes
288 985 385 1038 semper
407 962 495 1023 tenuit,
518 959 650 1026 perpetuus
671 938 787 998 Ecclesiae
807 945 869 986 usus
891 917 1045 988 comprobet,

83 1068 189 1134 ipsaque
197 1055 349 1115 oecumenico
362 1043 480 1102 concilia,
496 1054 525 1091 ee
537 1029 666 1099 imprimis,
676 1027 702 1076 io
715 1019 804 1087 quibus
814 1011 901 1067 Oriens
911 1017 969 1057 curo
978 995 1047 1052 Occi·

84 1141 157 1192 dente
175 1135 200 1186 in
228 1129 285 1182 hdei
311 1117 487 1181 charitatisque
509 1107 628 1160 urionem
649 1092 753 1151 conveni

86 1213 169 1262 Patres
189 1203 252 1256 euim
273 1192 375 1250 concilii
393 1170 659 1243 Conrmtinopoliteni
677 1161 775 1234 quarti,

88 1277 240 1333 inhaerendo,
253 1271 317 1322 heac
329 1265 465 1318 solemnem
481 1251 615 1306 ediderunt
627 1235 806 1309 professionem
817 1244 825 1278 ε
836 1224 916 1276 Prima
926 1215 980 1296 selu

88 1358 161 1404 rectu
178 1345 234 1397 liclei
246 1340 356 1407 regulam
369 1330 501 1386 custodire.
514 1323 545 1376 Et
555 1317 612 1386 quie
631 1327 682 1364 non
695 1311 775 1375 potest
792 1295 890 1354 homiui
900 1295 980 1344 nostri
992 1284 1053 1336 teau

90 1418 178 1476 Christi
194 1409 344 1482 praetermitti
363 1399 484 1456 sententie
504 1389 608 1446 dicentis
625 1401 634 1438 r
652 1382 691 1434 ‘lu
709 1393 735 1431 es
748 1375 845 1428 Petrus,
858 1373 884 1418 et
900 1373 973 1426 super
989 1355 1053 1406 hene

92 1499 185 1560 petrem
206 1480 334 1536 udilicaho
354 1472 490 1529 Ecclesiam
509 1476 590 1517 mrem
610 1461 628 1520 ¹,
643 1455 705 1513 hese,
722 1461 777 1516 qun
793 1442 857 1494 dicte
876 1437 951 1492 suot,
971 1435 1053 1479 rerum

94 1562 228 1630 probantur
245 1550 380 1606 erectione.
393 1544 450 1612 quie
465 1543 490 1592 in
502 1537 566 1590 Sede
578 1523 717 1597 Apostolics
729 1510 886 1570 immaculate
901 1509 939 1557 set
958 1507 1054 1562 semper

95 1631 214 1686 catholice
227 1629 347 1678 reservata
359 1617 453 1681 religio,
466 1617 491 1662 et
502 1611 586 1661 sancte
601 1597 724 1652 celebrate
735 1584 854 1641 doctrine.
868 1580 903 1630 ab
915 1573 988 1638 liuius
997 1580 1056 1630 argo

96 1706 144 1756 ttoe
157 1708 182 1752 et
200 1696 309 1750 doctrine
323 1687 428 1756 seperari
441 1681 541 1734 minime
554 1673 691 1738 cupientes,
702 1669 840 1728 speramus,
852 1657 879 1701 ul
889 1649 915 1700 iu
926 1659 975 1696 une
987 1655 1058 1694 coru·

488 1749 551 1802 olica
564 1741 689 1810 predicat,
702 1747 755 1786 esse
765 1736 912 1782 mercemur,
924 1719 949 1768 iu
963 1729 1011 1782 qus
1022 1715 1059 1763 est

98 1774 223 1830 missione,
237 1781 310 1835 qnam
324 1761 401 1813 Sedes
414 1760 487 1822 lpost

99 1847 194 1907 integra
213 1846 238 1889 et
261 1851 316 1887 rere
337 1829 480 1885 Christiane
501 1815 629 1884 religionis
652 1803 764 1860 soliditas
779 1803 799 1850 '.
822 1790 980 1857 spproosnre
1002 1797 1060 1835 vero

99 1908 258 1979 lugdunensi
272 1904 382 1958 Concilio
395 1896 515 1951 secundo,
532 1887 608 1942 Graeci
622 1874 725 1950 prolessi
745 1877 804 1925 sunt
818 1885 825 1920 ι
838 1867 952 1917 Sanctam
968 1857 1061 1908 Rorna-

101 2003 156 2039 nam
179 1978 310 2035 Ecclesiam
325 1984 448 2024 sumntum
461 1972 485 2016 et
497 1965 596 2028 plenons
615 1953 746 2019 primulum
763 1949 788 1995 et
808 1939 971 2008 principatum
989 1940 1063 1992 super

101 2059 239 2110 universam
254 2047 386 2100 Ecclesium
403 2035 548 2090 catholicam
561 2025 682 2079 obtinere,
701 2029 775 2084 quem
794 2027 821 2061 ee
834 2009 864 2059 eb
878 2007 932 2068 ipso
950 2002 1062 2056 homino,

95 2124 121 2172 in
138 2125 210 2172 Beato
225 2122 294 2168 Petro
305 2111 478 2179 Apostolorum
494 2095 666 2165 principesire
676 2087 779 2144 vertice,
791 2081 860 2142 cujus
869 2077 995 2126 Romanus
1008 2071 1069 2117 Pon-

95 2195 156 2244 tilcx
172 2200 209 2242 est
225 2199 361 2242 successor,
383 2193 439 2230 cum
454 2169 584 2238 potestatis
599 2159 754 2230 plenitudine
774 2150 897 2212 recepisse
910 2140 1031 2192 veraciter
1047 2139 1071 2184 ct

96 2266 225 2314 humiliter
245 2253 414 2323 recr·ignoscit;
436 2251 462 2298 et
479 2246 542 2294 sicut
560 2251 610 2303 prae
630 2231 726 2285 caetcris
747 2228 844 2276 tenetur
865 2215 922 2267 lidei
943 2211 1071 2262 veritatem

97 2335 234 2391 defendere,
258 2331 293 2379 sic
312 2333 346 2382 et,
369 2324 389 2372 si
409 2333 464 2384 ques
484 2317 516 2366 de
537 2313 586 2364 lldc
607 2307 715 2358 suhortae
737 2295 828 2348 luerint
848 2285 1008 2356 questiones,
1026 2291 1073 2329 suo

653 2373 761 2435 denique
785 2363 917 2416 concilium
936 2349 1074 2405 delriririt:

97 2410 189 2458 dchcnt
207 2403 302 2467 judicio
325 2393 433 2447 deliniri.
459 2384 628 2438 Florentinum

659 2444 792 2501 licerium,
812 2435 937 2495 totiusque
957 2421 1075 2478 Ecclesiae

98 2477 241 2528 Pontillcem
267 2475 414 2524 Romanum,
436 2473 520 2511 verum
546 2451 637 2506 Christi

98 2555 173 2612 repant
196 2557 221 2596 et
244 2543 354 2595 omnium
371 2533 565 2588 Gliristionorum
588 2525 683 2586 petrem
706 2529 735 2566 uc
758 2513 884 2561 doctorum
906 2499 1030 2556 existera;
1053 2496 1079 2542 et

99 2622 145 2685 ipsi
157 2621 182 2668 in
197 2619 272 2667 liceto
284 2614 356 2664 Petro
366 2605 492 2673 pascendi.
502 2597 605 2664 regendi
615 2607 644 2643 ec
656 2582 808 2657 gubernandi
818 2573 984 2630 universatem
995 2566 1078 2616 Eccle-

99 2693 171 2748 siam.
186 2705 201 2739 s
214 2687 314 2737 ltomino
326 2680 481 2740 nostrolesu
496 2671 592 2723 Christo
603 2667 701 2732 plenem
712 2657 860 2724 potestatem
872 2646 987 2699 hodium
996 2652 1050 2690 esse
1058 2637 1079 2687 ³.

132 2762 194 2811 lluic
210 2757 326 2824 pastorali
338 2751 435 2802 muneri
452 2753 477 2796 ut
494 2739 677 2794 satisfacerent,
693 2731 890 2784 praedecessores
907 2714 990 2770 Nostri
1006 2712 1081 2761 inde-

101 2837 189 2888 fessam
205 2843 301 2891 semper
315 2837 416 2888 operam
430 2820 562 2872 dederunt,
588 2815 616 2860 ut
634 2805 750 2857 sotularis
774 2796 865 2850 Christi
890 2789 1001 2842 doctrina
1015 2781 1082 2847 opud

110 2913 199 2952 vorienes
211 2902 282 2944 terres
301 2886 406 2954 populos
420 2881 606 2947 propagaretur,
628 2879 729 2935 parique
747 2874 806 2914 cura
818 2861 961 2922 vigilarunt,
979 2855 1016 2911 ut,
1032 2847 1076 2899 uhi

116 2977 211 3034 recepte
233 2968 310 3019 esset,
331 2958 426 3010 sincera
444 2957 469 3003 et
485 2961 544 3016 pure
565 2943 761 2995 conservaretur.
776 2929 895 2992 Quocirca
915 2924 991 2976 totius
1010 2919 1077 2972 orbis

115 3039 240 3094 hntistites
254 3047 319 3085 nunc
340 3025 440 3093 singuli,
460 3035 527 3074 nunc
544 3017 569 3068 in
585 3009 690 3079 Synorlis
704 3001 857 3071 congregati,
879 2998 978 3062 longum
992 2990 1079 3043 Eccle-

116 3115 207 3164 siarum
228 3100 433 3158 correcretulinem
445 3096 465 3156 ⁴,
484 3097 509 3144 et
526 3089 633 3153 uotique
649 3079 741 3146 repulse
760 3075 864 3126 formem
877 3071 1008 3135 sequentes
1019 3067 1038 3125 ⁸,
1051 3075 1078 3113 es

144 3289 167 3394 ἑ.
178 3275 464 3390 ἕέιίῗτιιῖιῖὶιιὲῐιὶοτωὶιᾱυ
477 3329 545 3383 Papo.
557 3329 617 3382 prout
636 3321 662 3365 eb
677 3314 778 3361 llaclricno
788 3313 807 3358 ll
820 3310 914 3355 l‘strihus
922 3303 1006 3352 eorrctltt
1022 3303 1084 3349 ittae·

120 3410 193 3459 meoicl
201 3407 257 3458 tlttt,
268 3392 484 3450 corretrmtmpotttsnt
494 3391 529 3440 lll,
539 3386 674 3444 prepositure
682 3381 709 3427 eh
717 3378 788 3426 ttsorro
798 3373 911 3428 estsutprs
919 3374 961 3417 ert.

146 3474 167 3518 8.
182 3471 213 3516 Gi.
225 3471 284 3514 trun.
299 3470 345 3509 xxt.
356 3457 428 3502 tstt.

148 3539 168 3580 t.
183 3536 207 3582 s.
221 3531 268 3586 Ger.
279 3527 337 3570 Ales.
347 3521 372 3567 nt
383 3521 405 3564 S.
419 3515 506 3561 rulers.
515 3511 540 3556 P.

150 3602 169 3641 s.
180 3597 202 3642 S.
213 3595 283 3639 innoc.
296 3589 312 3633 l.
323 3585 349 3630 sd
361 3583 424 3630 conr.
433 3577 505 3624 Carth.
518 3580 540 3620 et
548 3571 635 3620 tllteetr.
