2574 3994
517 211 603 259 unm
623 196 776 273 eninm?
805 220 832 230 ’ν
1063 197 1124 257 toa

144 333 159 367 ι
178 307 247 388 jur.
261 307 355 390 prin,
370 307 457 387 537),
468 313 501 370 ut
514 306 567 387 qui
577 307 719 368 Ecclesire
730 305 906 369 utilissimus
917 307 981 370 lore
994 306 1122 386 videtur,

144 419 160 454 s
184 395 712 477 ob...canonicnmixnpedimentnm
721 395 791 476 eligi
807 401 946 476 nequeat,
962 405 1035 458 tunc
1049 397 1125 459 elee-

144 485 300 547 »toribus
329 483 598 546 extraordinarium
627 482 802 564 praesidium
822 483 927 561 datur,
952 484 1043 547 modd
1066 504 1123 548 nu-

145 597 161 634 o
186 592 288 636 merus
298 572 514 655 postulantium
524 570 618 654 dupld
631 569 755 634 excedat
769 589 932 634 numerum
946 573 1124 654 eligentium

144 685 160 721 n
187 665 265 744 (cap.
285 667 326 726 tc
340 661 375 724 de
395 659 517 739 steca),
535 660 680 723 nimirum
695 660 891 743 postulatio...
909 662 1026 742 Duplex
1039 669 1123 726 est...

36 785 38 788 ·
146 775 163 812 o
187 751 314 834 simplex
327 755 357 813 et
369 749 516 812 solennis.

187 863 201 897 s
226 839 366 921 Simplex
381 846 425 901 est
439 839 542 921 petitio
561 838 641 920 apud
656 839 844 920 superiorem
858 845 892 901 ut
909 840 1078 902 consentiat
1093 842 1126 902 in

146 953 162 988 s
187 929 367 991 electionem
381 928 507 1009 ejusqui
523 945 586 990 susa
599 928 735 1010 potestati
751 927 873 1000 subest,
887 927 968 990 xelnt
981 928 1006 990 si
1021 945 1126 992 mona·

147 1041 163 1077 x
188 1017 278 1080 clumt
293 1017 404 1098 eligere
417 1015 501 1094 velia
516 1034 593 1098 opus
606 1023 651 1078 est
664 1015 750 1078 venit
760 1016 806 1078 sni
822 1015 964 1078 Abbatis:
979 1035 1048 1099 quae
1062 1018 1126 1098 qni·

147 1131 163 1164 x
189 1105 259 1166 rtrrn
281 1124 341 1166 non
360 1124 428 1168 tera
449 1111 479 1168 et
499 1106 619 1186 propria
638 1111 683 1166 est
705 1104 883 1186 postulatio,
903 1103 977 1168 dum
1000 1125 1127 1188 persona

148 1217 164 1252 n
191 1194 246 1256 lioe
257 1194 347 1256 niodo
357 1193 535 1276 postulanda
545 1193 784 1256 nulloennonico
794 1193 1012 1275 impedimento
1026 1202 1127 1258 tenea·

147 1306 164 1341 x
192 1289 240 1346 tur
254 1283 418 1364 quominus
432 1283 500 1364 eligi
514 1283 617 1364 possit.

191 1375 261 1433 us.
285 1395 300 1429 x
324 1371 468 1434 Solemnis
482 1379 511 1433 et
528 1389 598 1433 vera
611 1372 771 1454 postulatio
785 1380 849 1449 est,
865 1372 972 1435 duint
990 1375 1129 1438 Romano

149 1485 166 1520 s
193 1461 337 1522 Porxtidce
352 1461 478 1541 petitur,
499 1467 531 1522 ut
545 1479 581 1522 ex
601 1460 788 1541 indulgentitt
807 1467 837 1523 et
858 1461 1080 1543 dispensatione
1096 1464 1128 1527 in

151 1573 166 1608 s
193 1551 374 1630 Episcopum
387 1557 519 1612 assumat
533 1549 584 1630 qui
600 1569 654 1632 per
668 1568 800 1612 canones
810 1550 878 1629 eligi
896 1551 1038 1633 nequit...
1051 1553 1128 1615 Satis

151 1661 166 1695 s
194 1638 367 1718 intelligitur
386 1637 637 1720 impedimentum
655 1638 721 1717 ejus
741 1640 860 1719 generis
883 1657 948 1702 esse
969 1647 1125 1722 oportere,

151 1749 167 1784 s
193 1726 521 1807 supercinctorium
543 1725 718 1808 dispensare
741 1729 834 1809 possit
848 1733 878 1790 ct
895 1727 1007 1806 soleat,
1031 1729 1130 1810 qualis

152 1835 167 1872 s
192 1823 237 1876 est
258 1814 392 1877 detectus
416 1816 586 1892 natalium,
617 1815 731 1893 atatis,
756 1817 892 1893 ordinis,
922 1816 1066 1880 libertatis
1089 1819 1129 1882 ob

152 1924 167 1958 ι
191 1904 345 1966 uinculum
360 1903 513 1982 spirituale
527 1921 596 1966 cum
608 1905 665 1966 alid
679 1903 805 1966 eeclesit
818 1912 847 1967 et
860 1905 1064 1984 hujusmodi.»

197 2014 212 2047 r
235 1998 300 2054 ton
315 1993 428 2066 solum,
446 1991 544 2073 inquit
557 1991 750 2056 Reiffenstuel
766 1994 832 2075 (lib.
850 1996 884 2070 l,
906 1995 950 2056 tit.
968 1998 1005 2070 5,
1022 1998 1056 2055 n⁰
1073 1999 1128 2058 37-

152 2101 168 2139 »
188 2083 262 2158 tit),
282 2081 529 2162 ¹trulxiepisccpus
542 2081 747 2164 etEpiseopus
760 2089 963 2158 consecratus,
975 2082 1129 2146 sedetiam

152 2169 389 2232 »corxfirxnntus
415 2177 570 2232 tanturn...
601 2169 640 2232 ad
670 2169 763 2232 alium
789 2171 1002 2253 Episcopatum
1024 2174 1130 2253 nequit

152 2281 168 2315 o
193 2257 279 2340 eligi,
290 2259 342 2321 sed
357 2259 455 2321 solinu
471 2259 624 2341 postulari.
641 2261 684 2320 lta
701 2259 911 2321 communis...
927 2259 1048 2321 Electus
1059 2263 1129 2324 vero

154 2369 168 2404 o
193 2346 337 2410 duntaxat
350 2348 382 2410 in
399 2349 579 2430 Episcopum
582 2393 642 2410 .....
659 2355 728 2409 ante
751 2346 858 2410 factam
879 2348 945 2426 rjus
966 2347 1128 2411 confirma-

152 2457 168 2494 »
193 2435 323 2508 tionem,
335 2437 589 2518 sicutpotestsuae
603 2437 780 2499 electioni...
795 2436 888 2498 liberd
903 2437 1127 2502 renuntiare...

153 2545 168 2582 u
195 2523 232 2586 ita
249 2523 286 2586 ad
300 2525 393 2588 alium
407 2525 621 2608 Episcopatum
635 2526 705 2607 eligi
719 2531 881 2608 potest...»
902 2525 982 2605 (sinc
997 2527 1130 2608 postula-

153 2611 258 2690 tione).

198 2723 213 2759 r
233 2701 399 2784 Episcopus
410 2703 462 2785 qui
473 2703 866 2785 renuntiavitEpiseopatui‚
880 2709 978 2787 potest
991 2706 1030 2768 ad
1040 2705 1128 2769 aliam

153 2811 169 2847 r
192 2791 357 2852 Ecclesiam
379 2791 466 2872 eligi,
492 2809 549 2854 nee
570 2791 660 2854 debet
681 2793 842 2873 postulari,
874 2794 931 2857 nisi
951 2793 1034 2858 aliud
1056 2797 1130 2878 quid

152 2901 168 2937 s
193 2879 374 2941 canonicum
397 2880 580 2942 obstiterit...
596 2881 668 2962 quia
684 2881 752 2943 talis
772 2901 835 2944 non
855 2883 986 2965 amplius
1005 2891 1051 2947 cst
1065 2885 1125 2948 alli-

153 2987 169 3026 o
194 2975 279 3047 gntus
292 2969 425 3049 cuipiam
440 2970 619 3032 Ecclesiae...
635 2992 651 3029 o

153 3081 164 3088 ·
194 3057 366 3119 Cordinoles
380 3076 441 3120 non
455 3059 596 3140 Episcopi
610 3065 640 3120 et
654 3059 784 3122 Abbates
797 3079 860 3122 non
874 3061 1012 3143 indigent
1025 3071 1129 3144 postue

154 3142 264 3206 latione
276 3145 399 3207 solemni
413 3153 446 3208 ut
458 3145 496 3207 ad
510 3146 597 3208 sedes
610 3147 795 3228 episcopales
809 3153 978 3230 promoveri
991 3151 1126 3229 valeant3

154 3231 291 3312 indigent
303 3241 404 3296 tamen
417 3234 566 3314 simplici,
583 3235 696 3297 scilicet
711 3237 837 3316 petenda
851 3245 897 3302 est
910 3238 1031 3303 licentia
1040 3241 1129 3324 Papae

154 3327 205 3381 aut
217 3321 345 3383 aliorum
362 3321 542 3401 (Reitlenst.‚
557 3321 611 3395 it„
628 3333 662 3386 n⁰
676 3326 788 3407 4752).

481 3483 518 3528 nn
539 3475 797 3531 ennsnnuxarons'.

192 3600 264 3662 tte.
291 3621 307 3658 α
327 3599 519 3664 Praesentatic
532 3607 724 3682 entperscnsa
734 3599 965 3679 adEplaccpum
979 3601 1023 3662 ret
1035 3604 1126 3732 afflet

1027 3697 1048 3756 ts
