2586 3988
226 211 268 254 ΧΠ
607 211 785 264 PRAEMIO.

212 327 251 394 cd
266 323 355 393 launo
370 325 543 414 specialem
560 326 659 396 linem
675 327 819 412 primixm
843 323 920 390 huic
937 321 1028 410 operi
1046 341 1191 391 manum

211 415 427 482 admovimus.
454 413 516 480 Pro
537 433 604 502 quo
632 415 710 482 sane
727 414 822 480 breve
843 412 994 479 volumen
1014 409 1192 478 debuisse·

213 521 455 584 mmeramme,
486 501 561 568 cbm
586 499 719 568 nonnisi
740 499 967 590 permodicum
996 511 1126 586 tempus
1151 499 1191 565 in

212 589 404 657 seminariis
433 587 554 656 nostris
577 588 687 656 studio
713 587 987 676 lurisprudentiae
1013 584 1190 655 Canonicae

213 677 356 765 impendi
378 677 502 755 valeat;
525 676 579 743 sed
601 696 673 742 mcx
695 676 755 743 init
774 676 867 743 nobis
882 675 1012 742 evidens
1029 674 1118 762 qudd
1145 675 1189 740 ad

212 767 313 833 solnm
340 761 598 831 Seminariorum
619 765 884 832 commoditatem
904 781 970 830 non
990 763 1190 830 deberemus

211 853 378 920 attendere
396 872 404 918 :
422 872 495 916 nant
523 851 556 918 in
579 851 667 919 brevi
683 851 848 918 volumine
875 849 1041 938 explanari
1057 851 1189 938 potuis-

212 951 283 1008 sent
298 939 504 1006 solummodo
521 939 609 1006 nuda
625 939 788 1027 principia
798 939 885 1027 juris
897 937 1066 1016 canonioi;
1085 939 1190 1025 porrd

212 1028 398 1095 sacerdotes
420 1047 549 1094 sacrum
571 1027 791 1094 ministerium
812 1036 1019 1111 exercentes,
1045 1027 1188 1094 maxime

213 1116 359 1202 indigent
372 1115 457 1204 apud
479 1135 539 1182 nos
553 1115 664 1202 aliquo
680 1135 779 1203 opere
799 1113 952 1197 biennali,
967 1116 1001 1180 in
1017 1135 1095 1202 quo,
1115 1133 1185 1181 non

212 1203 345 1291 nitidam
375 1203 525 1291 prolixe,
563 1205 617 1270 sed
653 1217 759 1270 tamen
783 1203 949 1289 sigillatim
978 1222 1015 1270 cc
1039 1202 1186 1269 dilucidti

214 1291 421 1358 inveniantur
434 1291 601 1381 explanata
613 1292 724 1358 omnia
739 1311 811 1378 quae
826 1292 864 1358 ad
882 1289 1005 1380 praxim
1024 1291 1188 1378 quotidia-

214 1400 287 1446 nnm
315 1381 489 1467 pertinent.
514 1378 605 1446 Unde
626 1379 652 1446 si
677 1380 716 1446 ad
733 1377 918 1446 Seminane
939 1379 1066 1446 tantbm
1081 1387 1188 1445 atten-

213 1466 401 1549 dissemns,
433 1487 516 1553 opus
535 1467 651 1554 pariam
681 1467 760 1534 utile
786 1480 817 1534 et
837 1465 945 1554 exigui
966 1477 1090 1532 tantum
1115 1486 1187 1531 mo-

214 1555 313 1621 menti
334 1553 598 1622 coniecissemus.
624 1553 712 1642 Opus
740 1565 847 1622 tamen
868 1574 1013 1643 praesens
1036 1553 1186 1621 adhiberi

214 1643 308 1708 eliam
327 1643 445 1728 poterit
461 1641 492 1708 in
507 1640 700 1710 Seminariis
716 1665 723 1710 :
742 1643 825 1710 ineo
841 1643 928 1710 enim
943 1641 1036 1709 iacild
1049 1644 1188 1728 seligere

213 1741 365 1817 poterunt
396 1730 539 1817 Magistri
569 1732 769 1818 quaestiones
801 1731 903 1817 magis
930 1731 1187 1798 fundamentales

213 1819 334 1903 quibus
356 1820 504 1886 imbuant
519 1819 655 1906 juvenes
676 1819 810 1898 levitas;
835 1819 891 1908 qui
914 1819 1030 1886 deinde
1045 1872 1053 1902 ,
1071 1839 1185 1905 perso-

214 1906 281 1970 luto
307 1906 491 1972 studiorum
515 1925 614 1972 eursu
644 1917 676 1973 et
704 1907 779 1972 sueti
812 1907 1018 1988 sacerdotes,
1050 1917 1186 1974 caeteras

214 1993 410 2080 qnaestiones
422 1993 599 2074 addiscent,
617 2007 716 2083 prout
732 2014 765 2060 se
782 1995 869 2061 dalxit
881 1995 928 2062 eis
944 1995 1181 2082 opportunitas.

213 2079 328 2150 (iarius
348 2081 480 2170 quidem
508 2102 590 2167 opus
615 2093 749 2150 emant:
772 2083 929 2174 aquibus
953 2083 1102 2170 expensis
1131 2103 1184 2150 eos

214 2169 355 2237 eximere
370 2171 460 2236 cerie
480 2170 707 2246 voluissemus,
727 2169 752 2236 si
772 2171 842 2238 lieri
858 2171 1037 2260 potuissct;
1059 2170 1185 2238 sedne·

214 2258 1112 2347 quivimuszcompensationemeutemobtinebuntprae
1126 2280 1187 2327 ma·

214 2346 478 2417 nibus-babentes
493 2345 625 2421 librum,
640 2347 695 2434 qui
712 2358 824 2432 postea
839 2348 942 2429 utilis,
955 2358 990 2414 ut
1004 2367 1067 2413 non
1082 2347 1184 2414 dicam

215 2435 348 2504 omnind
366 2434 569 2500 necessarius
588 2433 651 2499 erit
674 2453 734 2520 pro
757 2436 936 2502 exercendo
958 2454 1051 2503 sacro
1076 2435 1186 2503 minis·

216 2523 316 2598 tenio,
338 2522 463 2610 quique
482 2531 578 2586 etiam
596 2541 651 2588 eos
672 2521 835 2590 immunes
851 2523 945 2590 saciet
960 2525 1000 2591 ab
1020 2524 1093 2590 aliis
1108 2524 1186 2612 plu-

214 2609 307 2677 ribus
322 2610 415 2676 libris
435 2629 509 2676 cum
527 2609 642 2696 majori
664 2609 836 2697 dispendio
853 2611 1093 2699 comparandis.

258 2743 303 2810 Ad
320 2743 439 2809 calcem
456 2742 564 2830 operis
581 2741 760 2829 adjecimus
775 2744 917 2811 lmlicem
939 2743 1181 2831 alphabeticum

215 2831 428 2897 materiarum
444 2831 475 2895 in
491 2851 530 2896 eo
551 2839 791 2898 contentorum.
808 2833 916 2911 Illum,
935 2837 1033 2920 quiam
1052 2835 1185 2902 maximd

214 2920 381 3006 potuimus
401 2917 552 2985 fidelitate
568 2929 600 2985 ct
620 2920 743 3006 quantb
768 2921 960 3007 explicatius
977 2923 1082 3008 potuit
1100 2921 1181 3000 fieri,

215 3007 374 3074 conficere
389 3006 495 3072 eonati
517 3025 631 3073 sumus
646 3029 653 3070 :
669 3027 730 3094 ope
746 3008 936 3095 hujusmodi
954 3009 1074 3077 Indicis
1091 3011 1181 3076 facilc

216 3096 277 3162 erit
302 3093 449 3161 invenire
464 3094 659 3160 solutionem
677 3095 844 3163 variorum
866 3097 1046 3164 dubiorum
1072 3099 1105 3164 iu
1129 3098 1184 3166 de·

215 3203 314 3250 cursu
328 3181 437 3270 operis
455 3201 684 3270 expensorum.

258 3300 444 3388 Adieoimus
460 3301 595 3390 insuper
618 3299 805 3390 Catalognm
833 3303 980 3372 omnium
998 3304 1182 3373 dioecesium

216 3411 293 3478 quae
315 3391 347 3455 in
370 3400 435 3456 toto
454 3389 534 3456 orbe
557 3409 644 3456 nunc
663 3392 824 3473 existunt,
852 3392 966 3481 inquo
988 3393 1119 3460 nomina
1136 3395 1179 3460 la-

216 3479 281 3545 tina
296 3489 326 3544 et
342 3477 484 3566 vulgaria
503 3478 633 3544 illarum
660 3479 851 3546 dioecesium
874 3501 934 3568 por
962 3501 1038 3550 suas
1059 3501 1181 3569 respec-

218 3566 279 3635 tive
302 3566 489 3633 Provincias
509 3565 765 3633 distribuuntur.
