2586 3988
179 223 218 278 lo
396 227 536 276 aarum
557 226 660 272 nortus
679 226 761 272 runis
780 224 929 272 tancmer.

179 330 276 392 fontes
301 327 378 410 juris
404 329 540 392 canonici
576 328 633 390 nisi
665 328 815 410 quatenus
845 321 963 391 aarum'
982 329 1156 413 praescripta

180 418 270 482 simul
302 419 478 482 auctoritate
504 417 705 481 ecclesiastica
731 415 843 479 luerint
876 418 1066 500 promulgata
1088 465 1096 495 ‚
1124 417 1167 481 et'

180 507 313 570 Ecclesia
330 511 411 588 leges
430 506 531 570 tulerit
549 505 587 568 ad
604 505 771 587 urgendam
793 511 825 569 et
843 507 940 588 magis
954 507 1156 570 determinan-

180 596 251 659 dam
273 615 377 659 earum
392 597 621 672 executionem
637 595 690 657 sed
708 601 741 657 ut
758 593 931 674 hujusmodi
945 595 1156 659 determinatio

182 685 232 748 liat
247 685 413 768 generalis,
430 685 610 748 intervenire
630 685 720 748 debet
733 685 894 747 auctoritas
908 685 940 748 S.
957 684 1054 748 Sedis.

222 780 253 838 2·
273 779 328 838 lus
354 775 392 836 ab
420 774 571 857 Apostolis
599 774 671 856 ipsis
696 773 865 850 sancitum,
900 773 1003 837 reduci
1032 792 1157 857 quoque

183 865 272 928 debet
293 863 331 926 ad
353 863 473 926 decreta
495 866 546 926 SS.
566 862 746 926 Pontificum
758 882 765 923 :
777 863 823 924 vel
843 863 926 926 enim
943 865 994 943 jus
1014 863 1087 926 illud
1101 861 1159 940 luit

184 953 332 1016 sancitum
346 971 401 1034 pro
415 954 554 1016 univorsa
568 951 719 1026 Ecclesia,
735 957 765 1014 et
778 950 859 1014 haud
868 954 965 1034 potuit
975 953 1036 1014 rim
1047 951 1160 1044 habere

185 1041 296 1122 ligandi
311 1059 418 1104 omnes
432 1041 535 1104 fideles
545 1041 602 1104 nisi
613 1039 773 1104 accedente
782 1058 933 1104 consensu
947 1048 976 1104 at
985 1041 1160 1103 auctoritate

186 1131 282 1208 Petri,
298 1137 349 1192 aut
362 1132 428 1210 ejus
441 1147 664 1207 successorum;
681 1129 728 1191 vel
742 1131 891 1192 sancitum
905 1129 960 1192 luit
973 1131 1089 1192 tantiam
1104 1147 1160 1211 pro

186 1217 368 1300 quibusdam
382 1219 456 1282 locis
470 1239 524 1302 per
539 1219 696 1301 Apostolos
709 1218 747 1281 ad
762 1217 854 1282 fidem
862 1220 1031 1291 conversis,
1049 1225 1162 1282 altune

187 1307 259 1370 illud
277 1308 328 1387 jus
350 1310 562 1390 nonpertinet
581 1307 619 1370 ad
638 1309 689 1388 J'us
712 1307 811 1370 stricte
833 1307 1014 1370 canonicum
1038 1307 1078 1370 de
1098 1324 1160 1392 quo

187 1396 558 1479 solumhlcestquaestio.
1098 1473 1102 1480 .

227 1489 259 1547 3⁰
281 1479 424 1548 Similiter
436 1479 517 1568 patet
531 1485 694 1549 sententias
708 1482 831 1549 Patrum
846 1503 907 1548 non
923 1485 1055 1565 potuisse
1066 1493 1162 1549 trans·

188 1575 310 1637 formari
330 1574 366 1635 in
384 1575 466 1655 leges
487 1574 671 1637 universales
683 1575 825 1638 Ecclesiae
834 1574 896 1636 nisi
912 1574 1077 1636 accedente
1086 1593 1163 1637 con-

189 1663 1161 1746 sensuSS.P0ntiucum,siveintra‚slreextrtconciliapraestito.

228 1756 260 1812 4⁰
281 1753 355 1814 ltem
369 1753 497 1816 concilia
511 1771 573 1814 non
594 1758 664 1814 sunt
682 1753 869 1815 aecumenica
883 1751 940 1834 nisi
961 1751 1082 1815 accedat
1094 1771 1164 1817 auo·

189 1837 292 1902 toritas
307 1841 417 1923 Capitis
426 1841 575 1904 Ecclesia.

136 1975 145 1985 ,
230 1933 262 1991 5⁰
285 1929 538 2010 congregationes
552 1949 705 2007 romanat,
720 1949 758 1992 ex
773 1929 912 1992 omnium
923 1947 1085 2008 consensu,
1101 1950 1163 1994 non

191 2017 280 2080 eliam
296 2025 436 2080 exercent
450 2020 656 2081 auctoritatem
671 2037 762 2100 quam
779 2019 976 2100 ipsorummet
992 2021 1045 2082 SS.
1061 2021 1165 2083 Ponti·

193 2106 284 2168 ficum
301 2106 443 2189 aquibus
458 2105 513 2169 luit
528 2107 600 2189 ipsis
613 2107 730 2169 collata.

232 2198 263 2257 6ο
285 2196 422 2277 Denique
432 2196 668 2259 consuetudines
678 2195 795 2258 nullum
803 2196 1166 2275 jusuniversalemndere

193 2291 335 2366 possunt,
351 2284 409 2346 nisi
424 2285 632 2347 consentiente
646 2284 751 2346 saltem
765 2285 854 2346 tacite
869 2285 1039 2366 Apostolica
1052 2285 1138 2351 Sede.

233 2373 315 2435 Idem
331 2380 376 2436 est
388 2371 552 2436 dicendum
571 2373 609 2436 de
622 2373 695 2436 Jure
708 2373 805 2436 civili.

234 2463 313 2544 Ergo
329 2461 370 2524 illi
386 2480 494 2525 omnes
508 2461 606 2524 lentes
619 2461 657 2524 ad
671 2461 793 2526 unicam
803 2462 856 2524 SS.
872 2461 1053 2528 Pontificum
1066 2472 1167 2530 aucto-

195 2553 311 2616 ritatem
323 2551 485 2613 reducendi
501 2558 587 2614 sunt:
600 2551 681 2618 uude
691 2551 799 2616 meritd
806 2549 860 2633 jur
869 2552 1167 2636 canonr‘cumvocatur

196 2639 345 2720 cliamjua
356 2639 551 2723 pontificium.

237 2739 286 2798 20.
311 2738 452 2808 Quamuis
464 2737 573 2800 unicus
588 2738 709 2821 proprie
722 2739 760 2802 ait
773 2738 924 2819 lensjuris
937 2737 1087 2820 canonici,
1097 2749 1157 2806 atta

198 2843 277 2975 mer}
294 2824 424 2977 captandi
444 2823 556 2889 dehent
577 2827 728 2911 sigillatim
749 2827 856 2892 diversi
877 2826 975 2891 lontes
990 2847 1081 2912 supra
1093 2831 1161 2894 assi·

195 2933 258 2993 gna
271 2933 291 2975 ι.
340 2932 360 2975 n
382 2930 422 2976 e:
1015 2931 1017 2934 ·

652 3075 715 3159 §1-

259 3218 298 3280 lle
313 3219 397 3282 verbo
409 3221 466 3285 Dei
473 3270 483 3300 ,
500 3223 535 3286 tu
545 3234 587 3288 est
600 3225 636 3290 de
652 3229 802 3313 rcrrpnnd
814 3233 895 3296 auerti
908 3242 937 3296 et
952 3235 1111 3301 traditione

626 3335 739 3402 diciaci.

238 3509 288 3568 2l.
318 3510 374 3609 l³ro
389 3509 499 3594 duplici
521 3513 577 3576 hoc
594 3513 675 3579 lente
698 3520 878 3584 remittimus
896 3523 934 3586 ad
953 3525 1169 3609 Prolegomena

198 3593 370 3676 theologia,
389 3607 416 3661 et
430 3597 684 3666 introductionem
700 3605 738 3670 nd
752 3609 931 3674 scripturam
944 3631 1072 3683 sacram.
