2506 3984
468 247 554 294 crasa
575 185 692 294 antuus.
828 274 830 282 ·
1011 229 1069 291 tlt

95 364 110 401 a
136 350 300 419 reservato,
335 345 573 420 commiserunt,
605 345 665 406 siva
697 340 902 405 consessiones
935 349 1069 424 repetere

96 453 111 490 o
137 432 253 504 volunt,
269 433 330 494 sive
344 433 474 514 denique
489 433 674 515 prudentiori
689 433 816 496 consilio
830 431 976 513 indigent.
991 452 1007 490 o

543 631 618 712 cv.

395 781 440 843 Bc
469 776 595 844 Vicorr'a's
614 780 766 844 Forensis.

138 970 226 1030 taor.
258 967 392 1030 Vicorim
410 969 562 1031 Foraneus
583 976 628 1031 est
648 968 717 1046 ille,
738 969 790 1050 qui
808 968 847 1030 ab
869 967 1019 1051 Episcopo
1039 969 1071 1030 in

97 1059 177 1117 certd
191 1055 329 1119 dioecesis
342 1063 425 1139 parte
445 1057 491 1119 vel
505 1056 543 1119 ad
559 1065 657 1119 certos
669 1076 756 1119 casus
774 1057 943 1139 deputatur.
958 1058 1073 1120 Dicitur

97 1144 259 1218 Foroneus,
274 1145 320 1208 vel
337 1147 408 1228 quia
421 1153 505 1209 extra
523 1146 601 1228 sores
615 1164 669 1208 seu
682 1147 830 1208 civitatem
844 1146 876 1208 in
890 1148 951 1228 qud
965 1147 1072 1209 residet

97 1233 265 1316 Episcopus
288 1235 500 1312 constituitur,
524 1235 570 1298 vel
590 1235 662 1316 quia
680 1233 781 1297 forum
795 1241 825 1296 et
841 1233 990 1314 Judicium
1009 1253 1071 1297 non

98 1323 238 1400 generale
251 1323 304 1386 sed
318 1325 446 1406 speciale
465 1331 556 1388 tenet.
571 1325 615 1386 lta
628 1325 770 1398 Leuren„
786 1343 836 1405 ap.
852 1325 888 1384 D.
906 1325 1012 1402 Bouix,
1028 1324 1072 1386 De

97 1410 209 1488 ludin,
223 1418 298 1475 tom.
314 1417 329 1476 l
346 1459 354 1490 ,
369 1433 400 1495 p.
416 1417 485 1478 l56.
914 1477 920 1486 ,

139 1503 228 1564 1ἳο8.
251 1504 317 1564 Non
342 1503 494 1565 ordinaria
513 1501 566 1565 sed
594 1501 731 1584 delegata
751 1503 871 1564 tantlun
899 1508 944 1565 est
963 1503 1070 1566 vicarii

98 1589 223 1652 Foranei
236 1591 424 1670 jurisdictio:
446 1592 517 1674 quia
531 1609 625 1654 nona
643 1591 709 1674 lege
727 1591 780 1654 sed
800 1591 839 1654 ab
852 1593 1002 1675 Episcopo
1016 1595 1072 1676 ipsi

99 1697 154 1759 pro
167 1679 290 1741 arbitrio
304 1681 468 1758 confertur,
483 1681 696 1762 diversumque
709 1681 747 1742 ab
760 1679 901 1763 Episcopi
913 1687 966 1744 aut
979 1682 1073 1764 ipsius

99 1767 208 1828 Viearii
232 1770 386 1832 Generalis
407 1769 539 1834 tribunal
561 1770 661 1832 habet.
687 1768 817 1832 Proinde
839 1770 910 1832 vitio
930 1770 1073 1835 nullitatis

100 1854 247 1919 laboraret
260 1861 420 1942 appellatio
433 1860 472 1922 ab
491 1860 557 1940 ejus
570 1860 719 1923 sententia
736 1859 773 1921 ad
788 1861 1070 1943 Metropolitanum,

99 1945 211 2008 omisso
224 1947 364 2030 Episcopi
379 1956 430 2012 aut
448 1949 661 2030 ipsiusllicarii
677 1950 831 2011 Generalis
841 1949 983 2012 tribunali
995 1999 1004 2028 ,
1017 1971 1073 2014 nec

100 2034 166 2096 licet
178 2035 411 2120 archiepiscopo
420 2037 594 2117 hujusmodi
602 2037 986 2121 appellationemrecipere.
998 2040 1072 2104 Vide

100 2125 215 2200 Bouix,
231 2125 286 2202 id,
303 2145 336 2207 p.
350 2129 420 2190 l57.

138 2213 275 2276 Vicarius
284 2215 439 2278 Focaneus
447 2235 507 2278 non
518 2221 563 2277 est
572 2215 604 2277 in
618 2215 767 2296 Dignitate
785 2215 979 2295 constitutus,
999 2238 1074 2301 prm

100 2301 295 2366 eminentiam
310 2304 493 2384 nonhabet,
508 2323 565 2367 nec
578 2311 623 2367 est
640 2303 815 2385 delegabilis
827 2305 845 2366 a
855 2306 886 2367 S.
902 2305 990 2368 Sede.
1004 2309 1075 2371 Fer·

100 2393 185 2468 raris,
195 2402 226 2456 v⁰
248 2391 381 2455 Vicort’os
393 2394 565 2471 Focaneus,
581 2405 614 2454 n·
628 2397 676 2456 lt.

126 2543 128 2546 ,
141 2485 229 2545 laco.
257 2483 474 2566 «Praecipuum
484 2483 592 2545 Vicarii
607 2481 732 2544 Foranei
742 2501 855 2546 munus
868 2489 912 2545 est
925 2484 1073 2570 Episcopo

100 2597 116 2634 ι
141 2573 315 2636 renuntiare
335 2589 436 2634 mores
455 2573 654 2650 clericorum,
676 2577 767 2653 atque
781 2573 813 2633 in
827 2590 932 2635 eorum
946 2575 1074 2651 crimina

101 2685 116 2723 n
141 2663 309 2744 inquirere,
332 2661 551 2724 observantiam
567 2661 820 2736 constitutionum
833 2661 1030 2743 synodalium
1044 2671 1073 2728 et

102 2771 116 2814 o
141 2753 336 2812 Decretorum
358 2750 499 2832 Episcopi
516 2749 621 2812 sedulo
640 2767 833 2832 promovere,
847 2756 877 2811 et
890 2752 1073 2836 Episcopum

101 2864 116 2900 o
141 2857 283 2916 monere,
299 2839 323 2901 si
337 2858 405 2921 quae
415 2839 491 2902 forte
505 2840 536 2900 in
549 2839 611 2901 suis
624 2838 762 2920 oppidis,
778 2836 920 2902 adversus
934 2839 1025 2904 fidem
1044 2853 1074 2907 et

101 2953 116 2990 a
142 2929 238 2992 bonos
251 2945 350 2990 mores
363 2936 415 2990 aut
429 2929 482 2990 Dei
497 2927 623 3000 cultum,
639 2927 821 3009 templorum
834 2931 1071 3010 venerationem,

101 3043 116 3078 o
140 3017 284 3081 lectorum
302 3017 421 3080 dierum
441 3015 661 3080 observantiam
678 3021 709 3077 et
729 3015 921 3079 christianam
945 3018 1073 3102 discipli-

101 3130 115 3166 η
142 3126 212 3168 nam
226 3113 446 3189 perpetrentur.
462 3128 477 3164 o
492 3105 614 3186 (Soglia,
626 3105 701 3166 last.
711 3105 780 3184 jor.
791 3106 886 3187 prio„
899 3107 989 3189 515.)
999 3111 1073 3172 Vide

100 3197 192 3258 etiam
205 3195 319 3258 Concil.
336 3195 483 3257 Remense
500 3193 571 3256 anni
587 3197 663 3256 t849
677 3193 734 3271 (tit.
750 3196 803 3270 to,
823 3213 888 3276 cap.
904 3199 950 3274 l),
966 3197 1073 3279 inquo

101 3285 222 3348 additur
237 3304 245 3346 ε
265 3286 408 3347 «Verum
428 3285 537 3346 Decani
552 3285 617 3361 (seu
637 3282 746 3344 Vicarii
760 3285 896 3364 Foranei)
913 3286 1027 3348 nullam
1041 3287 1072 3350 in

101 3395 117 3432 o
141 3375 268 3435 aliarum
286 3372 497 3455 parochiarum
516 3371 619 3434 lideles
638 3370 751 3432 habent
764 3371 1022 3451 iurisdictionem,
1044 3385 1073 3440 et

101 3485 117 3522 o
142 3461 401 3543 quemadmodum
421 3462 594 3537 facultates,
614 3460 725 3541 quibus
739 3459 880 3523 fruuntur
894 3469 927 3524 ut
945 3465 1070 3541 Decani,

101 3574 117 3611 o
142 3557 267 3632 possunt
288 3549 408 3612 extendi
428 3557 480 3613 aut
496 3548 646 3632 restringi,
669 3549 754 3611 itaet
775 3549 885 3612 aulerci
908 3551 1070 3614 adnutum

103 3661 118 3696 ι
140 3637 320 3720 Episcopi.»
