2588 3994
36 13 395 120 ¹-

493 332 579 378 uraxa
600 335 718 382 enixus.
1040 319 1098 380 153

119 448 137 486 ι
161 427 266 510 ligitur
283 428 360 490 loeus
381 429 606 492 coercendorum
630 433 729 494 litium
754 436 830 515 (cap.
848 433 952 509 Foras,
968 433 1003 497 de
1016 432 1093 498 verb.

120 517 260 599 aipnr'f.},
275 524 306 581 et
318 518 409 581 etiam
422 519 587 600 ipsummet
597 521 720 601 justitiae
733 522 918 586 exercitium.

160 621 336 684 iurisdictio
353 617 418 704 sori
430 623 544 684 interm
556 630 602 686 est
622 624 673 687 illa
691 645 760 708 quoe
781 626 929 708 primario
947 633 975 688 et
989 625 1100 688 directi

120 709 256 791 refertur
269 711 465 794 adpriuotom
479 713 705 798 uniuscujusque
715 715 813 798 fidelis
823 714 986 776 utilitatem
996 739 1006 775 :
1017 734 1100 777 exer·

121 807 207 862 cetur
221 807 322 864 autrem
343 821 397 883 per
417 812 605 866 sacramenta
627 813 678 868 aut
699 805 944 880 sacramentalia;
966 805 1032 867 talis
1055 813 1100 868 est

120 887 1100 976 jurisdictioparochorum.-Subdixiditurinjurisdictionemfori

118 979 341 1060 penitentialis,
360 1001 428 1062 quae
443 982 520 1044 intra
534 983 665 1045 tribunal
681 983 865 1066 poenitentiae
879 988 996 1048 tantum
1010 1003 1099 1048 usur·

122 1075 226 1150 patur,
242 1076 272 1132 ct
286 1069 563 1150 injurisdictionem
577 1071 632 1135 lori
651 1073 761 1136 interni
781 1081 869 1135 cetra
885 1071 1099 1154 penitentialis

123 1175 192 1239 quae
211 1165 294 1222 extra
321 1159 394 1222 illud
414 1159 545 1224 tribunal
568 1161 701 1225 exerceri
717 1171 831 1244 potest,
848 1163 990 1242 quando,
1006 1182 1036 1226 v.
1053 1183 1096 1244 g,

122 1247 260 1330 superior
273 1247 426 1330 dispensat
441 1250 471 1311 in
486 1259 573 1328 voto,
589 1251 816 1332 irregularitate,
832 1258 917 1313 ete...

162 1353 233 1412 278.
256 1351 428 1414 iurisdictio
450 1351 514 1433 fori
527 1353 647 1414 externi
668 1359 712 1414 est
737 1351 787 1414 illa
811 1371 880 1433 quae
898 1353 1050 1434 primario*
1072 1363 1100 1415 et

122 1437 233 1501 directe
244 1441 392 1522 publicum
406 1442 536 1524 eorporis
557 1440 690 1524 fidetium
708 1439 870 1503 utilitatem
891 1441 1034 1524 respicit:
1049 1449 1097 1520 ut,

123 1529 206 1610 leges
220 1529 314 1606 terre,
330 1527 469 1594 decidere
483 1531 700 1594 controuersias
713 1530 792 1594 circa
802 1531 970 1593 doctrinam
984 1531 1029 1593 uel
1043 1531 1100 1592 dis-

123 1619 283 1702 eipliuam,
299 1627 329 1683 et
343 1619 461 1683 similia.

162 1725 207 1784 Ex
223 1723 270 1786 liis
280 1723 403 1806 intelligi
416 1723 493 1787 valet
502 1723 574 1806 quid
584 1724 622 1785 sit
631 1723 762 1805 aliquem
776 1723 868 1804 ligare
882 1731 934 1787 aut
947 1725 1100 1790 absolvere

124 1813 155 1874 in
169 1813 369 1890 conscientia,
385 1813 558 1895 dispensare
579 1813 607 1874 in
619 1812 683 1875 loro
698 1813 816 1875 interno
823 1813 869 1876 vel
879 1822 1007 1896 utroque
1021 1813 1098 1879 loro.

125 1902 241 1984 Aliquis
254 1903 417 1965 absolvitur
431 1901 476 1964 vel
494 1901 684 1984 dispensatur
703 1904 821 1968 tantum
837 1903 870 1964 in
883 1901 948 1966 loro
963 1905 1098 1985 interno,

124 1991 248 2072 quando
262 1991 354 2073 ipsius
368 1991 515 2054 absolutio
528 1991 575 2053 vel
588 1990 769 2074 dispensatio
788 1991 848 2053 vim
864 2011 925 2053 non
941 1991 1029 2054 habat
1045 1995 1099 2056 nisi

124 2099 179 2162 pm
193 2082 378 2146 conscientia
394 2101 401 2142 ε
417 2088 492 2144 tunc
510 2080 535 2144 si
549 2098 637 2142 casus
651 2081 801 2142 deteratur
824 2079 861 2142 ad
880 2081 980 2143 lorum
1003 2091 1099 2146 exter·

125 2189 211 2244 num,
224 2171 361 2254 superior
371 2169 623 2234 minimetenetur
633 2177 788 2251 acceptare
796 2170 1099 2235 hancabsolutionem

124 2261 171 2324 vel
185 2259 463 2342 dispensationem:
480 2277 569 2322 secus
582 2256 704 2343 quando
718 2277 773 2343 pro
787 2265 915 2342 utroque
928 2258 994 2321 soro
1008 2261 1100 2342 gratia

125 2351 305 2431 impertitur.

165 2451 208 2510 Ex
225 2447 271 2510 his
285 2449 375 2512 etiam
388 2449 505 2513 uidetur
519 2450 673 2532 quomodo
687 2448 916 2530 intelligendum
930 2445 967 2510 ait
979 2447 1102 2530 vulgare

125 2537 291 2620 adagium:
317 2539 451 2602 Ecclesia
472 2539 508 2602 de
528 2540 654 2602 internis
677 2538 881 2621 conjudicat:
901 2535 975 2599 illud
992 2555 1101 2622 nempe

127 2627 356 2709 intelligendum
369 2635 414 2691 est
427 2629 466 2694 da
480 2629 545 2692 toro
559 2635 694 2705 externa,
707 2647 768 2691 non
783 2629 912 2690 interno.

166 2739 236 2798 ata.
264 2757 280 2794 u
300 2737 409 2817 Magna
429 2753 507 2817 opus
520 2741 566 2797 est
581 2733 756 2816 prudentia,
779 2731 877 2814 inquit
895 2731 1017 2795 Berardi
1032 2734 1049 2796 a
1063 2735 1098 2797 D.

125 2845 143 2886 a
166 2823 263 2887 Bouix
273 2824 379 2888 citatus
392 2823 436 2902 lde
450 2824 632 2906 Principiis,
648 2843 678 2906 p.
693 2825 781 2902 525),
799 2820 1101 2904 indeliniendoquae-

127 2937 141 2973 a
168 2932 239 2976 nam
254 2913 291 2975 ad
306 2913 361 2976 lori
376 2913 492 2976 externi
510 2912 750 2992 jurisdictionem
769 2911 974 2993 pertineant...
991 2915 1100 2977 Exem-

127 3027 142 3063 ι)
167 3004 389 3087 plumpraetteo:
400 3003 523 3065 facultas
532 3001 1102 3084 praedicaudi...,absolvendiapeccatis

127 3115 143 3152 a
169 3095 244 3172 (ena
256 3091 441 3161 censuris...
453 3090 721 3154 estloriinterni...
736 3089 1100 3156 Atlaeultasconcedendi

22 3247 24 3262 ,
128 3205 144 3240 u
169 3191 329 3264 potestates
343 3180 546 3264 praedicandi,
562 3179 735 3242 absolvendi
753 3179 915 3262 apecoatis
928 3178 988 3240 siue
1003 3181 1020 3242 a
1034 3200 1103 3244 cen-

129 3295 144 3331 υ
169 3271 267 3348 suris,
282 3272 320 3334 ad
335 3272 433 3335 lorum
447 3277 606 3334 externum
618 3269 763 3352 pertinet;
779 3269 851 3351 quia
864 3267 929 3332 haec
942 3268 973 3330 in
987 3269 1102 3333 bonum
1203 3349 1205 3354 Ι

128 3385 144 3422 a
168 3361 394 3425 communitatis
406 3360 521 3424 directa
534 3361 672 3424 retertur.
687 3381 704 3419 r

168 3467 239 3528 280.
262 3463 408 3526 Dividitur
435 3467 468 3526 2⁰
487 3463 519 3525 in
542 3459 743 3527 Universalem
772 3477 842 3543 quoe
862 3462 946 3525 nullo
972 3467 1104 3525 arctatur

129 3553 224 3618 limite
245 3571 302 3616 nec
315 3552 416 3636 quoad
437 3571 600 3636 personas,
623 3569 681 3615 nec
703 3550 803 3633 quoad
828 3551 909 3628 loca,
926 3568 983 3612 nec
1003 3551 1103 3630 quoad

27 3643 30 3727 ’ξ
130 3643 272 3708 materias
287 3663 295 3704 :
309 3643 378 3705 talis
391 3643 447 3705 luit
456 3639 626 3723 jurisdictio
641 3641 875 3722 Apostolorum,
891 3644 922 3699 et
937 3654 1020 3698 nunc
1037 3637 1104 3696 talis

129 3741 177 3796 eat
193 3730 361 3812 iurisdictio
379 3727 497 3794 Summi
519 3727 771 3792 Pontificio-ln
791 3723 1009 3789 Particulcrem
1035 3739 1103 3800 quat
