2578 4008
180 253 239 314 282
400 267 537 316 ruminus
557 266 657 314 rorrus
676 266 758 313 runis
779 266 929 316 sanemur.

184 389 197 426 r
221 361 437 448 Beneficium...
461 363 565 438 Quoad
585 362 741 444 religiosos
763 361 916 425 Sooietatis
934 365 1007 427 lesu
1028 362 1156 426 oninind

183 478 198 515 o
223 453 420 517 servandaest
432 450 556 515 Constit.
575 451 686 513 Rened.
702 453 805 514 XIV...
821 451 877 514 Ila
890 471 945 534 quo
955 451 1115 513 dilectus...

222 563 238 603 o
262 547 294 604 5⁰
319 543 410 604 Vacat
431 539 486 624 'per
508 544 697 604 contractum
721 539 905 602 matrimonii
927 558 982 622 per
1008 540 1100 604 rerba
1121 538 1157 602 dc

184 655 199 693 a
219 630 373 715 prasenti,
389 629 479 692 etiam
493 647 556 691 non
570 631 673 692 secula
695 628 819 710 copula,
830 645 893 690 non
911 630 981 690 verb
995 647 1048 710 per
1062 647 1159 710 spon-

186 743 201 780 ι)
227 719 300 783 salia
310 721 387 801 (cap.
403 717 517 800 Siquis
529 717 702 779 clcrlcorum
713 721 725 779 l
735 735 818 798 ‚can
832 716 936 793 Quodd
948 725 983 787 lc,
996 717 1031 778 dc
1043 717 1159 778 clericis

185 832 200 870 r
224 809 354 890 conjoq„
366 803 490 876 Rota...)
497 805 542 867 Ad
555 805 734 870 effectum...
750 805 912 868 vacationis
922 813 1041 887 propter
1056 805 1158 867 rnutri-

186 920 202 957 n
225 898 363 960 monium
376 895 538 958 attenditur
551 894 650 958 solum
662 893 795 971 factum,
810 912 872 956 non
889 901 991 956 sutem
1005 892 1073 956 iacti
1086 893 1160 956 vuli·

186 1007 201 1045 a
225 986 340 1048 dilata...
355 987 469 1048 Rota...

225 1095 241 1134 a
256 1077 287 1137 6⁰
305 1076 396 1136 Vacat
408 1073 474 1155 ipso
485 1073 553 1153 Jure
566 1072 749 1136 beneficium
761 1091 816 1155 per
833 1071 971 1135 militiam
985 1071 1160 1136 secularem

187 1186 202 1223 r
227 1164 244 1226 b
266 1162 376 1226 elerico
398 1162 556 1224 minorisid
581 1167 804 1244 assumptam...
828 1179 895 1243 cap.
921 1161 1098 1238 Quicumouc
1124 1181 1161 1225 en

187 1274 203 1312 a
226 1251 305 1313 clero
319 1255 349 1327 6,
365 1269 455 1314 causa
467 1252 518 1324 23,
534 1269 565 1333 q.
580 1253 637 1314 8...

227 1363 243 1400 a
267 1346 299 1403 7⁰
313 1341 372 1404 Per
388 1340 611 1422 promotionem
629 1339 668 1402 ad
685 1339 899 1423 Episcopatum
920 1345 988 1424 post
1006 1339 1162 1404 obtentam

189 1429 449 1512 »possessionem
474 1428 566 1510 ipsius
594 1435 624 1491 et
650 1436 786 1492 secutam
814 1429 1091 1506 consecrationem,
1115 1427 1161 1492 vel

189 1543 204 1578 u
228 1519 334 1580 saltem
348 1523 416 1599 post
429 1517 547 1598 lapsum
561 1517 704 1599 temporis
718 1517 756 1580 ad
777 1518 936 1600 petendam
956 1516 1161 1580 confirmatio·

189 1631 204 1666 u
230 1625 301 1670 nem
318 1605 450 1687 praefixi,
466 1611 572 1668 vacant
585 1605 650 1688 ipso
661 1607 730 1685 jure
743 1606 908 1688 praehabila
920 1607 1068 1669 beneficia
1082 1609 1160 1688 (cap.

190 1718 205 1754 n
231 1693 1159 1778 cuminmecclr7,dculecc.‚§tumceruuotaparttsbec.

190 1806 205 1842 n
230 1787 299 1856 266,
317 1791 350 1843 n⁰
364 1784 406 1861 ⁶2.)
422 1781 477 1845 nisi
492 1783 671 1865 praeventiva
684 1802 826 1847 concessa
839 1785 929 1848 luerit
942 1786 960 1846 a
973 1785 1054 1866 Papa
1073 1783 1164 1847 lacul-

191 1895 206 1931 n
229 1873 276 1933 lus
294 1888 329 1933 ea
346 1868 504 1932 retinendi.
524 1873 636 1934 bola...
654 1893 670 1931 a
692 1873 734 1934 Ila
747 1873 891 1951 Ferreus,
914 1875 951 1935 V⁰
967 1872 1158 1956 Beneficium,

192 1965 248 2022 ort.
264 1964 295 2034 7,
312 1958 353 2020 n¹⁸
369 1961 447 2020 l-lb.

232 2047 335 2121 Quoad
368 2045 503 2108 vicarios
531 2047 690 2111 Generales
717 2054 748 2110 et
774 2047 940 2128 officiales,
968 2067 1163 2133 quocumque

154 2181 155 2184 ,
192 2136 283 2199 modo
297 2141 381 2198 uacet
394 2134 485 2197 Sedes
499 2135 694 2217 Episcopalis,
710 2145 918 2220 permantum,
935 2137 1161 2214 dimissionem,

193 2225 425 2302 revocationem,
437 2229 508 2302 ete,
519 2223 620 2287 statim
634 2224 699 2306 ipso
708 2224 799 2304 laetu,
809 2224 1164 2307 baecjurisdictiovicaria

193 2319 299 2378 cessat.

602 2424 684 2490 nus.
707 2425 753 2490 Ill.

416 2546 455 2593 ns
474 2545 683 2593 nssrnrcrruus
702 2547 941 2597 suursnrertnurs.

233 2671 303 2730 567.
317 2665 513 2731 clurisdictio
523 2668 712 2748 restringitur
721 2667 844 2750 quando
853 2669 941 2733 eiaut
954 2670 1164 2735 subducuntur

192 2780 208 2816 r
232 2756 307 2820 certi
321 2756 442 2828 subditi,
459 2763 510 2818 aul
524 2755 702 2820 subducitur
715 2763 796 2820 certa
809 2758 933 2822 materia
946 2777 1015 2841 quae
1030 2761 1163 2842 alioquin

191 2867 207 2906 a
231 2843 331 2908 eidem
339 2843 753 2924 subiecisset:subducuntur
763 2845 874 2909 subditi
882 2851 1163 2930 perexemptioncs;

192 2955 207 2991 r
232 2931 409 2995 subducitur
431 2933 556 2996 materia
576 2949 631 3015 per
659 2935 885 2998 reservationes.
912 2957 929 2996 a
955 2938 999 3000 Ila
1021 2937 1164 3021 Laqueus

192 3024 237 3099 (n⁰
253 3023 333 3101 150).

218 3109 1167 3197 Ligeriautetiem‘suspendipotestjurisdiatiopercensurasaut

192 3197 493 3279 irregularitatestde
501 3197 548 3260 his
561 3205 662 3262 autem
672 3199 833 3283 loquemur
846 3203 876 3264 in
888 3204 1067 3286 specialibus
1078 3205 1162 3268 loeis.

232 3289 276 3348 De
285 3285 535 3349 reservationibus
545 3288 609 3367 jam
618 3287 709 3352 locuti
723 3308 829 3354 sumus
842 3292 1014 3372 (strubon
1029 3293 1167 3357 dicemus

193 3375 270 3438 inlra
291 3375 329 3438 de
349 3375 468 3439 casibus
482 3376 636 3439 reservatis
650 3377 750 3457 quoad
763 3379 994 3458 absolutionem,
1011 3382 1166 3464 loquendo

192 3463 231 3526 de
248 3463 436 3526 confessariis
453 3465 499 3527 vel
517 3465 548 3525 in
561 3471 689 3527 tractatu
702 3465 741 3528 de
754 3469 904 3544 censuris,
921 3475 951 3531 et
964 3469 1034 3532 alibi
1050 3473 1166 3553 passim

193 3551 231 3614 de
248 3552 430 3634 quibusdam
443 3553 508 3615 aliis
528 3553 788 3619 reservationibus.
805 3559 898 3642 igilur
915 3556 965 3620 hle
978 3559 1035 3621 erit
1047 3561 1166 3624 lautum

194 3657 294 3703 sermo
307 3640 346 3704 de
359 3639 616 3724 Exerrrplionibus.
