<?xml version="1.0" encoding="UTF-8"?>
<!DOCTYPE html PUBLIC "-//W3C//DTD XHTML 1.0 Transitional//EN"
    "http://www.w3.org/TR/xhtml1/DTD/xhtml1-transitional.dtd">
<html xmlns="http://www.w3.org/1999/xhtml" xml:lang="en" lang="en">
 <head>
  <title>
</title>
<meta http-equiv="Content-Type" content="text/html;charset=utf-8" />
  <meta name='ocr-system' content='tesseract 3.04.00' />
  <meta name='ocr-capabilities' content='ocr_page ocr_carea ocr_par ocr_line ocrx_word'/>
</head>
<body>
  <div class='ocr_page' id='page_1' title='image "./manualetotiusju03craigoog_0169.png"; bbox 0 0 2588 3994; ppageno 0'>
   <div class='ocr_carea' id='block_1_1' title="bbox 199 187 948 252">
    <p class='ocr_par' dir='ltr' id='par_1_1' title="bbox 199 187 948 252">
     <span class='ocr_line' id='line_1_1' title="bbox 199 187 948 252; baseline -0.003 -5"><span class='ocrx_word' id='word_1_1' title='bbox 199 187 256 248; x_wconf 79' lang='lat' dir='ltr'><strong>tto</strong></span> <span class='ocrx_word' id='word_1_2' title='bbox 417 203 554 252; x_wconf 76' lang='lat' dir='ltr'><strong>nasutas</strong></span> <span class='ocrx_word' id='word_1_3' title='bbox 575 201 675 249; x_wconf 85' lang='lat' dir='ltr'><strong>aorrus</strong></span> <span class='ocrx_word' id='word_1_4' title='bbox 696 203 779 249; x_wconf 83' lang='lat' dir='ltr'><strong>rums</strong></span> <span class='ocrx_word' id='word_1_5' title='bbox 799 199 948 249; x_wconf 80' lang='lat' dir='ltr'><strong>canonici.</strong></span> 
     </span>
    </p>
   </div>
   <div class='ocr_carea' id='block_1_2' title="bbox 114 291 1171 3325">
    <p class='ocr_par' dir='ltr' id='par_1_2' title="bbox 195 291 1171 718">
     <span class='ocr_line' id='line_1_2' title="bbox 197 291 1169 382; baseline -0.006 -22"><span class='ocrx_word' id='word_1_6' title='bbox 197 297 260 361; x_wconf 88' lang='lat' dir='ltr'><strong>haec</strong></span> <span class='ocrx_word' id='word_1_7' title='bbox 274 299 492 380; x_wconf 63' lang='lat' dir='ltr'><strong>argumentatio</strong></span> <span class='ocrx_word' id='word_1_8' title='bbox 507 298 588 382; x_wconf 78' lang='lat' dir='ltr'><strong>quod</strong></span> <span class='ocrx_word' id='word_1_9' title='bbox 609 299 746 361; x_wconf 86' lang='lat' dir='ltr'><strong>excludat</strong></span> <span class='ocrx_word' id='word_1_10' title='bbox 763 318 781 360; x_wconf 88' lang='lat' dir='ltr'><strong>a</strong></span> <span class='ocrx_word' id='word_1_11' title='bbox 794 303 938 380; x_wconf 88' lang='lat' dir='ltr'><strong>potestate</strong></span> <span class='ocrx_word' id='word_1_12' title='bbox 953 291 1169 374; x_wconf 78' lang='lat' dir='ltr'><strong>iurisdictionis</strong></span> 
     </span>
     <span class='ocr_line' id='line_1_3' title="bbox 196 384 1170 469; baseline -0.005 -21"><span class='ocrx_word' id='word_1_13' title='bbox 196 396 372 469; x_wconf 77' lang='lat' dir='ltr'><strong>potestatem</strong></span> <span class='ocrx_word' id='word_1_14' title='bbox 387 389 550 469; x_wconf 72' lang='lat' dir='ltr'>legitimam</span> <span class='ocrx_word' id='word_1_15' title='bbox 564 387 743 452; x_wconf 82' lang='lat' dir='ltr'><strong>conficiendi</strong></span> <span class='ocrx_word' id='word_1_16' title='bbox 759 395 787 450; x_wconf 93' lang='lat' dir='ltr'><strong>et</strong></span> <span class='ocrx_word' id='word_1_17' title='bbox 797 384 970 448; x_wconf 86' lang='lat' dir='ltr'><strong>conferendi</strong></span> <span class='ocrx_word' id='word_1_18' title='bbox 985 389 1170 446; x_wconf 79' lang='lat' dir='ltr'><strong>sacramenta</strong></span> 
     </span>
     <span class='ocr_line' id='line_1_4' title="bbox 196 471 1171 556; baseline -0.004 -20"><span class='ocrx_word' id='word_1_19' title='bbox 196 479 241 538; x_wconf 84' lang='lat' dir='ltr'><strong>rel</strong></span> <span class='ocrx_word' id='word_1_20' title='bbox 254 478 497 553; x_wconf 75' lang='lat' dir='ltr'><strong>sacramentalia,</strong></span> <span class='ocrx_word' id='word_1_21' title='bbox 513 479 584 540; x_wconf 87' lang='lat' dir='ltr'><strong>cirm</strong></span> <span class='ocrx_word' id='word_1_22' title='bbox 597 485 700 540; x_wconf 89' lang='lat' dir='ltr'><strong>tamen</strong></span> <span class='ocrx_word' id='word_1_23' title='bbox 715 478 752 539; x_wconf 90' lang='lat' dir='ltr'><strong>sit</strong></span> <span class='ocrx_word' id='word_1_24' title='bbox 769 495 850 540; x_wconf 91' lang='lat' dir='ltr'><strong>unus</strong></span> <span class='ocrx_word' id='word_1_25' title='bbox 870 493 905 537; x_wconf 84' lang='lat' dir='ltr'><strong>ex</strong></span> <span class='ocrx_word' id='word_1_26' title='bbox 922 474 1080 556; x_wconf 76' lang='lat' dir='ltr'><strong>praecipuis</strong></span> <span class='ocrx_word' id='word_1_27' title='bbox 1101 471 1171 533; x_wconf 88' lang='lat' dir='ltr'><strong>acti·</strong></span> 
     </span>
     <span class='ocr_line' id='line_1_5' title="bbox 196 562 1169 648; baseline -0.006 -20"><span class='ocrx_word' id='word_1_28' title='bbox 196 565 253 629; x_wconf 93' lang='lat' dir='ltr'><strong>bus</strong></span> <span class='ocrx_word' id='word_1_29' title='bbox 276 567 417 648; x_wconf 79' lang='lat' dir='ltr'><strong>legitimae</strong></span> <span class='ocrx_word' id='word_1_30' title='bbox 437 567 654 648; x_wconf 85' lang='lat' dir='ltr'><strong>jurisdictionis</strong></span> <span class='ocrx_word' id='word_1_31' title='bbox 672 567 722 629; x_wconf 88' lang='lat' dir='ltr'><strong>illa</strong></span> <span class='ocrx_word' id='word_1_32' title='bbox 747 567 850 629; x_wconf 89' lang='lat' dir='ltr'><strong>omnia</strong></span> <span class='ocrx_word' id='word_1_33' title='bbox 866 562 1015 628; x_wconf 85' lang='lat' dir='ltr'><strong>conticere</strong></span> <span class='ocrx_word' id='word_1_34' title='bbox 1033 563 1078 624; x_wconf 87' lang='lat' dir='ltr'><strong>vel</strong></span> <span class='ocrx_word' id='word_1_35' title='bbox 1094 579 1169 624; x_wconf 90' lang='lat' dir='ltr'><strong>con-</strong></span> 
     </span>
     <span class='ocr_line' id='line_1_6' title="bbox 195 653 283 718; baseline 0.023 -2"><span class='ocrx_word' id='word_1_36' title='bbox 195 653 283 718; x_wconf 88' lang='lat' dir='ltr'><strong>serre.</strong></span> 
     </span>
    </p>

    <p class='ocr_par' dir='ltr' id='par_1_3' title="bbox 192 741 1170 2074">
     <span class='ocr_line' id='line_1_7' title="bbox 235 741 1168 820; baseline -0.004 -13"><span class='ocrx_word' id='word_1_37' title='bbox 235 750 304 809; x_wconf 75' lang='lat'>259.</span> <span class='ocrx_word' id='word_1_38' title='bbox 328 745 416 810; x_wconf 88' lang='lat' dir='ltr'>Unde</span> <span class='ocrx_word' id='word_1_39' title='bbox 430 747 549 809; x_wconf 86' lang='lat' dir='ltr'><strong>nultum</strong></span> <span class='ocrx_word' id='word_1_40' title='bbox 564 745 649 808; x_wconf 87' lang='lat' dir='ltr'><strong>video</strong></span> <span class='ocrx_word' id='word_1_41' title='bbox 664 745 818 809; x_wconf 85' lang='lat' dir='ltr'><strong>sufficiens</strong></span> <span class='ocrx_word' id='word_1_42' title='bbox 831 746 977 808; x_wconf 82' lang='lat' dir='ltr'><strong>motivum</strong></span> <span class='ocrx_word' id='word_1_43' title='bbox 992 741 1168 820; x_wconf 83' lang='lat' dir='ltr'><strong>recedendi,</strong></span> 
     </span>
     <span class='ocr_line' id='line_1_8' title="bbox 195 833 1167 916; baseline -0.003 -21"><span class='ocrx_word' id='word_1_44' title='bbox 195 841 285 916; x_wconf 87' lang='lat' dir='ltr'><strong>prout</strong></span> <span class='ocrx_word' id='word_1_45' title='bbox 305 833 369 898; x_wconf 89' lang='lat' dir='ltr'><strong>vuit</strong></span> <span class='ocrx_word' id='word_1_46' title='bbox 385 834 527 916; x_wconf 83' lang='lat' dir='ltr'><strong>praesatus</strong></span> <span class='ocrx_word' id='word_1_47' title='bbox 548 842 651 896; x_wconf 82' lang='lat' dir='ltr'>auctor</span> <span class='ocrx_word' id='word_1_48' title='bbox 674 835 739 912; x_wconf 68' lang='lat' dir='ltr'><strong>(id,</strong></span> <span class='ocrx_word' id='word_1_49' title='bbox 760 855 790 916; x_wconf 90' lang='lat' dir='ltr'><strong>p.</strong></span> <span class='ocrx_word' id='word_1_50' title='bbox 813 835 900 914; x_wconf 76' lang='lat'>523),</span> <span class='ocrx_word' id='word_1_51' title='bbox 917 837 934 895; x_wconf 78' lang='lat' dir='ltr'><strong>a</strong></span> <span class='ocrx_word' id='word_1_52' title='bbox 954 833 1130 896; x_wconf 84' lang='lat' dir='ltr'><strong>definitione</strong></span> <span class='ocrx_word' id='word_1_53' title='bbox 1151 834 1167 892; x_wconf 79' lang='lat' dir='ltr'><strong>ri</strong></span> 
     </span>
     <span class='ocr_line' id='line_1_9' title="bbox 195 919 1168 1004; baseline -0.003 -20"><span class='ocrx_word' id='word_1_54' title='bbox 195 923 298 986; x_wconf 84' lang='lat' dir='ltr'><strong>multis</strong></span> <span class='ocrx_word' id='word_1_55' title='bbox 310 923 418 985; x_wconf 74' lang='lat' dir='ltr'><strong>tradita</strong></span> <span class='ocrx_word' id='word_1_56' title='bbox 432 925 483 1004; x_wconf 86' lang='lat' dir='ltr'><strong>qui</strong></span> <span class='ocrx_word' id='word_1_57' title='bbox 504 923 609 986; x_wconf 90' lang='lat' dir='ltr'><strong>dicunt</strong></span> <span class='ocrx_word' id='word_1_58' title='bbox 627 943 634 983; x_wconf 92' lang='lat'>:</span> <span class='ocrx_word' id='word_1_59' title='bbox 652 925 829 986; x_wconf 85' lang='lat' dir='ltr'><strong>Potestatem</strong></span> <span class='ocrx_word' id='word_1_60' title='bbox 841 921 1062 1004; x_wconf 83' lang='lat' dir='ltr'><strong>jurisdictionis</strong></span> <span class='ocrx_word' id='word_1_61' title='bbox 1081 919 1168 982; x_wconf 81' lang='lat' dir='ltr'><strong>eccle·</strong></span> 
     </span>
     <span class='ocr_line' id='line_1_10' title="bbox 194 1009 1169 1094; baseline -0.002 -22"><span class='ocrx_word' id='word_1_62' title='bbox 194 1012 321 1074; x_wconf 82' lang='lat' dir='ltr'><strong>siasticoe</strong></span> <span class='ocrx_word' id='word_1_63' title='bbox 337 1031 394 1074; x_wconf 85' lang='lat' dir='ltr'><strong>esse</strong></span> <span class='ocrx_word' id='word_1_64' title='bbox 414 1019 584 1094; x_wconf 85' lang='lat' dir='ltr'><strong>potestatem</strong></span> <span class='ocrx_word' id='word_1_65' title='bbox 606 1011 726 1094; x_wconf 80' lang='lat' dir='ltr'><strong>rependi</strong></span> <span class='ocrx_word' id='word_1_66' title='bbox 743 1021 772 1074; x_wconf 91' lang='lat' dir='ltr'><strong>et</strong></span> <span class='ocrx_word' id='word_1_67' title='bbox 791 1011 974 1094; x_wconf 78' lang='lat' dir='ltr'><strong>pateraendi</strong></span> <span class='ocrx_word' id='word_1_68' title='bbox 991 1009 1118 1072; x_wconf 82' lang='lat' dir='ltr'><strong>sabditos</strong></span> <span class='ocrx_word' id='word_1_69' title='bbox 1138 1009 1169 1070; x_wconf 83' lang='lat' dir='ltr'><strong>in</strong></span> 
     </span>
     <span class='ocr_line' id='line_1_11' title="bbox 194 1100 1170 1184; baseline -0.002 -22"><span class='ocrx_word' id='word_1_70' title='bbox 194 1101 343 1162; x_wconf 76' lang='lat' dir='ltr'><strong>ordinarat</strong></span> <span class='ocrx_word' id='word_1_71' title='bbox 352 1103 445 1162; x_wconf 86' lang='lat' dir='ltr'><strong>vitem</strong></span> <span class='ocrx_word' id='word_1_72' title='bbox 455 1109 606 1164; x_wconf 79' lang='lat' dir='ltr'><strong>(eternam.</strong></span> <span class='ocrx_word' id='word_1_73' title='bbox 619 1105 653 1162; x_wconf 90' lang='lat' dir='ltr'><strong>tn</strong></span> <span class='ocrx_word' id='word_1_74' title='bbox 662 1121 754 1184; x_wconf 89' lang='lat' dir='ltr'><strong>quarn</strong></span> <span class='ocrx_word' id='word_1_75' title='bbox 763 1101 971 1164; x_wconf 86' lang='lat' dir='ltr'><strong>definitionem</strong></span> <span class='ocrx_word' id='word_1_76' title='bbox 979 1100 1085 1162; x_wconf 77' lang='lat' dir='ltr'><strong>recidit</strong></span> <span class='ocrx_word' id='word_1_77' title='bbox 1095 1101 1170 1181; x_wconf 89' lang='lat' dir='ltr'><strong>ipsa-</strong></span> 
     </span>
     <span class='ocr_line' id='line_1_12' title="bbox 194 1189 1167 1272; baseline 0 -22"><span class='ocrx_word' id='word_1_78' title='bbox 194 1198 257 1251; x_wconf 87' lang='lat' dir='ltr'><strong>met</strong></span> <span class='ocrx_word' id='word_1_79' title='bbox 269 1189 398 1252; x_wconf 89' lang='lat' dir='ltr'><strong>ditinitio</strong></span> <span class='ocrx_word' id='word_1_80' title='bbox 408 1193 444 1252; x_wconf 91' lang='lat' dir='ltr'><strong>D.</strong></span> <span class='ocrx_word' id='word_1_81' title='bbox 457 1191 567 1263; x_wconf 87' lang='lat' dir='ltr'><strong>Bouix,</strong></span> <span class='ocrx_word' id='word_1_82' title='bbox 580 1191 671 1272; x_wconf 84' lang='lat' dir='ltr'><strong>paulo</strong></span> <span class='ocrx_word' id='word_1_83' title='bbox 680 1197 749 1253; x_wconf 86' lang='lat' dir='ltr'><strong>ante</strong></span> <span class='ocrx_word' id='word_1_84' title='bbox 759 1193 846 1272; x_wconf 81' lang='lat' dir='ltr'><strong>(page</strong></span> <span class='ocrx_word' id='word_1_85' title='bbox 861 1193 930 1266; x_wconf 80' lang='lat' dir='ltr'><strong>etr)</strong></span> <span class='ocrx_word' id='word_1_86' title='bbox 941 1190 979 1252; x_wconf 90' lang='lat' dir='ltr'><strong>ab</strong></span> <span class='ocrx_word' id='word_1_87' title='bbox 987 1191 1052 1272; x_wconf 92' lang='lat' dir='ltr'><strong>ipso</strong></span> <span class='ocrx_word' id='word_1_88' title='bbox 1062 1189 1167 1260; x_wconf 75' lang='lat' dir='ltr'><strong>allata,</strong></span> 
     </span>
     <span class='ocr_line' id='line_1_13' title="bbox 193 1276 1168 1362; baseline 0 -24"><span class='ocrx_word' id='word_1_89' title='bbox 193 1276 245 1339; x_wconf 91' lang='lat' dir='ltr'><strong>ubi</strong></span> <span class='ocrx_word' id='word_1_90' title='bbox 268 1277 444 1360; x_wconf 80' lang='lat' dir='ltr'><strong>dicitquod</strong></span> <span class='ocrx_word' id='word_1_91' title='bbox 472 1280 680 1343; x_wconf 73' lang='lat' dir='ltr'><strong>«iurisdictio</strong></span> <span class='ocrx_word' id='word_1_92' title='bbox 702 1280 869 1362; x_wconf 76' lang='lat' dir='ltr'><strong>generatim</strong></span> <span class='ocrx_word' id='word_1_93' title='bbox 892 1279 1058 1361; x_wconf 79' lang='lat' dir='ltr'><strong>appellatur</strong></span> <span class='ocrx_word' id='word_1_94' title='bbox 1071 1287 1168 1360; x_wconf 87' lang='lat' dir='ltr'><strong>potes·</strong></span> 
     </span>
     <span class='ocr_line' id='line_1_14' title="bbox 193 1368 1169 1451; baseline 0.001 -24"><span class='ocrx_word' id='word_1_95' title='bbox 193 1387 210 1427; x_wconf 72' lang='lat' dir='ltr'><strong>e</strong></span> <span class='ocrx_word' id='word_1_96' title='bbox 236 1375 280 1430; x_wconf 78' lang='lat' dir='ltr'><strong>tat</strong></span> <span class='ocrx_word' id='word_1_97' title='bbox 299 1389 332 1431; x_wconf 87' lang='lat' dir='ltr'><strong>ea</strong></span> <span class='ocrx_word' id='word_1_98' title='bbox 346 1370 443 1430; x_wconf 81' lang='lat' dir='ltr'><strong>arania</strong></span> <span class='ocrx_word' id='word_1_99' title='bbox 463 1369 583 1451; x_wconf 79' lang='lat' dir='ltr'><strong>parendi</strong></span> <span class='ocrx_word' id='word_1_100' title='bbox 604 1379 691 1451; x_wconf 83' lang='lat' dir='ltr'><strong>atque</strong></span> <span class='ocrx_word' id='word_1_101' title='bbox 707 1368 891 1450; x_wconf 79' lang='lat' dir='ltr'><strong>puberacndi</strong></span> <span class='ocrx_word' id='word_1_102' title='bbox 900 1416 907 1444; x_wconf 88' lang='lat'><strong>‚</strong></span> <span class='ocrx_word' id='word_1_103' title='bbox 923 1388 988 1450; x_wconf 81' lang='lat' dir='ltr'><strong>quar</strong></span> <span class='ocrx_word' id='word_1_104' title='bbox 1007 1368 1046 1428; x_wconf 85' lang='lat' dir='ltr'><strong>od</strong></span> <span class='ocrx_word' id='word_1_105' title='bbox 1066 1368 1169 1428; x_wconf 82' lang='lat' dir='ltr'><strong>bonam</strong></span> 
     </span>
     <span class='ocr_line' id='line_1_15' title="bbox 192 1457 1169 1540; baseline 0.003 -24"><span class='ocrx_word' id='word_1_106' title='bbox 192 1477 209 1516; x_wconf 74' lang='lat' dir='ltr'><strong>a</strong></span> <span class='ocrx_word' id='word_1_107' title='bbox 233 1457 266 1519; x_wconf 83' lang='lat' dir='ltr'><em>E</em></span> <span class='ocrx_word' id='word_1_108' title='bbox 266 1457 376 1520; x_wconf 77' lang='lat' dir='ltr'><strong>eclesie</strong></span> <span class='ocrx_word' id='word_1_109' title='bbox 388 1457 609 1520; x_wconf 65' lang='lat' dir='ltr'><strong>corservandum</strong></span> <span class='ocrx_word' id='word_1_110' title='bbox 619 1467 648 1519; x_wconf 86' lang='lat' dir='ltr'><strong>et</strong></span> <span class='ocrx_word' id='word_1_111' title='bbox 658 1457 883 1540; x_wconf 81' lang='lat' dir='ltr'><strong>promovendum</strong></span> <span class='ocrx_word' id='word_1_112' title='bbox 895 1458 1055 1538; x_wconf 78' lang='lat' dir='ltr'><strong>pertinent.</strong></span> <span class='ocrx_word' id='word_1_113' title='bbox 1067 1480 1081 1514; x_wconf 83' lang='lat' dir='ltr'><strong>n</strong></span> <span class='ocrx_word' id='word_1_114' title='bbox 1100 1457 1169 1528; x_wconf 87' lang='lat' dir='ltr'><strong>Oui-</strong></span> 
     </span>
     <span class='ocr_line' id='line_1_16' title="bbox 194 1545 1168 1629; baseline -0.001 -22"><span class='ocrx_word' id='word_1_115' title='bbox 194 1545 355 1610; x_wconf 87' lang='lat' dir='ltr'><strong>busrerbis</strong></span> <span class='ocrx_word' id='word_1_116' title='bbox 370 1566 429 1608; x_wconf 92' lang='lat' dir='ltr'><strong>non</strong></span> <span class='ocrx_word' id='word_1_117' title='bbox 439 1548 537 1609; x_wconf 89' lang='lat' dir='ltr'><strong>solirm</strong></span> <span class='ocrx_word' id='word_1_118' title='bbox 553 1547 727 1629; x_wconf 81' lang='lat' dir='ltr'><strong>designatur</strong></span> <span class='ocrx_word' id='word_1_119' title='bbox 741 1555 871 1629; x_wconf 87' lang='lat' dir='ltr'><strong>potestas</strong></span> <span class='ocrx_word' id='word_1_120' title='bbox 880 1545 1087 1628; x_wconf 73' lang='lat' dir='ltr'><strong>preripiendi,</strong></span> <span class='ocrx_word' id='word_1_121' title='bbox 1104 1566 1168 1608; x_wconf 84' lang='lat' dir='ltr'><strong>cor-</strong></span> 
     </span>
     <span class='ocr_line' id='line_1_17' title="bbox 193 1635 1167 1719; baseline 0.002 -23"><span class='ocrx_word' id='word_1_122' title='bbox 193 1637 312 1716; x_wconf 63' lang='lat' dir='ltr'><strong>rependi</strong></span> <span class='ocrx_word' id='word_1_123' title='bbox 324 1685 331 1708; x_wconf 85' lang='lat'>,</span> <span class='ocrx_word' id='word_1_124' title='bbox 341 1637 502 1718; x_wconf 81' lang='lat' dir='ltr'><strong>judicandi</strong></span> <span class='ocrx_word' id='word_1_125' title='bbox 515 1643 545 1700; x_wconf 89' lang='lat' dir='ltr'><strong>et</strong></span> <span class='ocrx_word' id='word_1_126' title='bbox 554 1635 697 1719; x_wconf 81' lang='lat' dir='ltr'><strong>puniendi</strong></span> <span class='ocrx_word' id='word_1_127' title='bbox 710 1683 717 1712; x_wconf 88' lang='lat'>‚</span> <span class='ocrx_word' id='word_1_128' title='bbox 733 1635 891 1698; x_wconf 88' lang='lat' dir='ltr'><strong>sedetiam</strong></span> <span class='ocrx_word' id='word_1_129' title='bbox 905 1639 984 1698; x_wconf 79' lang='lat' dir='ltr'><strong>certe</strong></span> <span class='ocrx_word' id='word_1_130' title='bbox 1004 1635 1060 1697; x_wconf 86' lang='lat' dir='ltr'><strong>alia</strong></span> <span class='ocrx_word' id='word_1_131' title='bbox 1074 1636 1167 1698; x_wconf 84' lang='lat' dir='ltr'><strong>multa</strong></span> 
     </span>
     <span class='ocr_line' id='line_1_18' title="bbox 193 1725 1168 1808; baseline 0.002 -22"><span class='ocrx_word' id='word_1_132' title='bbox 193 1725 413 1808; x_wconf 79' lang='lat' dir='ltr'><strong>intelliguntur,</strong></span> <span class='ocrx_word' id='word_1_133' title='bbox 424 1745 533 1808; x_wconf 86' lang='lat' dir='ltr'><strong>nempe</strong></span> <span class='ocrx_word' id='word_1_134' title='bbox 543 1726 667 1789; x_wconf 87' lang='lat' dir='ltr'><strong>tacuttas</strong></span> <span class='ocrx_word' id='word_1_135' title='bbox 680 1725 820 1798; x_wconf 78' lang='lat' dir='ltr'><strong>docendi,</strong></span> <span class='ocrx_word' id='word_1_136' title='bbox 833 1727 930 1788; x_wconf 83' lang='lat' dir='ltr'><strong>varias</strong></span> <span class='ocrx_word' id='word_1_137' title='bbox 944 1725 1168 1788; x_wconf 88' lang='lat' dir='ltr'><strong>benedictiones</strong></span> 
     </span>
     <span class='ocr_line' id='line_1_19' title="bbox 193 1814 1167 1896; baseline -0.002 -18"><span class='ocrx_word' id='word_1_138' title='bbox 193 1821 224 1878; x_wconf 86' lang='lat' dir='ltr'><strong>et</strong></span> <span class='ocrx_word' id='word_1_139' title='bbox 248 1823 435 1878; x_wconf 85' lang='lat' dir='ltr'><strong>sacramenta</strong></span> <span class='ocrx_word' id='word_1_140' title='bbox 459 1815 676 1896; x_wconf 79' lang='lat' dir='ltr'><strong>permittendi,</strong></span> <span class='ocrx_word' id='word_1_141' title='bbox 701 1815 780 1878; x_wconf 89' lang='lat' dir='ltr'><strong>bona</strong></span> <span class='ocrx_word' id='word_1_142' title='bbox 802 1816 1003 1877; x_wconf 84' lang='lat' dir='ltr'><strong>Ecclesiarum</strong></span> <span class='ocrx_word' id='word_1_143' title='bbox 1026 1814 1167 1876; x_wconf 78' lang='lat' dir='ltr'><strong>adminis</strong></span> 
     </span>
     <span class='ocr_line' id='line_1_20' title="bbox 193 1903 1167 1986; baseline 0 -22"><span class='ocrx_word' id='word_1_144' title='bbox 193 1904 290 1966; x_wconf 87' lang='lat' dir='ltr'><strong>trandi</strong></span> <span class='ocrx_word' id='word_1_145' title='bbox 300 1925 308 1981; x_wconf 86' lang='lat'><em>3</em></span> <span class='ocrx_word' id='word_1_146' title='bbox 325 1922 388 1967; x_wconf 92' lang='lat' dir='ltr'><strong>uno</strong></span> <span class='ocrx_word' id='word_1_147' title='bbox 408 1905 519 1982; x_wconf 86' lang='lat' dir='ltr'><strong>verbo,</strong></span> <span class='ocrx_word' id='word_1_148' title='bbox 536 1904 664 1966; x_wconf 83' lang='lat' dir='ltr'><strong>faciendi</strong></span> <span class='ocrx_word' id='word_1_149' title='bbox 679 1903 827 1986; x_wconf 92' lang='lat' dir='ltr'><strong>quidquid</strong></span> <span class='ocrx_word' id='word_1_150' title='bbox 842 1903 1011 1966; x_wconf 82' lang='lat' dir='ltr'><strong>conducere</strong></span> <span class='ocrx_word' id='word_1_151' title='bbox 1032 1903 1106 1966; x_wconf 84' lang='lat' dir='ltr'><strong>valet</strong></span> <span class='ocrx_word' id='word_1_152' title='bbox 1129 1903 1167 1966; x_wconf 88' lang='lat' dir='ltr'><strong>ad</strong></span> 
     </span>
     <span class='ocr_line' id='line_1_21' title="bbox 193 1991 625 2074; baseline 0.002 -20"><span class='ocrx_word' id='word_1_153' title='bbox 193 1991 308 2055; x_wconf 91' lang='lat' dir='ltr'><strong>bonum</strong></span> <span class='ocrx_word' id='word_1_154' title='bbox 322 1994 463 2055; x_wconf 85' lang='lat' dir='ltr'><strong>Ecclesiae</strong></span> <span class='ocrx_word' id='word_1_155' title='bbox 478 1995 625 2074; x_wconf 76' lang='lat' dir='ltr'><strong>regimen.</strong></span> 
     </span>
    </p>

    <p class='ocr_par' dir='ltr' id='par_1_4' title="bbox 192 2083 1167 2858">
     <span class='ocr_line' id='line_1_22' title="bbox 232 2083 1167 2166; baseline -0.001 -21"><span class='ocrx_word' id='word_1_156' title='bbox 232 2087 302 2146; x_wconf 76' lang='lat'><strong>260.</strong></span> <span class='ocrx_word' id='word_1_157' title='bbox 329 2083 474 2163; x_wconf 79' lang='lat' dir='ltr'><strong>Legitima</strong></span> <span class='ocrx_word' id='word_1_158' title='bbox 491 2083 614 2164; x_wconf 88' lang='lat' dir='ltr'><strong>quidem</strong></span> <span class='ocrx_word' id='word_1_159' title='bbox 634 2089 764 2166; x_wconf 90' lang='lat' dir='ltr'><strong>potestas</strong></span> <span class='ocrx_word' id='word_1_160' title='bbox 782 2101 836 2146; x_wconf 88' lang='lat' dir='ltr'><strong>seu</strong></span> <span class='ocrx_word' id='word_1_161' title='bbox 857 2083 1031 2145; x_wconf 88' lang='lat' dir='ltr'><strong>exercitium</strong></span> <span class='ocrx_word' id='word_1_162' title='bbox 1052 2083 1167 2145; x_wconf 87' lang='lat' dir='ltr'><strong>ordinis</strong></span> 
     </span>
     <span class='ocr_line' id='line_1_23' title="bbox 192 2173 1162 2253; baseline 0.001 -19"><span class='ocrx_word' id='word_1_163' title='bbox 192 2173 364 2234; x_wconf 84' lang='lat' dir='ltr'><strong>continetur</strong></span> <span class='ocrx_word' id='word_1_164' title='bbox 384 2173 473 2234; x_wconf 91' lang='lat' dir='ltr'><strong>etiam</strong></span> <span class='ocrx_word' id='word_1_165' title='bbox 488 2173 520 2234; x_wconf 96' lang='lat' dir='ltr'><strong>in</strong></span> <span class='ocrx_word' id='word_1_166' title='bbox 541 2180 683 2253; x_wconf 81' lang='lat' dir='ltr'><strong>potestate</strong></span> <span class='ocrx_word' id='word_1_167' title='bbox 701 2173 916 2252; x_wconf 88' lang='lat' dir='ltr'><strong>jurisdictionis</strong></span> <span class='ocrx_word' id='word_1_168' title='bbox 935 2174 977 2234; x_wconf 91' lang='lat' dir='ltr'><strong>sic</strong></span> <span class='ocrx_word' id='word_1_169' title='bbox 998 2173 1162 2244; x_wconf 81' lang='lat' dir='ltr'><strong>intellectae,</strong></span> 
     </span>
     <span class='ocr_line' id='line_1_24' title="bbox 193 2261 1166 2344; baseline 0.001 -22"><span class='ocrx_word' id='word_1_170' title='bbox 193 2261 246 2323; x_wconf 89' lang='lat' dir='ltr'><strong>sed</strong></span> <span class='ocrx_word' id='word_1_171' title='bbox 261 2261 341 2324; x_wconf 88' lang='lat' dir='ltr'><strong>idem</strong></span> <span class='ocrx_word' id='word_1_172' title='bbox 355 2262 414 2323; x_wconf 92' lang='lat' dir='ltr'><strong>dici</strong></span> <span class='ocrx_word' id='word_1_173' title='bbox 431 2261 582 2344; x_wconf 89' lang='lat' dir='ltr'><strong>nequitde</strong></span> <span class='ocrx_word' id='word_1_174' title='bbox 592 2269 736 2342; x_wconf 83' lang='lat' dir='ltr'><strong>potestate</strong></span> <span class='ocrx_word' id='word_1_175' title='bbox 746 2261 861 2323; x_wconf 90' lang='lat' dir='ltr'><strong>ordinis</strong></span> <span class='ocrx_word' id='word_1_176' title='bbox 875 2261 1030 2342; x_wconf 77' lang='lat' dir='ltr'><strong>illegitima</strong></span> <span class='ocrx_word' id='word_1_177' title='bbox 1044 2261 1166 2342; x_wconf 82' lang='lat' dir='ltr'><strong>quando</strong></span> 
     </span>
     <span class='ocr_line' id='line_1_25' title="bbox 194 2351 1166 2432; baseline 0.003 -21"><span class='ocrx_word' id='word_1_178' title='bbox 194 2369 304 2432; x_wconf 92' lang='lat' dir='ltr'><strong>nempe</strong></span> <span class='ocrx_word' id='word_1_179' title='bbox 318 2359 472 2414; x_wconf 82' lang='lat' dir='ltr'><strong>exercetur</strong></span> <span class='ocrx_word' id='word_1_180' title='bbox 487 2353 552 2412; x_wconf 89' lang='lat' dir='ltr'><strong>sine</strong></span> <span class='ocrx_word' id='word_1_181' title='bbox 566 2351 720 2412; x_wconf 90' lang='lat' dir='ltr'><strong>missione.</strong></span> <span class='ocrx_word' id='word_1_182' title='bbox 737 2353 840 2432; x_wconf 88' lang='lat' dir='ltr'><strong>Itaque</strong></span> <span class='ocrx_word' id='word_1_183' title='bbox 855 2351 912 2413; x_wconf 82' lang='lat' dir='ltr'><strong>ittae</strong></span> <span class='ocrx_word' id='word_1_184' title='bbox 926 2352 993 2412; x_wconf 76' lang='lat' dir='ltr'><strong>duee</strong></span> <span class='ocrx_word' id='word_1_185' title='bbox 1008 2359 1166 2432; x_wconf 84' lang='lat' dir='ltr'><strong>potestates</strong></span> 
     </span>
     <span class='ocr_line' id='line_1_26' title="bbox 193 2437 1165 2522; baseline 0.001 -22"><span class='ocrx_word' id='word_1_186' title='bbox 193 2439 305 2501; x_wconf 82' lang='lat' dir='ltr'><strong>ordinis</strong></span> <span class='ocrx_word' id='word_1_187' title='bbox 317 2447 346 2503; x_wconf 91' lang='lat' dir='ltr'><strong>et</strong></span> <span class='ocrx_word' id='word_1_188' title='bbox 351 2440 573 2522; x_wconf 80' lang='lat' dir='ltr'><strong>jurisdictionis</strong></span> <span class='ocrx_word' id='word_1_189' title='bbox 588 2437 736 2502; x_wconf 75' lang='lat' dir='ltr'><strong>distincte</strong></span> <span class='ocrx_word' id='word_1_190' title='bbox 750 2439 874 2522; x_wconf 84' lang='lat' dir='ltr'><strong>quidem</strong></span> <span class='ocrx_word' id='word_1_191' title='bbox 889 2447 958 2502; x_wconf 89' lang='lat' dir='ltr'><strong>sunt</strong></span> <span class='ocrx_word' id='word_1_192' title='bbox 972 2449 1001 2501; x_wconf 91' lang='lat' dir='ltr'><strong>ct</strong></span> <span class='ocrx_word' id='word_1_193' title='bbox 1015 2443 1030 2500; x_wconf 78' lang='lat' dir='ltr'><strong>it</strong></span> <span class='ocrx_word' id='word_1_194' title='bbox 1042 2459 1074 2501; x_wconf 88' lang='lat' dir='ltr'><strong>se</strong></span> <span class='ocrx_word' id='word_1_195' title='bbox 1089 2441 1165 2501; x_wconf 91' lang='lat' dir='ltr'><strong>invi-</strong></span> 
     </span>
     <span class='ocr_line' id='line_1_27' title="bbox 192 2527 1165 2610; baseline 0.002 -20"><span class='ocrx_word' id='word_1_196' title='bbox 192 2547 260 2590; x_wconf 86' lang='lat' dir='ltr'><strong>cem</strong></span> <span class='ocrx_word' id='word_1_197' title='bbox 281 2537 351 2592; x_wconf 91' lang='lat' dir='ltr'><strong>sunt</strong></span> <span class='ocrx_word' id='word_1_198' title='bbox 371 2528 570 2610; x_wconf 87' lang='lat' dir='ltr'><strong>separabiles;</strong></span> <span class='ocrx_word' id='word_1_199' title='bbox 586 2527 639 2589; x_wconf 90' lang='lat' dir='ltr'><strong>sed</strong></span> <span class='ocrx_word' id='word_1_200' title='bbox 658 2547 720 2590; x_wconf 96' lang='lat' dir='ltr'><strong>non</strong></span> <span class='ocrx_word' id='word_1_201' title='bbox 739 2527 807 2590; x_wconf 80' lang='lat' dir='ltr'><strong>ideo</strong></span> <span class='ocrx_word' id='word_1_202' title='bbox 827 2530 996 2591; x_wconf 81' lang='lat' dir='ltr'><strong>necessario</strong></span> <span class='ocrx_word' id='word_1_203' title='bbox 1017 2548 1050 2590; x_wconf 91' lang='lat' dir='ltr'><strong>se</strong></span> <span class='ocrx_word' id='word_1_204' title='bbox 1062 2530 1165 2593; x_wconf 82' lang='lat' dir='ltr'><strong>crolu-</strong></span> 
     </span>
     <span class='ocr_line' id='line_1_28' title="bbox 193 2617 1165 2701; baseline 0.006 -23"><span class='ocrx_word' id='word_1_205' title='bbox 193 2619 291 2696; x_wconf 81' lang='lat' dir='ltr'><strong>drmt,</strong></span> <span class='ocrx_word' id='word_1_206' title='bbox 315 2619 390 2700; x_wconf 90' lang='lat' dir='ltr'><strong>quin</strong></span> <span class='ocrx_word' id='word_1_207' title='bbox 412 2619 511 2701; x_wconf 85' lang='lat' dir='ltr'><strong>potiits</strong></span> <span class='ocrx_word' id='word_1_208' title='bbox 535 2617 686 2696; x_wconf 87' lang='lat' dir='ltr'><strong>objectum</strong></span> <span class='ocrx_word' id='word_1_209' title='bbox 714 2619 806 2682; x_wconf 88' lang='lat' dir='ltr'><strong>unius</strong></span> <span class='ocrx_word' id='word_1_210' title='bbox 828 2625 925 2700; x_wconf 88' lang='lat' dir='ltr'><strong>potest</strong></span> <span class='ocrx_word' id='word_1_211' title='bbox 946 2637 1067 2700; x_wconf 85' lang='lat' dir='ltr'><strong>quoque</strong></span> <span class='ocrx_word' id='word_1_212' title='bbox 1099 2638 1165 2684; x_wconf 87' lang='lat' dir='ltr'><strong>esse</strong></span> 
     </span>
     <span class='ocr_line' id='line_1_29' title="bbox 192 2707 1165 2791; baseline 0.004 -23"><span class='ocrx_word' id='word_1_213' title='bbox 192 2708 343 2786; x_wconf 85' lang='lat' dir='ltr'><strong>objectum</strong></span> <span class='ocrx_word' id='word_1_214' title='bbox 367 2709 508 2785; x_wconf 83' lang='lat' dir='ltr'><strong>alterius,</strong></span> <span class='ocrx_word' id='word_1_215' title='bbox 533 2707 610 2768; x_wconf 87' lang='lat' dir='ltr'><strong>sicut</strong></span> <span class='ocrx_word' id='word_1_216' title='bbox 635 2708 783 2790; x_wconf 84' lang='lat' dir='ltr'><strong>contingit</strong></span> <span class='ocrx_word' id='word_1_217' title='bbox 808 2708 841 2769; x_wconf 94' lang='lat' dir='ltr'><strong>in</strong></span> <span class='ocrx_word' id='word_1_218' title='bbox 867 2708 1001 2791; x_wconf 86' lang='lat' dir='ltr'><strong>legitimo</strong></span> <span class='ocrx_word' id='word_1_219' title='bbox 1023 2709 1165 2772; x_wconf 85' lang='lat' dir='ltr'><strong>exercitio</strong></span> 
     </span>
     <span class='ocr_line' id='line_1_30' title="bbox 192 2796 346 2858; baseline -0.006 0"><span class='ocrx_word' id='word_1_220' title='bbox 192 2796 346 2858; x_wconf 88' lang='lat' dir='ltr'><strong>ordinum.</strong></span> 
     </span>
    </p>

    <p class='ocr_par' dir='ltr' id='par_1_5' title="bbox 114 2885 1163 3233">
     <span class='ocr_line' id='line_1_31' title="bbox 231 2885 1163 2970; baseline 0.003 -22"><span class='ocrx_word' id='word_1_221' title='bbox 231 2887 296 2948; x_wconf 86' lang='lat' dir='ltr'><strong>Imd</strong></span> <span class='ocrx_word' id='word_1_222' title='bbox 309 2885 471 2968; x_wconf 82' lang='lat' dir='ltr'><strong>aliquando</strong></span> <span class='ocrx_word' id='word_1_223' title='bbox 488 2893 615 2968; x_wconf 88' lang='lat' dir='ltr'><strong>utraque</strong></span> <span class='ocrx_word' id='word_1_224' title='bbox 628 2893 758 2970; x_wconf 87' lang='lat' dir='ltr'><strong>potestas</strong></span> <span class='ocrx_word' id='word_1_225' title='bbox 771 2887 861 2950; x_wconf 90' lang='lat' dir='ltr'><strong>simul</strong></span> <span class='ocrx_word' id='word_1_226' title='bbox 879 2887 1041 2968; x_wconf 87' lang='lat' dir='ltr'><strong>requiritur</strong></span> <span class='ocrx_word' id='word_1_227' title='bbox 1060 2888 1099 2950; x_wconf 88' lang='lat' dir='ltr'><strong>ad</strong></span> <span class='ocrx_word' id='word_1_228' title='bbox 1112 2907 1163 2951; x_wconf 85' lang='lat' dir='ltr'><strong>va·</strong></span> 
     </span>
     <span class='ocr_line' id='line_1_32' title="bbox 114 2973 1162 3058; baseline 0.006 -22"><span class='ocrx_word' id='word_1_229' title='bbox 114 2994 117 3004; x_wconf 72' lang='lat'>¹</span> <span class='ocrx_word' id='word_1_230' title='bbox 194 2973 337 3036; x_wconf 88' lang='lat' dir='ltr'><strong>iiditatem</strong></span> <span class='ocrx_word' id='word_1_231' title='bbox 351 2977 452 3052; x_wconf 80' lang='lat' dir='ltr'><strong>actus,</strong></span> <span class='ocrx_word' id='word_1_232' title='bbox 473 2976 525 3056; x_wconf 87' lang='lat' dir='ltr'><strong>qui</strong></span> <span class='ocrx_word' id='word_1_233' title='bbox 544 2977 713 3058; x_wconf 79' lang='lat' dir='ltr'><strong>peragitur:</strong></span> <span class='ocrx_word' id='word_1_234' title='bbox 732 2995 758 3039; x_wconf 86' lang='lat' dir='ltr'><strong>v.</strong></span> <span class='ocrx_word' id='word_1_235' title='bbox 776 2997 805 3058; x_wconf 79' lang='lat' dir='ltr'><strong>g.</strong></span> <span class='ocrx_word' id='word_1_236' title='bbox 824 2976 862 3038; x_wconf 86' lang='lat' dir='ltr'><strong>ad</strong></span> <span class='ocrx_word' id='word_1_237' title='bbox 875 2977 1054 3040; x_wconf 80' lang='lat' dir='ltr'><strong>validitatem</strong></span> <span class='ocrx_word' id='word_1_238' title='bbox 1074 2977 1162 3042; x_wconf 90' lang='lat' dir='ltr'><strong>abso-</strong></span> 
     </span>
     <span class='ocr_line' id='line_1_33' title="bbox 192 3063 1163 3148; baseline 0.007 -24"><span class='ocrx_word' id='word_1_239' title='bbox 192 3063 338 3140; x_wconf 76' lang='lat' dir='ltr'><strong>lutionis,</strong></span> <span class='ocrx_word' id='word_1_240' title='bbox 365 3063 456 3125; x_wconf 91' lang='lat' dir='ltr'><strong>simul</strong></span> <span class='ocrx_word' id='word_1_241' title='bbox 483 3065 647 3146; x_wconf 86' lang='lat' dir='ltr'><strong>requiritur</strong></span> <span class='ocrx_word' id='word_1_242' title='bbox 681 3073 810 3148; x_wconf 82' lang='lat' dir='ltr'><strong>potestas</strong></span> <span class='ocrx_word' id='word_1_243' title='bbox 837 3065 951 3128; x_wconf 90' lang='lat' dir='ltr'><strong>ordinis</strong></span> <span class='ocrx_word' id='word_1_244' title='bbox 977 3073 1007 3128; x_wconf 86' lang='lat' dir='ltr'><strong>ct</strong></span> <span class='ocrx_word' id='word_1_245' title='bbox 1033 3073 1163 3145; x_wconf 86' lang='lat' dir='ltr'><strong>potestas</strong></span> 
     </span>
     <span class='ocr_line' id='line_1_34' title="bbox 188 3153 1160 3233; baseline 0.006 -18"><span class='ocrx_word' id='word_1_246' title='bbox 188 3153 416 3233; x_wconf 79' lang='lat' dir='ltr'><strong>jurisdictionis,</strong></span> <span class='ocrx_word' id='word_1_247' title='bbox 428 3159 461 3215; x_wconf 92' lang='lat' dir='ltr'><strong>ut</strong></span> <span class='ocrx_word' id='word_1_248' title='bbox 470 3161 586 3216; x_wconf 85' lang='lat' dir='ltr'><strong>constat</strong></span> <span class='ocrx_word' id='word_1_249' title='bbox 600 3157 758 3218; x_wconf 86' lang='lat' dir='ltr'><strong>exC0ncd.</strong></span> <span class='ocrx_word' id='word_1_250' title='bbox 771 3155 904 3218; x_wconf 84' lang='lat' dir='ltr'><strong>Trident.</strong></span> <span class='ocrx_word' id='word_1_251' title='bbox 920 3157 999 3218; x_wconf 85' lang='lat' dir='ltr'><strong>Sess.</strong></span> <span class='ocrx_word' id='word_1_252' title='bbox 1009 3161 1059 3232; x_wconf 73' lang='lat' dir='ltr'><strong>rt,</strong></span> <span class='ocrx_word' id='word_1_253' title='bbox 1071 3177 1095 3218; x_wconf 87' lang='lat' dir='ltr'><strong>c.</strong></span> <span class='ocrx_word' id='word_1_254' title='bbox 1113 3161 1160 3221; x_wconf 76' lang='lat'><strong>7¹.</strong></span> 
     </span>
    </p>

    <p class='ocr_par' dir='ltr' id='par_1_6' title="bbox 231 3243 1160 3325">
     <span class='ocr_line' id='line_1_35' title="bbox 231 3243 1160 3325; baseline 0.005 -20"><span class='ocrx_word' id='word_1_255' title='bbox 231 3246 301 3305; x_wconf 78' lang='lat' dir='ltr'><strong>rot.</strong></span> <span class='ocrx_word' id='word_1_256' title='bbox 327 3243 393 3304; x_wconf 88' lang='lat' dir='ltr'><strong>Duo</strong></span> <span class='ocrx_word' id='word_1_257' title='bbox 408 3243 614 3325; x_wconf 89' lang='lat' dir='ltr'><strong>hicimprimis</strong></span> <span class='ocrx_word' id='word_1_258' title='bbox 624 3251 693 3307; x_wconf 87' lang='lat' dir='ltr'><strong>ente</strong></span> <span class='ocrx_word' id='word_1_259' title='bbox 706 3245 810 3307; x_wconf 91' lang='lat' dir='ltr'><strong>oculos</strong></span> <span class='ocrx_word' id='word_1_260' title='bbox 824 3245 961 3307; x_wconf 88' lang='lat' dir='ltr'><strong>habenda</strong></span> <span class='ocrx_word' id='word_1_261' title='bbox 975 3253 1044 3308; x_wconf 93' lang='lat' dir='ltr'><strong>sunt</strong></span> <span class='ocrx_word' id='word_1_262' title='bbox 1059 3246 1160 3310; x_wconf 80' lang='lat' dir='ltr'><strong>cadro-</strong></span> 
     </span>
    </p>
   </div>
   <div class='ocr_carea' id='block_1_3' title="bbox 187 3387 1161 3677">
    <p class='ocr_par' dir='ltr' id='par_1_7' title="bbox 187 3387 1161 3677">
     <span class='ocr_line' id='line_1_36' title="bbox 221 3387 1161 3462; baseline 0.009 -22"><span class='ocrx_word' id='word_1_263' title='bbox 221 3395 229 3422; x_wconf 79' lang='lat'><strong>·</strong></span> <span class='ocrx_word' id='word_1_264' title='bbox 247 3387 288 3440; x_wconf 76' lang='lat' dir='ltr'><strong>ttts</strong></span> <span class='ocrx_word' id='word_1_265' title='bbox 307 3393 389 3438; x_wconf 80' lang='lat' dir='ltr'><strong>temen</strong></span> <span class='ocrx_word' id='word_1_266' title='bbox 407 3405 456 3439; x_wconf 89' lang='lat' dir='ltr'><strong>non</strong></span> <span class='ocrx_word' id='word_1_267' title='bbox 474 3391 642 3452; x_wconf 86' lang='lat' dir='ltr'><strong>obstantibus,</strong></span> <span class='ocrx_word' id='word_1_268' title='bbox 657 3391 738 3457; x_wconf 84' lang='lat' dir='ltr'><strong>piures</strong></span> <span class='ocrx_word' id='word_1_269' title='bbox 751 3409 794 3459; x_wconf 91' lang='lat' dir='ltr'><strong>per</strong></span> <span class='ocrx_word' id='word_1_270' title='bbox 806 3393 1003 3460; x_wconf 81' lang='lat' dir='ltr'><strong>jurisdictionem</strong></span> <span class='ocrx_word' id='word_1_271' title='bbox 1020 3395 1161 3462; x_wconf 75' lang='lat' dir='ltr'><strong>intelligunt</strong></span> 
     </span>
     <span class='ocr_line' id='line_1_37' title="bbox 190 3460 1157 3533; baseline 0.01 -23"><span class='ocrx_word' id='word_1_272' title='bbox 190 3460 285 3510; x_wconf 85' lang='lat' dir='ltr'><strong>tentirm</strong></span> <span class='ocrx_word' id='word_1_273' title='bbox 314 3465 457 3525; x_wconf 74' lang='lat' dir='ltr'><strong>potestatem</strong></span> <span class='ocrx_word' id='word_1_274' title='bbox 482 3461 606 3526; x_wconf 76' lang='lat' dir='ltr'><strong>publicam</strong></span> <span class='ocrx_word' id='word_1_275' title='bbox 632 3464 780 3526; x_wconf 73' lang='lat' dir='ltr'><strong>judicandi,</strong></span> <span class='ocrx_word' id='word_1_276' title='bbox 805 3467 974 3530; x_wconf 74' lang='lat' dir='ltr'><strong>preripiendi,</strong></span> <span class='ocrx_word' id='word_1_277' title='bbox 1001 3469 1157 3533; x_wconf 78' lang='lat' dir='ltr'><strong>prohibendi,</strong></span> 
     </span>
     <span class='ocr_line' id='line_1_38' title="bbox 187 3532 1158 3602; baseline 0.011 -21"><span class='ocrx_word' id='word_1_278' title='bbox 187 3532 321 3598; x_wconf 82' lang='lat' dir='ltr'><strong>puniendi,</strong></span> <span class='ocrx_word' id='word_1_279' title='bbox 340 3533 404 3595; x_wconf 78' lang='lat' dir='ltr'><strong>tepea</strong></span> <span class='ocrx_word' id='word_1_280' title='bbox 421 3532 529 3594; x_wconf 76' lang='lat' dir='ltr'><strong>serendi.</strong></span> <span class='ocrx_word' id='word_1_281' title='bbox 545 3534 570 3584; x_wconf 84' lang='lat' dir='ltr'><strong>in</strong></span> <span class='ocrx_word' id='word_1_282' title='bbox 588 3533 664 3598; x_wconf 81' lang='lat' dir='ltr'><strong>iisque</strong></span> <span class='ocrx_word' id='word_1_283' title='bbox 682 3536 878 3599; x_wconf 59' lang='lat' dir='ltr'><strong>dispensandi</strong></span> <span class='ocrx_word' id='word_1_284' title='bbox 901 3537 1043 3598; x_wconf 77' lang='lat' dir='ltr'><strong>Reiffenst.</strong></span> <span class='ocrx_word' id='word_1_285' title='bbox 1066 3539 1109 3590; x_wconf 91' lang='lat' dir='ltr'><strong>tib.</strong></span> <span class='ocrx_word' id='word_1_286' title='bbox 1130 3541 1158 3602; x_wconf 90' lang='lat' dir='ltr'><strong>t,</strong></span> 
     </span>
     <span class='ocr_line' id='line_1_39' title="bbox 190 3603 1159 3677; baseline 0.011 -25"><span class='ocrx_word' id='word_1_287' title='bbox 190 3603 228 3652; x_wconf 84' lang='lat' dir='ltr'><strong>tit.</strong></span> <span class='ocrx_word' id='word_1_288' title='bbox 240 3603 280 3664; x_wconf 77' lang='lat'><strong>29,</strong></span> <span class='ocrx_word' id='word_1_289' title='bbox 294 3615 321 3652; x_wconf 81' lang='lat' dir='ltr'><strong>m</strong></span> <span class='ocrx_word' id='word_1_290' title='bbox 334 3607 364 3662; x_wconf 75' lang='grc' dir='ltr'><strong>ῦς</strong></span> <span class='ocrx_word' id='word_1_291' title='bbox 378 3603 470 3667; x_wconf 78' lang='lat' dir='ltr'><strong>Sogiia,</strong></span> <span class='ocrx_word' id='word_1_292' title='bbox 486 3604 563 3654; x_wconf 83' lang='lat' dir='ltr'><strong>irretit.</strong></span> <span class='ocrx_word' id='word_1_293' title='bbox 575 3605 642 3668; x_wconf 79' lang='lat' dir='ltr'><strong>juria</strong></span> <span class='ocrx_word' id='word_1_294' title='bbox 651 3606 752 3670; x_wconf 75' lang='lat' dir='ltr'><strong>privat,</strong></span> <span class='ocrx_word' id='word_1_295' title='bbox 767 3623 790 3673; x_wconf 88' lang='lat' dir='ltr'><strong>p.</strong></span> <span class='ocrx_word' id='word_1_296' title='bbox 803 3609 830 3669; x_wconf 83' lang='lat' dir='ltr'><strong>t;</strong></span> <span class='ocrx_word' id='word_1_297' title='bbox 844 3613 868 3658; x_wconf 90' lang='lat' dir='ltr'><strong>et</strong></span> <span class='ocrx_word' id='word_1_298' title='bbox 877 3609 944 3659; x_wconf 80' lang='lat' dir='ltr'><strong>duris</strong></span> <span class='ocrx_word' id='word_1_299' title='bbox 953 3609 1053 3674; x_wconf 77' lang='lat' dir='ltr'><strong>pattici,</strong></span> <span class='ocrx_word' id='word_1_300' title='bbox 1067 3625 1091 3677; x_wconf 87' lang='lat' dir='ltr'><strong>p.</strong></span> <span class='ocrx_word' id='word_1_301' title='bbox 1104 3612 1159 3673; x_wconf 75' lang='lat' dir='ltr'><strong>tet,</strong></span> 
     </span>
    </p>
   </div>
   <div class='ocr_carea' id='block_1_4' title="bbox 0 0 1298 3994">
    <p class='ocr_par' dir='ltr' id='par_1_8' title="bbox 0 0 1298 3994">
     <span class='ocr_line' id='line_1_40' title="bbox 0 0 1298 3994; baseline 0 2"><span class='ocrx_word' id='word_1_302' title='bbox 0 0 1298 3994; x_wconf 95' lang='lat' dir='ltr'><strong> </strong></span> 
     </span>
    </p>
   </div>
  </div>
 </body>
</html>
