2496 3992
449 245 532 293 uinea
555 246 671 292 antuus.
980 228 1038 291 697

80 363 202 423 liberam,
218 365 259 411 aut
275 362 407 424 quicquam
426 363 457 413 de
481 363 567 412 ceteris
580 359 680 424 juribus
696 362 833 424 detrahant,
849 363 944 425 quein
961 364 1039 428 ipsam

81 451 98 484 a
108 437 170 485 lesu
183 435 277 482 Christe
291 435 381 484 collata
393 438 459 484 sunt.
474 461 504 471 -
518 433 661 498 lnnegctiis
671 444 753 484 autem
766 435 836 483 ntixti
851 435 924 498 juris,
933 437 1040 487 maxime

82 522 145 558 csse
157 509 293 556 secundum
309 513 422 555 naturam
439 507 547 568 itemque
560 507 700 555 secundum
722 506 764 554 bei
777 507 879 556 consilia
895 521 943 556 non
956 523 1040 558 seces-

82 578 185 629 sionem
197 578 297 627 alteriue
311 577 441 640 potestatis
459 579 489 626 ab
503 579 590 635 altera,
605 579 731 640 multoque
748 577 830 626 minue
850 580 1038 643 contentionem,

82 651 131 699 sed
150 653 221 702 titane
242 651 410 708 concordiam,
421 663 526 710 eamque
541 663 596 698 cum
612 650 705 698 caussis
721 649 840 712 proximis
854 659 1039 716 congruentem,

83 736 144 786 quae
159 735 252 771 caussae
267 727 397 784 utramque
415 721 556 770 societatem
571 726 716 785 genuerunt.

120 795 182 844 llaec
197 795 296 856 quidem
314 800 380 853 sunt,
395 807 451 855 qum
477 793 508 843 de
526 793 707 842 constituendis
725 793 941 856 temperandisque
957 795 1040 845 ciuita-

85 865 156 914 tibus
164 866 196 913 ab
212 863 322 913 Ecclesia
336 863 456 913 catholica
470 863 654 927 praecipiuntur.
673 890 699 900 -
715 863 808 924 Quibus
818 869 900 914 tamen
910 865 981 914 dictis
997 869 1039 917 de·

85 937 213 998 cretlsque
236 935 339 984 sirecte
362 935 493 996 dijudicari
509 936 577 992 uelit,
599 936 668 984 nulla
690 949 736 998 per
749 949 776 984 se
797 937 985 998 reprehenditur
1008 954 1040 988 ex

86 1009 164 1057 uariis
179 1007 320 1071 reipublice
335 1005 428 1062 termis,
444 1011 539 1068 atquae
553 1007 616 1056 nihil
632 1007 732 1066 babent,
745 1006 810 1068 quod
824 1007 941 1057 doctrinm
957 1011 1039 1058 cathu-

86 1081 145 1131 licee
158 1082 289 1142 repugnet,
304 1079 446 1139 caedemque
455 1081 566 1140 possunt,
576 1079 597 1128 ai
613 1078 741 1140 sapienter
755 1077 919 1127 adhibeantur
930 1085 954 1128 et
963 1081 1038 1141 inste,

87 1153 115 1200 in
130 1150 223 1214 optimo
239 1155 304 1198 statu
317 1147 382 1196 tueri
396 1148 528 1197 civitatem.
551 1173 580 1184 —
595 1149 671 1196 lmmo
692 1161 772 1209 neque
788 1148 850 1196 illud
866 1163 910 1211 per
920 1163 947 1198 sc
958 1165 1039 1214 repre-

88 1224 215 1280 hentitur,
240 1219 381 1283 participem
399 1219 453 1282 plus
474 1219 554 1268 minus
576 1233 631 1268 esse
652 1219 770 1280 populum
791 1218 935 1282 reipublice
953 1236 959 1269 :
975 1225 1039 1283 quod

88 1295 172 1356 iprum
183 1293 258 1342 certis
274 1291 299 1340 in
322 1290 474 1352 temporibus
489 1290 613 1352 certisque
628 1290 725 1353 legibus
750 1296 832 1351 potest
846 1305 894 1340 non
909 1293 990 1342 solum
1008 1296 1038 1344 ad

89 1365 233 1420 utilitatem.
248 1363 292 1412 sed
307 1362 421 1411 etiamad
434 1361 674 1423 alticiumpertinere
685 1361 787 1410 civium.
802 1387 831 1398 -
845 1364 950 1425 insuper
961 1379 1041 1428 neque

89 1450 178 1486 caussa
199 1435 266 1496 justa
282 1433 400 1486 nascitur.
415 1437 442 1480 ut
459 1433 591 1481 Ecclesiam
614 1445 746 1494 qumquam
760 1431 911 1492 criminetur,
930 1441 972 1484 aut
986 1453 1042 1488 esse

89 1510 116 1558 in
137 1507 238 1557 lenitate
253 1505 420 1566 facilitateque
432 1505 487 1566 plus
505 1517 576 1565 ecquo
587 1505 733 1562 restrictam,
746 1509 788 1553 aut
804 1504 836 1556 ci.
851 1519 906 1567 qnae
922 1521 1040 1570 germana

90 1587 116 1630 et
130 1579 238 1644 legitima
254 1578 297 1639 sit,
310 1577 416 1625 libertati
442 1575 575 1624 inimicam.
591 1601 620 1612 —-
633 1575 727 1624 Revera
748 1575 769 1624 ei
783 1575 860 1624 divini
881 1579 958 1628 cultus
972 1582 1042 1632 varia

90 1666 181 1716 genera
198 1649 285 1699 cedem
298 1651 352 1710 jure
367 1661 423 1696 esse
436 1661 484 1708 quo
501 1659 583 1696 veram
598 1646 753 1711 religionem,
769 1647 874 1696 Ecclesia
887 1651 983 1710 judicat
993 1667 1041 1703 non

91 1725 175 1780 licere,
191 1736 240 1770 nun
254 1719 309 1768 ideo
324 1724 406 1768 tamen
423 1733 466 1768 eos
480 1718 581 1766 damnat
591 1731 673 1766 rerum
688 1718 841 1780 publicarum
865 1723 1040 1779 moderatores.

92 1795 133 1858 qui
148 1789 343 1858 magnialicujus
357 1795 399 1838 ant
412 1788 565 1852 adipiscendi
581 1789 645 1844 boni.
656 1795 702 1838 aut
718 1789 862 1852 prohibendi
875 1805 961 1842 caussa
973 1796 1039 1856 mali,

93 1867 201 1916 moribus
214 1869 286 1926 atque
298 1877 342 1912 usu
355 1861 475 1925 patienter
489 1861 580 1922 lerunt,
593 1867 626 1930 ut
639 1875 669 1910 ea
682 1863 789 1910 habeant
803 1861 901 1926 singula
917 1865 942 1914 in
959 1866 1041 1917 cirita·

93 1943 141 1987 tem
155 1939 246 1986 locum.
263 1961 294 1970 -
306 1937 384 1995 Atque
401 1933 461 1980 illud
476 1947 573 1994 quaque
589 1946 737 1995 magnopere
752 1946 838 1983 cancre
855 1935 962 1986 Ecclesia
977 1939 1042 1988 solet

93 2015 119 2058 ut
132 2011 161 2058 ad
177 2005 364 2070 amplexandam
376 2003 451 2052 sidem
477 2003 621 2052 catholicam
646 2017 722 2052 nemo
739 2003 830 2053 inuitus
847 2015 958 2069 cupatur,
982 2010 1040 2071 quia

92 2081 156 2143 quod
187 2079 313 2142 sapienter
346 2073 497 2138 Augustinus
533 2079 637 2135 rnenet,
674 2074 776 2124 credere
802 2087 851 2124 aua
880 2083 964 2140 petest
988 2081 1040 2130 atsi

93 2153 175 2202 celent
192 2152 213 2198 ¹.

122 2221 198 2271 Simili
213 2219 306 2270 ratione
320 2231 367 2266 nee
382 2220 463 2279 petest
486 2215 595 2266 Ecclesia
615 2216 754 2266 libertatern
780 2217 883 2279 probare
902 2233 1040 2281 eamque

94 2294 216 2344 festidium
230 2291 315 2355 menet
341 2288 551 2338 sanctissimarum
573 2287 615 2336 bei
632 2289 724 2350 legum,
748 2288 904 2350 debitamque
928 2294 1041 2352 potestati

93 2366 208 2429 legitime
223 2362 388 2412 obedientiam
402 2367 487 2408 exuat.
505 2359 546 2408 Est
559 2359 626 2408 enim
637 2358 832 2412 licentiaverins.
847 2374 918 2421 quam
929 2361 1039 2426 libertas,

93 2436 276 2496 rectissimeque
286 2434 317 2482 ab
332 2431 470 2494 Augustino
487 2431 591 2480 libertos
610 2431 764 2494 perditloata
779 2433 798 2484 θ.
815 2444 829 2478 a
842 2431 911 2480 Petro
926 2434 1040 2496 lpostule

93 2509 204 2558 velamen
214 2508 327 2556 mtttttire
339 2507 349 2541 ³
363 2504 501 2566 appellatur
514 2502 611 2559 :imme
624 2501 723 2552 comsit
735 2506 824 2564 preater
837 2502 966 2560 rationem.
983 2521 1041 2556 ueta

94 2581 195 2632 servitus
217 2583 269 2628 este
287 2579 328 2640 pal
344 2575 409 2625 enim
423 2575 484 2636 facit
502 2586 741 2636 percontamurque
755 2583 791 2622 est
802 2577 897 2634 perirati
911 2575 933 2624 ⁴.
949 2576 1041 2627 Corttra

93 2653 133 2702 illa
143 2656 304 2716 germanacst
317 2653 390 2709 atqua
404 2647 541 2708 expetenda
558 2645 659 2694 libertas
675 2657 738 2706 que.
749 2643 769 2694 si
782 2644 896 2707 privatim
909 2653 1039 2709 spectetur,

93 2724 215 2774 erroribus
228 2726 254 2770 et
272 2717 451 2782 cupiditatibus
464 2715 599 2766 teterrimis
617 2715 723 2764 dominis
746 2716 871 2765 hominem
886 2719 978 2768 servire
992 2735 1039 2770 non

94 2795 150 2844 sinit
170 2808 177 2842 ε
193 2791 214 2842 si
230 2791 336 2854 publice,
349 2788 444 2837 civibus
458 2788 584 2847 sapienter
601 2791 699 2850 praeest,
716 2787 858 2836 facultatem
872 2792 1039 2852 augendorum

94 2864 274 2915 commodarum
295 2866 361 2924 tarpc
385 2857 527 2908 ministrat:
554 2873 654 2920 remque
676 2858 802 2920 publicem
817 2859 848 2906 ab
866 2859 946 2910 alieno
974 2864 1041 2910 arbi-

94 2937 137 2987 trio
151 2933 261 2984 detendit
285 2958 314 2969 -
330 2930 404 2992 Atqui
428 2931 555 2979 honestam
570 2931 634 2978 hanc
650 2933 675 2978 et
689 2928 789 2979 homine
811 2929 912 2993 dignam
938 2933 1039 2982 liberta-

93 3015 147 3058 tem.
173 3004 280 3056 Ecclesia
304 3003 391 3066 probet
413 3000 525 3050 omnium
555 3001 672 3058 maxime,
693 3013 797 3062 eamque
824 3007 851 3050 ut
879 3005 990 3052 tueretur
1015 3005 1040 3055 in

93 3078 182 3143 populis
215 3076 311 3125 llrmam
336 3078 410 3136 etque
441 3071 563 3137 integram
599 3071 658 3122 eniti
680 3073 705 3120 et
733 3073 882 3122 contendere
910 3087 1038 3137 nunquam

93 3150 190 3202 destitit.

121 3223 209 3271 Revera
222 3233 278 3282 qnae
288 3217 361 3268 resin
372 3215 472 3267 civitate
491 3215 626 3280 plurimum
642 3215 673 3264 ad
690 3227 846 3266 communem
861 3217 964 3268 salutem
979 3233 1024 3282 pot

118 3405 135 3448 l.
144 3405 210 3446 Tract.
222 3411 277 3446 xxm
287 3403 309 3444 ln
318 3403 393 3452 torn..
402 3407 427 3442 n⁰
434 3401 458 3444 ἰ.

117 3458 136 3502 E.
147 3459 214 3508 epist.
230 3466 263 3505 ct.
275 3457 300 3497 ad
312 3455 434 3504 donatistas,
444 3467 490 3510 cap.
501 3462 524 3506 tt.
533 3452 588 3498 1100.

117 3511 135 3555 t.
146 3513 154 3554 t
167 3511 233 3562 Parc,
247 3517 269 3560 n,
282 3507 316 3553 td.

118 3565 136 3609 h
148 3565 220 3615 leun..
232 3573 277 3615 1111,
289 3562 315 3607 tt
