2506 3984
452 255 538 301 marn
559 257 677 305 smnus.
995 241 1052 302 579

121 355 209 452 1111.
233 352 354 426 Quaerit.
383 358 414 414 't'
438 355 595 426 Quomodo
625 355 739 438 expiret
768 359 897 438 potestas
924 356 1051 436 Coadju-

80 441 210 612 witzin.
227 533 259 593 1·
271 529 570 614 Goadjutorisobsque
578 533 862 614 suturdsucressione
875 540 1051 616 potestatem

80 619 217 722 expirare
243 638 297 702 per
322 627 470 692 mortem,
500 621 720 706 depositionem
751 641 787 685 ao
818 623 1052 705 resignationem

17 805 19 809 “
80 709 345 862 ὼέῗξέἱὲείαΐθπι
366 799 552 880 coadjutoris
574 821 638 863 rum
661 799 767 882 saturat
784 801 955 864 messione
968 803 1051 886 expi-

81 905 147 950 rare
161 887 268 952 eodem
290 887 398 961 modo,
423 897 573 972 quatenus
595 889 862 970 coadjutorium,
877 890 930 953 sed
953 893 1052 954 statim

81 976 203 1148 :felgaria
213 977 433 1130 iglgmpriam.
457 978 530 1043 Vide
543 979 695 1060 denaris,
714 978 801 1054 ibid„
818 988 851 1043 n·
864 983 919 1059 rm
936 981 1051 1062 Bouix,

522 1218 541 1298 s
559 1220 611 1282 m.

334 1356 379 1419 De
400 1355 546 1420 Proelatis
566 1355 757 1438 inferioribus
776 1360 800 1421 ¹.

123 1517 213 1580 1113.
235 1513 380 1577 Praetetus
402 1511 526 1574 inferior
545 1517 591 1574 est
610 1511 660 1574 iile
673 1511 725 1593 qui
741 1529 802 1574 non
822 1511 912 1576 habet
929 1515 1053 1596 quidem

81 1613 264 1670 caracterem
277 1601 490 1686 episcopalem,
506 1601 559 1664 sed
572 1607 618 1664 est
630 1600 662 1662 in
675 1599 819 1682 dignitate
833 1602 962 1684 quidam
977 1606 1053 1670 infe-

83 1697 154 1759 riori
176 1693 373 1768 constitutus,
395 1697 426 1756 et
443 1690 574 1754 obtinuit
591 1691 607 1752 a
629 1689 706 1754 Sede
727 1690 897 1773 Apostolict
914 1695 1053 1776 quedam

81 1787 149 1865 jura
162 1783 343 1867 episcopatio
355 1783 471 1863 majore
484 1785 535 1844 aut
549 1779 677 1842 minora.
692 1781 736 1843 lte
750 1779 873 1844 Cardia.
889 1784 987 1858 Petra,
1002 1804 1052 1867 ap.

83 1874 191 1949 Bouix,
207 1873 251 1936 De
263 1872 420 1955 Episcopo,
435 1878 510 1934 tom.
527 1874 556 1948 1,
572 1888 641 1952 pag.
657 1872 727 1932 532.

124 1969 213 2028 1111.
236 1961 375 2044 Tripliois
390 1961 510 2043 generis
532 1967 603 2022 sunt
621 1959 737 2022 Praelati
757 1959 929 2041 inferiores,
944 1963 1053 2047 infimi,

81 2054 174 2117 medii
185 2100 193 2132 ‚
207 2059 351 2134 supremi.

123 2142 228 2224 Infimz'
241 2145 314 2202 sunt
332 2137 373 2200 illi
397 2137 448 2219 qui
469 2145 604 2220 praesunt
621 2139 744 2215 quidem
763 2143 844 2202 certo
867 2141 970 2220 generi
990 2161 1056 2224 per-

85 2247 230 2296 sonarum
244 2227 334 2290 alicui
350 2227 530 2289 monasterio
552 2228 597 2290 vet
618 2229 759 2292 Ecclesiae
773 2227 975 2308 addictarum,
991 2238 1021 2292 et
1038 2234 1055 2294 i

81 2319 291 2402 jurisdictione
305 2314 454 2378 Ordinem
473 2317 604 2398 exempti
621 2325 708 2394 sunt;
725 2317 777 2380 sed
792 2324 900 2398 praeter
919 2336 970 2380 ess
986 2339 1056 2401 per-

84 2429 192 2483 sonas,
217 2425 280 2471 non
302 2405 415 2469 habent
432 2405 579 2488 populum
599 2413 651 2470 aut
672 2407 785 2470 clerum
808 2405 863 2468 sibi
883 2405 1054 2486 subditum;

84 2499 159 2563 tales
181 2506 251 2562 sunt
266 2495 351 2560 multi
369 2495 546 2578 Superiores
559 2496 734 2578 Regulares.
749 2494 825 2558 Vide
839 2493 934 2558 Bouix
946 2543 954 2576 ,
968 2497 1055 2576 ibid,

84 2607 116 2672 p.
129 2591 198 2662 533,
214 2594 245 2652 et
258 2603 349 2668 supro
361 2584 440 2648 dicta
454 2584 550 2668 (568).

126 2678 220 2742 Medii
233 2675 348 2740 Praeiati
363 2673 476 2737 habent
485 2673 727 2756 jurisdictionem
739 2673 772 2738 in
792 2675 940 2757 populum
955 2681 985 2738 et
997 2675 1058 2740 ele·

85 2787 156 2834 rum
174 2763 364 2831 determinati
386 2763 464 2842 loci,
486 2763 620 2828 sednon
640 2763 754 2828 habent
771 2765 956 2828 territorium
976 2784 1059 2849 sepa-

87 2865 198 2922 retum.

128 2945 267 3029 Supremi
293 2945 365 3007 vero
393 2961 454 3004 non
482 2944 599 3005 tantum
624 2943 864 3023 jurisdictionem
892 2945 1004 3007 hebent
1029 2945 1059 3006 in

88 3037 236 3120 poputum
249 3039 280 3096 et
288 3033 404 3096 derum
417 3031 606 3094 determinati
622 3031 680 3094 toci
693 3079 702 3110 ,
713 3031 865 3095 sedetiam
878 3033 1060 3096 territorium

89 3125 217 3190 omnino
231 3127 415 3206 separatum,
430 3139 501 3183 cum
514 3120 689 3184 omnimode
695 3121 902 3202 jurisdictione
911 3122 1061 3185 ordinaris

123 3258 131 3285 ⁸
149 3271 159 3299 ι
180 3247 276 3301 Praelati
288 3247 425 3312 generatim
438 3247 555 3299 dicuntur
566 3246 602 3298 itti
613 3245 656 3314 qui
672 3247 726 3299 aiiis
737 3263 793 3300 oum
804 3249 898 3300 honore
910 3261 934 3301 et
943 3248 1062 3317 jurisdic-

92 3343 103 3375 ι
121 3323 218 3374 tione...
235 3319 580 3387 pretioiurrtur...Pre1oiura
600 3319 664 3370 enim
682 3327 720 3371 est
735 3323 826 3387 gradus
838 3320 989 3370 honoritious
1007 3335 1062 3370 oum

93 3417 104 3446 r
121 3393 292 3461 jurisdictione
306 3392 330 3443 in
341 3391 485 3444 subditos...
497 3390 648 3444 Communis.
663 3410 674 3440 ι
686 3392 802 3450 Ferraria,
816 3405 843 3442 νο
854 3393 981 3456 Requturis
993 3393 1063 3444 Pru-

23 3529 24 3532 *
93 3471 171 3527 utres,
185 3466 220 3516 ni·
232 3464 245 3515 i
257 3470 281 3516 et
291 3463 316 3515 2.
330 3465 403 3515 Juxta
416 3463 564 3529 theologiam
576 3463 741 3528 Tolosanum,
755 3463 873 3515 Prolatus
890 3463 964 3514 debet
976 3462 1065 3513 habere

23 3579 28 3588 .
91 3537 288 3608 jurisdictionem
316 3534 464 3588 ordinariam
487 3535 514 3586 io
530 3535 586 3598 soro
611 3542 713 3588 esterno
736 3535 938 3602 (Doctorum,
961 3549 1017 3600 pars
1038 3533 1065 3596 1,

23 3629 26 3648 ’·
93 3627 147 3676 esp.
156 3611 180 3669 1,
194 3614 253 3660 sect.
265 3607 290 3666 2.
303 3612 349 3659 ert.
362 3607 470 3674 t‚p.2)‚
483 3607 543 3670 imo,
553 3613 624 3674 Juxta
637 3608 779 3674 dagnamun
788 3643 795 3669 ,
805 3607 832 3657 tn
842 3607 897 3670 [oro
909 3607 1065 3658 contentiosa.

94 3681 153 3734 tute
164 3683 276 3754 Protesi.
284 3680 310 3734 S.
322 3679 435 3746 Sutptut.
448 3691 477 3730 n·
489 3679 546 3746 190.
