2574 3994
216 239 273 304 238
433 244 573 302 aarum
593 253 694 300 runos
713 253 796 300 sums
816 252 964 300 mucurcr.

212 347 297 409 nistae
306 349 411 411 dicunt
419 347 498 410 hanc
507 349 642 429 regulam
653 347 761 422 valere,
772 353 834 408 tam
845 349 875 408 in
886 347 952 411 loro
964 348 1083 413 interno
1092 353 1187 432 quam

215 443 350 513 caterno,
366 435 457 498 modd
474 438 513 498 sit
525 436 605 499 bona
619 437 710 508 fides,
725 436 829 499 titulus
849 437 1015 516 coloratus,
1039 447 1068 502 et
1090 441 1188 504 ablata

212 521 302 588 nero
315 543 405 588 causa
420 526 642 607 incapacitatis,
657 546 685 587 v.
702 544 731 606 g.
749 525 962 606 irregularitas,
974 545 1113 606 censura,
1127 537 1185 593 etc.
1281 545 1282 554 ¹

211 615 246 678 ln
261 613 429 696 eodemque
442 633 515 677 casu
528 613 686 694 legitimari
704 633 756 696 per
770 614 924 696 praesatam
943 616 1080 698 regulam
1092 625 1189 682 reten-

213 704 326 766 tionem
340 702 503 766 fructuum.
523 703 656 766 Protect.
675 701 710 764 S.
725 701 867 786 Sulpicii,
880 707 950 766 263.

1272 225 1284 362 t

252 795 322 855 tau.
346 793 469 865 Ouaerit.
484 797 517 856 3ο
533 795 581 854 An
594 791 723 854 sufficiat
742 792 853 874 eligere
871 791 999 874 dignum
1022 793 1061 857 ad
1076 795 1189 860 Praela·
1277 769 1285 786 ⁴

214 884 313 958 iuras,
328 889 381 944 aut
394 881 452 944 alia
465 879 613 944 beneficia
626 880 672 942 vel
685 879 783 943 officia
796 881 1021 945 ecclesiastica?

255 971 346 1050 Resp.
357 971 417 1032 Pro
425 969 636 1032 Praelaturisct
648 967 804 1032 beneficiis
818 969 1056 1052 parochialibus,
1072 979 1189 1038 certum

214 1061 260 1121 cst
274 1075 336 1120 non
351 1057 488 1122 sufficere
501 1057 612 1140 eligere
625 1057 753 1140 dignos,
773 1064 804 1122 et
823 1079 839 1118 a
854 1059 937 1122 nullo
951 1060 1042 1124 modo
1056 1063 1191 1126 excusari
1282 1103 1283 1140 3

216 1168 231 1206 a
256 1147 409 1228 lapaccato
429 1147 548 1209 mortali
571 1147 694 1228 eosqui
717 1153 895 1228 promovent
915 1149 1017 1212 minus
1037 1150 1186 1232 dignos.»
1278 1158 1285 1237 {t

216 1233 256 1314 (S.
276 1236 353 1317 Lig,
369 1235 441 1310 lib.,
465 1239 508 1312 d,
524 1247 557 1296 n⁰
570 1239 625 1312 at,
646 1237 710 1314 92.)
733 1237 842 1298 Nititur
855 1255 891 1299 ea
905 1239 1053 1300 sententia
1068 1259 1192 1320 praescr-
1278 1266 1282 1279 ·

216 1322 270 1386 tim
285 1323 383 1387 verbis
401 1324 515 1388 Concil.
535 1325 683 1402 Trident,
701 1343 773 1387 sess.
793 1329 833 1388 ad
848 1371 856 1400 ‚
871 1343 938 1408 cap.
957 1331 989 1403 t,
1004 1327 1039 1390 dc
1056 1327 1190 1410 reform,

217 1411 269 1475 ubi
291 1412 399 1477 dicitur
415 1434 422 1474 :
443 1435 459 1473 a
479 1413 594 1476 Alienis
608 1413 737 1494 peccatis
750 1415 1010 1480 communicantes
1024 1417 1193 1478 mortaliter

217 1522 232 1560 a
250 1511 385 1584 peccunt,
402 1503 466 1584 qui,
476 1502 534 1565 nisi
548 1521 626 1584 quos
639 1501 786 1583 digniores
799 1511 829 1565 ct
842 1503 985 1566 Ecclesia
999 1505 1092 1586 magis
1105 1505 1193 1568 utiles
1279 1502 1282 1515 '

218 1611 234 1650 n
259 1590 314 1672 ipsi
328 1591 562 1670 judicaverint...
580 1589 692 1674 praelici
706 1590 865 1672 diligenter
878 1594 1058 1655 curaverint.
1074 1615 1091 1652 a

264 1699 279 1740 c
299 1682 343 1742 Ex
357 1699 419 1762 quo
432 1687 523 1762 patet,
539 1681 639 1761 inquit
652 1681 683 1742 S.
697 1680 760 1760 Lig.
778 1680 843 1758 (iu,
858 1683 921 1756 ul),
936 1682 1053 1762 peccari
1067 1683 1194 1763 graviter

219 1789 236 1830 n
260 1767 421 1830 Pontifices
440 1775 471 1831 at
484 1771 580 1851 Reges
594 1767 646 1850 qui
660 1767 698 1830 ad
713 1769 849 1849 praelatas
862 1769 1027 1850 Dignitates
1047 1787 1109 1834 non
1131 1772 1195 1853 dig-

220 1877 237 1918 »
261 1855 362 1919 niores
377 1865 565 1938 promovent.
582 1881 597 1918 a

261 1943 344 2008 Idem
370 1943 443 2008 dicit
471 1947 507 2010 D.
533 1945 631 2010 Bouin
653 1947 708 2025 (De
734 1945 895 2029 Episcopo,
909 1951 934 2008 t.
957 1951 991 2015 l.
1013 1968 1044 2030 p.
1065 1951 1135 2026 ata)
1156 1947 1195 2011 de

220 2032 358 2096 Ministro
371 2034 525 2113 cultuum,
544 2036 597 2118 qui
615 2035 648 2099 in
671 2036 774 2098 Galliis
796 2036 998 2098 nominandos
1021 2038 1194 2119 Imperatori
1285 2078 1286 2107 2

222 2124 378 2206 proponit,
395 2129 426 2186 et
438 2121 477 2186 de
490 2123 647 2207 Episcopis
656 2125 710 2206 qui
723 2123 899 2206 agobernio
911 2124 1121 2196 consuluntur,
1138 2125 1196 2188 nisi
1278 2171 1285 2181 .

221 2230 275 2275 eos
289 2217 452 2294 suggerant
463 2230 543 2296 quos
556 2213 711 2296 digniores
729 2221 761 2276 et
778 2213 921 2276 Ecclesia
935 2213 1070 2276 utiliores
1093 2215 1194 2278 existi·
1278 2210 1282 2219 “

222 2308 317 2364 mant.
340 2324 357 2362 a

263 2394 333 2454 tal.
357 2393 483 2456 Pravam
505 2389 667 2456 verborum
694 2389 818 2454 Concilii
845 2391 980 2454 Trident.
1018 2391 1197 2474 interpreta—
1285 2424 1286 2445 ÷

223 2481 337 2543 tionem
350 2483 369 2543 a
383 2479 536 2544 nonnullis
557 2481 658 2544 datam
679 2483 837 2544 Innocent„
852 2482 920 2552 XII,
941 2480 1093 2544 decretotl
1116 2483 1199 2542 Mor-

223 2569 257 2631 tii
272 2573 367 2644 tona,
392 2569 545 2634 damnarit
556 2569 589 2632 in
606 2569 744 2652 sequenti
754 2569 984 2651 propositione:
1005 2569 1107 2632 adum
1123 2569 1200 2631 dixit

224 2677 241 2715 u
265 2658 379 2720 Concil.
392 2657 601 2737 Trident.,eos
609 2657 715 2720 alienis
724 2657 853 2738 peccatis
860 2659 1120 2720 communicantes
1128 2677 1199 2739 pcc-

225 2768 240 2804 u
264 2763 334 2810 care
348 2747 417 2828 qui,
432 2747 490 2809 nisi
512 2765 591 2828 quos
603 2746 756 2828 digniores
769 2751 799 2810 et
818 2746 959 2808 Ecclesia
973 2745 1070 2827 magis
1088 2746 1196 2816 utiles.

225 2855 240 2894 a
266 2834 322 2915 ipsi
340 2835 566 2914 judicaverunt.
589 2835 629 2898 ad
647 2835 800 2898 Ecclesias
816 2841 1012 2916 promouent:
1031 2835 1200 2898 Concilium

226 2947 241 2984 ι
264 2923 310 2986 vel
325 2927 356 2986 l·
377 2924 496 2988 videtur
518 2942 573 3006 per
593 2925 652 2986 hoc
674 2923 822 3005 digniores
843 2942 906 2985 non
925 2923 1008 2985 aliud
1030 2923 1201 3006 significare

227 3033 241 3074 a
265 3011 360 3086 vella,
377 3012 433 3074 nisi
447 3012 627 3096 dignitatern
640 3012 848 3094 eligendorum
862 3019 983 3094 sumpto
997 3013 1202 3095 comparativo

226 3123 244 3162 u
266 3119 322 3183 pro
345 3101 498 3183 positivo:
522 3101 569 3164 vel
595 3107 629 3164 θ’
658 3101 809 3164 locutione
840 3101 944 3162 minias
973 3102 1096 3183 propria
1117 3099 1202 3184 ponit

226 3212 242 3250 n
266 3189 418 3272 digniores
439 3197 474 3254 ut
496 3190 634 3252 excludat
655 3190 811 3271 indignos,
835 3207 898 3252 non
916 3192 988 3252 vcrd
1010 3189 1135 3273 dignos;
1154 3189 1202 3254 vel

227 3301 243 3339 a
266 3278 388 3342 tandem
403 3277 535 3360 loquitur
548 3283 580 3341 3·
594 3279 716 3361 quando
729 3279 763 3342 tit
775 3297 953 3343 concursus.
968 3301 984 3338 o

266 3371 337 3430 t82.
354 3368 459 3441 Quoad
472 3370 543 3431 verd
555 3367 612 3430 alia
623 3367 768 3431 beneficia
782 3369 929 3450 simplicia
938 3375 991 3431 aut
1001 3369 1099 3432 officia
1108 3368 1206 3432 eccle-

227 3457 346 3522 siastica
359 3457 470 3540 quibus
483 3475 545 3520 non
559 3457 662 3518 subest
674 3475 747 3520 cura
759 3459 947 3530 animarum,
971 3459 1203 3522 conuorenitur

229 3553 332 3610 uuum
346 3547 384 3610 sit
396 3551 552 3629 peccatum
572 3545 699 3608 mortale
718 3545 768 3608 illa
788 3547 926 3609 conterre
944 3546 1058 3627 dignis,
1082 3547 1204 3610 omissis

229 3635 436 3717 dignioribus:
451 3633 651 3698 affirmantem
663 3633 842 3697 ananiam
857 3637 890 3696 S.
905 3635 970 3716 Lig.
980 3635 1043 3715 (lib.
1055 3639 1091 3710 l.
1108 3638 1204 3706 maa)
