2586 3988
210 180 248 243 00
430 196 577 263 1111111111ι
589 194 690 242 sortus
710 197 792 244 sunrs
812 194 960 243 cruuntur.

211 297 251 378 (S.
267 299 389 380 Liguor.
405 297 458 360 tio.
476 303 505 376 t,
524 301 592 362 tot.
612 299 675 377 111.)
689 299 775 362 Retio
795 305 840 361 est
857 299 929 380 quia
951 300 1062 380 injure
1076 300 1188 364 dieitur

210 387 413 450 revocandum
438 405 505 450 esse
523 386 672 470 quidquid
687 395 788 448 contro
815 387 929 469 ionpum
952 389 1187 452 constetudinem

209 477 273 558 fiet.
290 476 374 554 (Dist.
396 479 445 552 ts,
465 479 593 554 111111.)
610 476 699 558 Atqui
717 476 749 538 in
765 477 833 556 iure
852 476 960 540 decem
981 477 1052 540 anni
1074 497 1186 542 vocon-

209 570 259 626 tur
281 563 398 647 tonpum
423 573 544 648 tempus.
566 565 658 646 Ergo,
686 571 757 644 eto,
778 566 914 644 (Bouix,
943 565 978 628 de
1006 565 1185 650 Principiis,

212 671 241 732 p.
261 656 332 730 356,
354 655 437 735 eto.¹)

252 761 320 821 tes.
333 759 595 833 Inseoundoeusu,
603 759 627 820 si
636 764 740 840 egetur
747 759 786 822 de
793 760 1011 822 consuetudine
1017 768 1118 821 contre
1119 759 1185 842 jus,

210 855 271 909 tres
283 848 517 910 suntsententiae
528 847 651 911 :Prima
661 846 734 910 dioit
745 845 883 910 suitioere
897 847 1082 912 decennium
1095 869 1102 909 :
1115 849 1187 930 quio

210 935 268 999 hoo
280 943 400 1018 tempus
413 934 524 999 suffieit
536 941 641 998 eontra
661 935 759 1017 legem
773 937 912 1013 civilem,
928 943 958 998 et
971 935 1109 1018 specialis
1123 955 1187 999 non

211 1032 256 1087 est
268 1024 423 1107 dispositio
430 1023 507 1104 juris
517 1024 743 1086 incontrurium
757 1043 813 1106 pro
827 1024 894 1105 lege
903 1025 1059 1088 canonice.
1072 1027 1187 1088 Reveru

213 1115 249 1174 10
263 1113 336 1176 unni
356 1113 552 1194 requiruntur
571 1111 607 1174 od
630 1113 851 1194 prescribenda
871 1113 951 1176 bone
965 1113 1186 1176 ecelesiastica:

211 1201 264 1264 sed
283 1201 331 1264 lex
345 1220 407 1264 nou
433 1209 479 1264 est
498 1201 624 1264 bonum.
646 1201 677 1264 Si
693 1205 767 1264 Rota
785 1203 919 1284 requirat
939 1207 979 1266 10
997 1221 1113 1278 annos,
1129 1201 1189 1266 hoo

212 1291 292 1353 venit
306 1291 377 1372 quie
390 1290 471 1372 opud
485 1308 552 1352 eum
567 1309 686 1372 semper
701 1292 800 1373 egitur
813 1290 852 1353 de
869 1289 1045 1372 praejudicio
1058 1291 1138 1354 tertii
1152 1309 1189 1354 oo

212 1379 338 1461 proinde
352 1379 390 1441 de
404 1379 492 1442 bonis
507 1379 658 1442 Euolesiae.

251 1482 382 1546 Secundo
396 1482 553 1564 distinguit
569 1501 577 1542 ε
594 1482 719 1564 requirit
733 1482 856 1564 quidem
875 1485 916 1544 to
933 1499 1030 1544 annos
1043 1499 1100 1563 pro
1112 1500 1187 1544 oon-

212 1571 371 1634 suetudine
380 1579 482 1634 contro
498 1571 596 1652 legem
610 1577 777 1653 receptam,
794 1571 865 1652 quie
878 1572 895 1632 11
907 1571 975 1650 jure
989 1570 1137 1633 oenonioo
1151 1589 1188 1633 ex

212 1679 278 1742 cup.
303 1657 426 1722 Auditis
450 1663 509 1737 ts,
534 1659 568 1722 de
592 1659 764 1742 Prceseript.
787 1659 926 1721 statuitur
946 1657 1026 1720 bona
1045 1657 1188 1721 Ecclesiae

213 1768 274 1810 non
289 1748 441 1830 prescribi
456 1749 514 1810 nisi
528 1765 583 1830 per
596 1751 637 1810 10
650 1766 747 1809 annos
759 1768 766 1808 :
779 1746 831 1810 sed
845 1747 918 1808 dicit
926 1745 1065 1809 suifioere
1078 1746 1189 1810 decen·

213 1839 318 1912 nium,
334 1837 358 1899 si
374 1837 420 1899 lex
437 1835 573 1898 nondum
594 1837 632 1898 sit
645 1839 779 1918 recepte,
796 1836 868 1918 quio
881 1841 954 1898 tuno
969 1853 1031 1897 non
1046 1837 1187 1916 praesori·

213 1925 293 1988 bitur
315 1932 419 1988 eontra
445 1925 564 2005 legem,
588 1925 641 1986 sed
669 1923 832 2006 impeditur
859 1925 977 1986 tuntum
1006 1923 1189 1987 introductio

213 2015 298 2096 legis.
311 2016 396 2076 Certe
409 2021 510 2076 autem
522 2011 661 2076 sufficere
670 2013 854 2075 decennium
864 2012 987 2094 quondo
996 2012 1045 2075 lex
1060 2031 1120 2074 non
1134 2013 1189 2076 iuit

213 2110 349 2186 recepto,
366 2101 494 2165 affirmet
507 2103 539 2164 S.
554 2103 676 2184 Liguor.
697 2109 763 2183 post
780 2101 916 2162 Busemd.
936 2099 989 2162 lib.
1008 2105 1037 2179 t,
1059 2110 1093 2162 11ο
1116 2104 1186 2165 teo.

256 2203 356 2266 Tertia
377 2203 449 2265 dioit
469 2221 588 2286 semper
609 2202 721 2284 requiri
744 2206 785 2266 10
806 2221 925 2266 unnos:
941 2203 1013 2284 quie
1031 2203 1121 2264 etiam
1140 2203 1190 2266 lex

213 2309 276 2356 non
297 2300 415 2376 reoepta
435 2293 496 2354 vim
517 2291 608 2354 hebet
627 2290 802 2373 obligandi,
822 2299 852 2355 et
869 2292 946 2355 Rota
969 2311 1089 2353 sunone
1109 2291 1190 2358 hono

213 2381 350 2464 regulam
364 2399 483 2464 semper
496 2382 643 2444 observat.

253 2489 322 2550 136.
347 2487 389 2548 Ex
403 2485 450 2548 his
463 2485 597 2567 sequitur
612 2491 642 2548 1ο
657 2487 744 2550 Certo
763 2487 876 2568 requiri
890 2487 1088 2565 decennium3
1104 2487 1190 2566 (oon

213 2574 686 2638 uadioeretomenvideturCard.
704 2575 982 2654 001115111.1”1111.,11ο
997 2579 1186 2656 382e1386).

213 2672 245 2726 2⁰
265 2665 351 2725 Certo
369 2663 505 2726 sufficere
517 2667 558 2727 10
571 2681 679 2726 annos.
694 2665 753 2726 Pro
768 2665 854 2745 proxi
868 2663 1031 2728 dicendum
1045 2664 1127 2746 quod
1141 2665 1189 2728 tex

214 2769 277 2816 uon
295 2751 430 2815 videatur
449 2751 512 2814 tolli
533 2769 587 2834 per
602 2751 855 2816 consuetudinem
877 2771 946 2834 quae
966 2752 1132 2816 nonhabet
1150 2757 1190 2816 tu

214 2859 327 2918 ennos;
355 2840 543 2904 consuetudo
565 2841 649 2904 enim
670 2859 739 2924 quus
768 2859 831 2903 non
853 2841 943 2904 hebet
963 2844 1004 2904 10
1025 2859 1123 2904 annos
1145 2849 1190 2905 est

214 2929 324 3008 dubia,
340 2935 371 2992 et
384 2928 416 2991 in
430 2927 488 2993 hoo
500 2948 573 2993 orsu
588 2929 635 2994 lex
650 2928 793 3013 possidet.

255 3033 323 3094 13¹1.
347 3029 469 3104 Ouserit.
485 3033 593 3096 Utrum
614 3031 785 3114 requiratur
802 3029 883 3095 bona
900 3029 976 3094 fides
994 3030 1032 3094 ud
1048 3033 1188 3114 praesori-

215 3119 349 3182 bendum
363 3127 467 3183 conus
482 3119 604 3204 tegern?

246 3331 255 3358 ¹
272 3317 337 3370 Nihil
356 3317 461 3370 habetur
476 3317 570 3385 injure
584 3318 634 3369 11111
651 3319 773 3372 senonico
789 3319 863 3386 quim
880 3317 961 3379 civiti,
982 3335 1032 3388 quo
1051 3321 1190 3386 expressius

196 3387 392 3441 determinetur
408 3395 504 3455 tempus
523 3390 667 3455 requisitum
689 3389 721 3442 ed
743 3390 950 3456 prescriptionem
971 3390 1189 3452 consuetudinum

215 3461 281 3512 unde
299 3460 371 3514 Curd.
389 3461 508 3522 Gousset,
529 3461 688 3526 Emodon,
706 3467 764 3523 eto,
779 3474 807 3510 n⁰
823 3461 883 3523 315,
903 3459 1030 3513 oonoludit
1050 3459 1191 3528 adjutum

215 3537 382 3652 eopnpetentes
399 3531 521 3598 pertinere
531 3531 643 3597 judiorre
655 3537 737 3582 utrum
750 3531 859 3597 legitime
875 3531 907 3582 sit
917 3531 1057 3600 prescripta
1079 3545 1190 3586 eonsue-

215 3607 396 3664 mmmm
