2578 4008
187 247 245 308 308
412 259 549 306 undosus
569 260 667 306 sortus
688 261 770 306 Junts
791 261 939 307 enitemur.

188 355 329 418 mandata
342 353 390 418 sul
404 355 572 434 Superioris
587 355 617 415 in
632 353 679 415 his
693 374 761 436 quae
776 358 927 436 pertinent
940 355 979 418 ad
992 353 1058 436 elus
1071 355 1160 436 juris·

187 441 350 507 dictionem
373 463 381 506 :
401 441 460 506 hoc
477 444 560 506 enim
584 444 721 524 promisit
747 444 887 508 sacerdos
907 445 940 507 in
962 448 1018 508 sua
1043 447 1161 508 ordina·

101 603 104 608 ¹
189 533 279 595 tione.
290 535 333 596 lle
342 532 369 596 111
384 532 555 612 hujusmodi
568 533 774 615 promissionis
788 535 856 598 ride
870 539 901 597 S.
913 537 1049 617 Liguor,
1060 534 1112 597 lib.
1129 539 1161 615 6,

189 632 223 684 n·
236 625 319 686 8185
339 643 355 682 c
379 622 579 704 Agnoscimus
600 622 826 704 presbyterum,
847 623 946 706 inquit
966 624 1079 687 Bened.
1095 621 1162 687 XIV

188 732 204 772 n
228 713 341 791 (Consi.
356 711 411 773 Ex
428 710 631 794 quodilectus,
650 711 763 791 111111.
787 716 885 792 ltus),
904 713 1076 792 hujusmodi
1091 733 1162 794 pro·

187 821 204 860 11
229 800 381 862 missionis
395 799 496 880 vigore
515 802 551 862 ea
569 799 635 881 lege
652 800 730 861 inter
743 801 817 864 alias
830 802 984 864 astrictum
999 803 1113 876 teneri,
1130 809 1163 866 ut

190 903 207 944 ⁶
228 907 247 952 a
261 889 380 952 seruitio
393 887 526 951 ecclesiae
543 889 591 951 cui
611 888 746 951 addictus
760 889 850 952 luerit
863 890 1018 955 discedere
1032 900 1164 972 nequeat

191 1001 205 1035 1
229 980 294 1042 sine
313 978 433 1040 licentia
453 977 635 1060 Episcopi.»
658 977 703 1040 1111
724 975 803 1042 hanc
821 979 1024 1043 obedientiam
1044 987 1164 1046 tenetur

192 1069 279 1131 etiarn
292 1069 324 1130 in
338 1066 431 1130 dubio
445 1074 547 1130 utrum
565 1075 748 1150 praeoeptum
765 1069 801 1130 511
813 1069 928 1148 justum
947 1087 1004 1133 nec
1017 1089 1076 1144 ne,
1091 1071 1163 1153 quia

188 1176 245 1240 pro
265 1157 420 1240 superiore
441 1163 486 1218 est
508 1152 710 1238 praesumptio.
738 1159 806 1221 Non
829 1165 932 1221 umen
958 1157 1163 1223 obediendum

189 1252 244 1318 est,
256 1247 280 1310 si
292 1245 404 1310 malum
416 1245 454 1310 sit
463 1243 544 1327 quod
555 1246 728 1328 praecipitur
737 1249 821 1324 (Can.
833 1247 871 1310 Si
881 1246 908 1310 is
916 1248 969 1330 qui
976 1257 1082 1330 preest
1092 1253 1162 1329 101,

189 1353 280 1399 causa
295 1339 344 1411 11,
360 1355 391 1418 q.
403 1337 443 1414 3).
460 1334 586 1408 Quando
595 1337 667 1398 vero
680 1355 718 1398 ex
731 1335 850 1399 duobus
864 1337 1069 1418 superioribus
1083 1357 1164 1402 unus

189 1424 325 1506 praecipit
339 1441 435 1488 unum
458 1430 489 1487 et
502 1424 578 1487 alius
591 1424 788 1502 contrarium,
804 1425 835 1487 in
854 1425 945 1488 rebus
959 1445 1027 1508 quae
1041 1428 1110 1491 vere
1124 1427 1163 1491 1111

191 1513 348 1595 utriusque
359 1510 599 1593 iurisdictionem
614 1515 783 1594 pertinent,
798 1515 903 1594 majori
919 1515 1065 1597 superiori
1080 1515 1162 1580 dese·

190 1601 320 1664 rendum
337 1609 382 1664 est
400 1621 407 1663 1
427 1599 509 1662 unde
535 1623 550 1660 n
570 1602 627 1683 ipsi
647 1603 797 1684 Episcopo
817 1610 922 1667 contra
943 1605 997 1686 jus
1018 1624 1163 1670 comnenae

190 1712 206 1749 11
230 1689 415 1772 praecipienti
438 1707 499 1751 non
525 1695 569 1752 est
587 1690 878 1773 obtemperandum,
901 1693 998 1775 inquit
1020 1695 1161 1775 Laqueus

190 1801 206 1838 11
230 1787 275 1858 tn·
290 1783 345 1841 111
364 1779 417 1857 dis)
435 1799 442 1840 ε
458 1778 506 1840 lex
520 1781 602 1842 enim
616 1784 788 1844 communis
802 1783 938 1863 superior
952 1789 996 1846 est
1013 1785 1162 1866 Episcopo

191 1891 206 1927 a
230 1868 444 1951 particulari.»

229 1961 298 2019 613.
316 1961 455 2019 Attamen
468 1957 596 2020 clericus
610 1959 706 2040 magis
724 1965 843 2022 tenetur
861 1960 983 2023 obedire
1005 1981 1061 2026 suo
1080 1968 1164 2050 Epis·

190 2065 266 2129 copo
280 2049 373 2129 quam
387 2047 628 2128 Metropolitano,
639 2049 841 2128 quiaistenon
856 2057 1045 2132 estsuperror
1058 2054 1115 2118 nisi
1130 2057 1161 2119 in

190 2155 261 2198 casu
269 2136 477 2218 appellationis
487 2144 538 2198 aut
547 2137 732 2214 visitationis3
744 2139 880 2200 similiter
891 2141 1057 2203 monachus
1066 2147 1164 2228 iringis

190 2233 308 2289 tenetur
331 2225 453 2288 obedire
471 2245 526 2288 suo
547 2226 673 2288 Praelnto
695 2230 788 2308 quarn
807 2229 956 2311 Episcopo
979 2231 1162 2317 (Reiffenst.,

190 2315 242 2378 lib.
253 2319 282 2392 l,
298 2317 342 2377 tit.
359 2315 409 2390 33,
426 2319 457 2376 11ο
471 2319 537 2384 131.

234 2427 249 2466 a
269 2405 409 2468 Mandata
427 2405 590 2486 superioris
606 2405 697 2467 etiam
715 2423 844 2470 oneroso
862 2407 1016 2472 humiliter
1028 2417 1073 2475 est
1090 2414 1163 2478 obe·

189 2517 204 2554 1
228 2494 386 2571 diendum,
397 2501 426 2556 et
435 2495 485 2576 pill
493 2493 651 2556 devotione
662 2495 850 2557 tolerandum
859 2499 1164 2585 jugumquodirnpo

188 2607 204 2645 11
230 2585 311 2646 nitur
324 2583 377 2646 elsi
396 2583 443 2644 vix
465 2581 622 2646 terendum
645 2585 727 2660 (can.
746 2585 780 2646 ln
794 2588 983 2664 mennonium,
1005 2589 1073 2654 dist.
1091 2595 1160 2674 tat:

189 2696 204 2732 n
228 2680 318 2752 atque
329 2673 452 2754 insuper
467 2673 682 2754 patientissime
691 2674 845 2736 toleranda
854 2684 898 2738 est
911 2681 1057 2742 correctio
1070 2682 1164 2746 etiam

188 2785 204 2822 11
228 2761 339 2841 injusta
357 2764 434 2840 (can.
452 2762 563 2824 Contra
577 2783 701 2840 rnorem,
721 2763 789 2826 dist.
809 2767 896 2844 1011),
912 2768 970 2828 nisi
989 2771 1057 2850 quis
1075 2773 1162 2834 ratio
1279 2793 1280 2844 3

188 2872 203 2910 1
229 2849 361 2912 nabilem
374 2868 496 2913 causam
512 2851 699 2932 praetendere
713 2853 822 2934 possit,
836 2871 964 2936 eamque
977 2855 1076 2921 debita
1090 2879 1162 2925 oum

188 2961 203 2998 11
228 2941 394 3002 reverentia
407 2945 537 3020 assignet
549 2958 603 3003 cur
619 2939 793 3004 mandalum
809 2941 978 3024 Superioris
996 2947 1162 3030 adimplere

188 3051 203 3087 1
229 3047 290 3092 non
305 3030 409 3112 possit.
421 3029 493 3111 Cap.
503 3029 540 3090 Si
546 3029 699 3110 quoactus,
714 3029 749 3092 de
761 3031 935 3114 Rescripta.
948 3055 964 3094 1)
980 3037 1159 3118 (Reiflenst,
1277 3083 1280 3118 ,

188 3117 492 3278 tbtffissloffliemia
512 3215 603 3298 exigit
623 3224 656 3280 ut
679 3217 802 3282 inlerior
821 3219 937 3283 delerat
957 3224 1104 3305 superiori
1127 3226 1159 3290 in

185 3303 299 3386 judicio
313 3303 483 3366 subeundo.
500 3305 572 3386 Cap.
588 3305 643 3368 Ec
662 3305 783 3384 litteris,
802 3317 831 3371 et
845 3328 900 3391 cap
921 3309 995 3373 Ciam
1008 3311 1111 3375 dilecti
1128 3319 1159 3394 6,

187 3391 222 3454 de
239 3390 304 3452 doto
315 3399 343 3452 et
361 3401 500 3470 contum,
516 3393 590 3469 nisi,
611 3412 665 3474 per
683 3395 845 3477 legitimam
863 3399 1094 3480 appellationem
1109 3413 1161 3468 aut

187 3480 423 3556 recusationem,
434 3482 500 3560 ejus
511 3480 658 3560 judicium
669 3482 819 3548 declinare
832 3487 937 3551 ualeat.

227 3572 296 3630 611.
318 3571 350 3630 1ο
370 3569 545 3632 Reverentia
562 3570 689 3635 debetur
709 3575 931 3656 superioribus,
954 3579 984 3641 id
1007 3587 1066 3660 est,
1086 3583 1161 3648 info-

187 3659 281 3719 riores
294 3657 435 3721 exhibere
448 3657 559 3722 debent
573 3659 777 3742 superioribus
790 3671 913 3728 externa
926 3668 1013 3738 sinna
1025 3671 1158 3736 aestima·
1279 3685 1280 3688 ’
