<?xml version="1.0" encoding="UTF-8"?>
<!DOCTYPE html PUBLIC "-//W3C//DTD XHTML 1.0 Transitional//EN"
    "http://www.w3.org/TR/xhtml1/DTD/xhtml1-transitional.dtd">
<html xmlns="http://www.w3.org/1999/xhtml" xml:lang="en" lang="en">
 <head>
  <title>
</title>
<meta http-equiv="Content-Type" content="text/html;charset=utf-8" />
  <meta name='ocr-system' content='tesseract 3.04.00' />
  <meta name='ocr-capabilities' content='ocr_page ocr_carea ocr_par ocr_line ocrx_word'/>
</head>
<body>
  <div class='ocr_page' id='page_1' title='image "./manualetotiusju03craigoog_0301.png"; bbox 0 0 2578 4008; ppageno 0'>
   <div class='ocr_carea' id='block_1_1' title="bbox 210 176 963 238">
    <p class='ocr_par' dir='ltr' id='par_1_1' title="bbox 210 176 963 238">
     <span class='ocr_line' id='line_1_1' title="bbox 210 176 963 238; baseline -0.005 0"><span class='ocrx_word' id='word_1_1' title='bbox 210 176 267 238; x_wconf 78' lang='lat' dir='ltr'>tlt</span> <span class='ocrx_word' id='word_1_2' title='bbox 433 191 571 237; x_wconf 73' lang='lat' dir='ltr'>uincire</span> <span class='ocrx_word' id='word_1_3' title='bbox 590 189 693 236; x_wconf 87' lang='lat' dir='ltr'>ronus</span> <span class='ocrx_word' id='word_1_4' title='bbox 713 189 795 236; x_wconf 81' lang='lat' dir='ltr'>sonis</span> <span class='ocrx_word' id='word_1_5' title='bbox 816 187 963 236; x_wconf 72' lang='lat' dir='ltr'>cnuomcr.</span> 
     </span>
    </p>
   </div>
   <div class='ocr_carea' id='block_1_2' title="bbox 209 282 1194 3023">
    <p class='ocr_par' dir='ltr' id='par_1_2' title="bbox 209 282 1185 457">
     <span class='ocr_line' id='line_1_2' title="bbox 248 282 1185 368; baseline -0.001 -19"><span class='ocrx_word' id='word_1_6' title='bbox 248 291 280 349; x_wconf 62' lang='grc' dir='ltr'>Β*</span> <span class='ocrx_word' id='word_1_7' title='bbox 303 285 334 348; x_wconf 91' lang='lat' dir='ltr'>Si</span> <span class='ocrx_word' id='word_1_8' title='bbox 353 286 423 367; x_wconf 85' lang='lat' dir='ltr'>quis</span> <span class='ocrx_word' id='word_1_9' title='bbox 441 286 479 348; x_wconf 90' lang='lat' dir='ltr'>sit</span> <span class='ocrx_word' id='word_1_10' title='bbox 493 285 663 368; x_wconf 80' lang='lat' dir='ltr'>irregularis</span> <span class='ocrx_word' id='word_1_11' title='bbox 677 304 714 347; x_wconf 82' lang='lat' dir='ltr'>ex</span> <span class='ocrx_word' id='word_1_12' title='bbox 732 283 841 346; x_wconf 90' lang='lat' dir='ltr'>delicto</span> <span class='ocrx_word' id='word_1_13' title='bbox 862 283 1027 366; x_wconf 86' lang='lat' dir='ltr'>privatione</span> <span class='ocrx_word' id='word_1_14' title='bbox 1047 282 1185 349; x_wconf 84' lang='lat' dir='ltr'>heneficil</span> 
     </span>
     <span class='ocr_line' id='line_1_3' title="bbox 209 374 881 457; baseline -0.006 -19"><span class='ocrx_word' id='word_1_15' title='bbox 209 375 303 457; x_wconf 73' lang='lat' dir='ltr'>digno</span> <span class='ocrx_word' id='word_1_16' title='bbox 321 375 417 453; x_wconf 84' lang='lat' dir='ltr'>(Vide</span> <span class='ocrx_word' id='word_1_17' title='bbox 433 375 560 436; x_wconf 89' lang='lat' dir='ltr'>Leuren.</span> <span class='ocrx_word' id='word_1_18' title='bbox 576 381 661 457; x_wconf 86' lang='lat' dir='ltr'>parte</span> <span class='ocrx_word' id='word_1_19' title='bbox 675 378 713 447; x_wconf 86' lang='lat'>3,</span> <span class='ocrx_word' id='word_1_20' title='bbox 729 391 761 454; x_wconf 91' lang='lat' dir='ltr'>q.</span> <span class='ocrx_word' id='word_1_21' title='bbox 777 377 847 435; x_wconf 68' lang='lat'><strong>208.</strong></span> <span class='ocrx_word' id='word_1_22' title='bbox 860 374 881 450; x_wconf 82' lang='lat' dir='ltr'>l.</span> 
     </span>
    </p>

    <p class='ocr_par' dir='ltr' id='par_1_3' title="bbox 209 461 1187 629">
     <span class='ocr_line' id='line_1_4' title="bbox 248 461 1187 544; baseline 0 -18"><span class='ocrx_word' id='word_1_23' title='bbox 248 469 280 526; x_wconf 83' lang='lat'>6⁰</span> <span class='ocrx_word' id='word_1_24' title='bbox 303 463 349 525; x_wconf 83' lang='lat' dir='ltr'>ut</span> <span class='ocrx_word' id='word_1_25' title='bbox 363 463 578 539; x_wconf 81' lang='lat' dir='ltr'>homicidium,</span> <span class='ocrx_word' id='word_1_26' title='bbox 594 463 728 540; x_wconf 86' lang='lat' dir='ltr'>furlum,</span> <span class='ocrx_word' id='word_1_27' title='bbox 744 461 922 543; x_wconf 82' lang='lat' dir='ltr'>perjurium,</span> <span class='ocrx_word' id='word_1_28' title='bbox 938 466 995 524; x_wconf 88' lang='lat' dir='ltr'>elo.</span> <span class='ocrx_word' id='word_1_29' title='bbox 1011 463 1097 544; x_wconf 81' lang='lat' dir='ltr'>(esp.</span> <span class='ocrx_word' id='word_1_30' title='bbox 1114 463 1187 526; x_wconf 81' lang='lat' dir='ltr'>cnm</span> 
     </span>
     <span class='ocr_line' id='line_1_5' title="bbox 209 549 699 629; baseline -0.006 -15"><span class='ocrx_word' id='word_1_31' title='bbox 209 572 266 614; x_wconf 89' lang='lat' dir='ltr'>non</span> <span class='ocrx_word' id='word_1_32' title='bbox 280 549 318 614; x_wconf 83' lang='lat' dir='ltr'>ob</span> <span class='ocrx_word' id='word_1_33' title='bbox 333 552 467 622; x_wconf 78' lang='lat' dir='ltr'>domine,</span> <span class='ocrx_word' id='word_1_34' title='bbox 483 551 518 614; x_wconf 82' lang='lat' dir='ltr'>de</span> <span class='ocrx_word' id='word_1_35' title='bbox 536 551 699 629; x_wconf 71' lang='lat' dir='ltr'>dediciis).</span> 
     </span>
    </p>

    <p class='ocr_par' dir='ltr' id='par_1_4' title="bbox 209 637 1189 901">
     <span class='ocr_line' id='line_1_6' title="bbox 250 637 1189 722; baseline 0.001 -20"><span class='ocrx_word' id='word_1_36' title='bbox 250 647 282 702; x_wconf 74' lang='lat'>7⁰</span> <span class='ocrx_word' id='word_1_37' title='bbox 297 641 342 702; x_wconf 92' lang='lat' dir='ltr'>Ob</span> <span class='ocrx_word' id='word_1_38' title='bbox 356 640 548 722; x_wconf 80' lang='lat' dir='ltr'>sacrilegium</span> <span class='ocrx_word' id='word_1_39' title='bbox 564 659 635 704; x_wconf 92' lang='lat' dir='ltr'>cum</span> <span class='ocrx_word' id='word_1_40' title='bbox 658 639 802 702; x_wconf 84' lang='lat' dir='ltr'>moniali:</span> <span class='ocrx_word' id='word_1_41' title='bbox 820 637 883 700; x_wconf 88' lang='lat' dir='ltr'>imd</span> <span class='ocrx_word' id='word_1_42' title='bbox 902 637 1055 701; x_wconf 80' lang='lat' dir='ltr'>dubitetur</span> <span class='ocrx_word' id='word_1_43' title='bbox 1077 639 1108 701; x_wconf 88' lang='lat' dir='ltr'>in</span> <span class='ocrx_word' id='word_1_44' title='bbox 1130 639 1189 703; x_wconf 89' lang='lat' dir='ltr'>hoe</span> 
     </span>
     <span class='ocr_line' id='line_1_7' title="bbox 210 725 1189 811; baseline -0.002 -17"><span class='ocrx_word' id='word_1_45' title='bbox 210 749 282 794; x_wconf 83' lang='lat' dir='ltr'>casu</span> <span class='ocrx_word' id='word_1_46' title='bbox 297 749 336 792; x_wconf 86' lang='lat' dir='ltr'>an</span> <span class='ocrx_word' id='word_1_47' title='bbox 350 730 476 811; x_wconf 78' lang='lat' dir='ltr'>privatio</span> <span class='ocrx_word' id='word_1_48' title='bbox 504 748 566 792; x_wconf 92' lang='lat' dir='ltr'>non</span> <span class='ocrx_word' id='word_1_49' title='bbox 594 729 767 791; x_wconf 83' lang='lat' dir='ltr'>incurratur</span> <span class='ocrx_word' id='word_1_50' title='bbox 788 727 854 809; x_wconf 90' lang='lat' dir='ltr'>ipso</span> <span class='ocrx_word' id='word_1_51' title='bbox 877 725 955 790; x_wconf 81' lang='lat' dir='ltr'>facto</span> <span class='ocrx_word' id='word_1_52' title='bbox 977 727 1062 805; x_wconf 78' lang='lat' dir='ltr'>(Can.</span> <span class='ocrx_word' id='word_1_53' title='bbox 1078 732 1135 807; x_wconf 72' lang='lat'>28,</span> <span class='ocrx_word' id='word_1_54' title='bbox 1150 726 1189 792; x_wconf 78' lang='lat' dir='ltr'>St</span> 
     </span>
     <span class='ocr_line' id='line_1_8' title="bbox 209 817 805 901; baseline -0.003 -21"><span class='ocrx_word' id='word_1_55' title='bbox 209 839 268 901; x_wconf 83' lang='lat' dir='ltr'>quc</span> <span class='ocrx_word' id='word_1_56' title='bbox 282 817 501 888; x_wconf 74' lang='lat' dir='ltr'>monachatum,</span> <span class='ocrx_word' id='word_1_57' title='bbox 519 835 610 880; x_wconf 84' lang='lat' dir='ltr'>cause</span> <span class='ocrx_word' id='word_1_58' title='bbox 623 822 674 893; x_wconf 75' lang='lat'>27,</span> <span class='ocrx_word' id='word_1_59' title='bbox 690 837 721 899; x_wconf 88' lang='lat' dir='ltr'>q.</span> <span class='ocrx_word' id='word_1_60' title='bbox 738 817 805 897; x_wconf 84' lang='lat' dir='ltr'><strong>l&#39;.).</strong></span> 
     </span>
    </p>

    <p class='ocr_par' dir='ltr' id='par_1_5' title="bbox 211 903 1193 1695">
     <span class='ocr_line' id='line_1_9' title="bbox 252 903 1191 988; baseline 0.001 -20"><span class='ocrx_word' id='word_1_61' title='bbox 252 909 285 968; x_wconf 83' lang='lat'>8⁰</span> <span class='ocrx_word' id='word_1_62' title='bbox 305 905 351 968; x_wconf 84' lang='lat' dir='ltr'>ob</span> <span class='ocrx_word' id='word_1_63' title='bbox 364 905 602 968; x_wconf 80' lang='lat' dir='ltr'>concubinatum</span> <span class='ocrx_word' id='word_1_64' title='bbox 625 906 743 988; x_wconf 86' lang='lat' dir='ltr'>(Cone.</span> <span class='ocrx_word' id='word_1_65' title='bbox 762 903 858 982; x_wconf 69' lang='lat' dir='ltr'>reid,</span> <span class='ocrx_word' id='word_1_66' title='bbox 876 923 949 969; x_wconf 89' lang='lat' dir='ltr'>sess.</span> <span class='ocrx_word' id='word_1_67' title='bbox 970 909 1025 982; x_wconf 72' lang='lat'>25,</span> <span class='ocrx_word' id='word_1_68' title='bbox 1038 923 1067 969; x_wconf 91' lang='lat' dir='ltr'>c.</span> <span class='ocrx_word' id='word_1_69' title='bbox 1084 909 1139 984; x_wconf 80' lang='lat' dir='ltr'>ll,</span> <span class='ocrx_word' id='word_1_70' title='bbox 1160 911 1191 969; x_wconf 89' lang='lat' dir='ltr'>et</span> 
     </span>
     <span class='ocr_line' id='line_1_10' title="bbox 213 992 1192 1076; baseline 0.001 -18"><span class='ocrx_word' id='word_1_71' title='bbox 213 1013 287 1058; x_wconf 88' lang='lat' dir='ltr'>sess.</span> <span class='ocrx_word' id='word_1_72' title='bbox 303 998 353 1070; x_wconf 75' lang='lat' dir='ltr'>tl,</span> <span class='ocrx_word' id='word_1_73' title='bbox 363 1013 428 1076; x_wconf 78' lang='lat' dir='ltr'>cop.</span> <span class='ocrx_word' id='word_1_74' title='bbox 440 999 470 1070; x_wconf 88' lang='grc'>6,</span> <span class='ocrx_word' id='word_1_75' title='bbox 482 992 516 1055; x_wconf 86' lang='lat' dir='ltr'>dc</span> <span class='ocrx_word' id='word_1_76' title='bbox 529 993 673 1075; x_wconf 71' lang='lat' dir='ltr'>resono).</span> <span class='ocrx_word' id='word_1_77' title='bbox 683 993 810 1066; x_wconf 83' lang='lat' dir='ltr'><strong>Quando</strong></span> <span class='ocrx_word' id='word_1_78' title='bbox 822 992 1014 1056; x_wconf 86' lang='lat' dir='ltr'>solummodo</span> <span class='ocrx_word' id='word_1_79' title='bbox 1025 1001 1141 1056; x_wconf 85' lang='lat' dir='ltr'>constat</span> <span class='ocrx_word' id='word_1_80' title='bbox 1150 995 1192 1059; x_wconf 89' lang='lat' dir='ltr'>de</span> 
     </span>
     <span class='ocr_line' id='line_1_11' title="bbox 213 1081 1192 1166; baseline 0.001 -21"><span class='ocrx_word' id='word_1_81' title='bbox 213 1083 362 1164; x_wconf 79' lang='lat' dir='ltr'>frequenti</span> <span class='ocrx_word' id='word_1_82' title='bbox 377 1081 603 1146; x_wconf 81' lang='lat' dir='ltr'>conversatione</span> <span class='ocrx_word' id='word_1_83' title='bbox 617 1101 687 1145; x_wconf 84' lang='lat' dir='ltr'>cunr</span> <span class='ocrx_word' id='word_1_84' title='bbox 701 1084 829 1146; x_wconf 90' lang='lat' dir='ltr'>muliere</span> <span class='ocrx_word' id='word_1_85' title='bbox 843 1087 996 1166; x_wconf 71' lang='lat' dir='ltr'>suspecto,</span> <span class='ocrx_word' id='word_1_86' title='bbox 1012 1102 1074 1145; x_wconf 92' lang='lat' dir='ltr'>non</span> <span class='ocrx_word' id='word_1_87' title='bbox 1091 1089 1192 1164; x_wconf 86' lang='lat' dir='ltr'>polest</span> 
     </span>
     <span class='ocr_line' id='line_1_12' title="bbox 212 1171 1193 1254; baseline 0.001 -20"><span class='ocrx_word' id='word_1_88' title='bbox 212 1173 312 1234; x_wconf 83' lang='lat' dir='ltr'>stetim</span> <span class='ocrx_word' id='word_1_89' title='bbox 334 1171 457 1254; x_wconf 81' lang='lat' dir='ltr'>procedi</span> <span class='ocrx_word' id='word_1_90' title='bbox 478 1171 516 1234; x_wconf 83' lang='lat' dir='ltr'>ed</span> <span class='ocrx_word' id='word_1_91' title='bbox 540 1171 738 1254; x_wconf 82' lang='lat' dir='ltr'>privationem</span> <span class='ocrx_word' id='word_1_92' title='bbox 762 1172 873 1244; x_wconf 88' lang='lat' dir='ltr'>officii,</span> <span class='ocrx_word' id='word_1_93' title='bbox 898 1171 951 1235; x_wconf 86' lang='lat' dir='ltr'>sed</span> <span class='ocrx_word' id='word_1_94' title='bbox 973 1171 1118 1234; x_wconf 85' lang='lat' dir='ltr'>servanda</span> <span class='ocrx_word' id='word_1_95' title='bbox 1144 1180 1193 1235; x_wconf 85' lang='lat' dir='ltr'>eol</span> 
     </span>
     <span class='ocr_line' id='line_1_13' title="bbox 212 1259 1193 1344; baseline 0.001 -22"><span class='ocrx_word' id='word_1_96' title='bbox 212 1259 308 1323; x_wconf 87' lang='lat' dir='ltr'>lormn</span> <span class='ocrx_word' id='word_1_97' title='bbox 321 1281 337 1323; x_wconf 84' lang='lat' dir='ltr'><strong>a</strong></span> <span class='ocrx_word' id='word_1_98' title='bbox 352 1259 485 1324; x_wconf 79' lang='lat' dir='ltr'>Trident.</span> <span class='ocrx_word' id='word_1_99' title='bbox 499 1262 692 1343; x_wconf 80' lang='lat' dir='ltr'>praescriple3</span> <span class='ocrx_word' id='word_1_100' title='bbox 708 1267 840 1323; x_wconf 83' lang='lat' dir='ltr'>attamen</span> <span class='ocrx_word' id='word_1_101' title='bbox 857 1265 926 1344; x_wconf 90' lang='lat' dir='ltr'>post</span> <span class='ocrx_word' id='word_1_102' title='bbox 944 1259 1073 1342; x_wconf 79' lang='lat' dir='ltr'>primam</span> <span class='ocrx_word' id='word_1_103' title='bbox 1087 1262 1193 1323; x_wconf 68' lang='lat' dir='ltr'>moni⁴</span> 
     </span>
     <span class='ocr_line' id='line_1_14' title="bbox 212 1349 1193 1432; baseline 0.003 -23"><span class='ocrx_word' id='word_1_104' title='bbox 212 1349 325 1412; x_wconf 90' lang='lat' dir='ltr'>tionem</span> <span class='ocrx_word' id='word_1_105' title='bbox 337 1355 366 1413; x_wconf 83' lang='lat' dir='ltr'>el</span> <span class='ocrx_word' id='word_1_106' title='bbox 381 1349 590 1432; x_wconf 68' lang='lat' dir='ltr'>punitionem,</span> <span class='ocrx_word' id='word_1_107' title='bbox 606 1350 659 1431; x_wconf 91' lang='lat' dir='ltr'>qui</span> <span class='ocrx_word' id='word_1_108' title='bbox 673 1369 778 1413; x_wconf 86' lang='lat' dir='ltr'>curam</span> <span class='ocrx_word' id='word_1_109' title='bbox 794 1349 907 1412; x_wconf 85' lang='lat' dir='ltr'>hebent</span> <span class='ocrx_word' id='word_1_110' title='bbox 920 1349 1091 1411; x_wconf 84' lang='lat' dir='ltr'>animarum</span> <span class='ocrx_word' id='word_1_111' title='bbox 1115 1351 1193 1427; x_wconf 80' lang='lat' dir='ltr'>(non</span> 
     </span>
     <span class='ocr_line' id='line_1_15' title="bbox 212 1437 1193 1519; baseline 0.002 -19"><span class='ocrx_word' id='word_1_112' title='bbox 212 1446 313 1501; x_wconf 85' lang='lat' dir='ltr'>autem</span> <span class='ocrx_word' id='word_1_113' title='bbox 333 1439 383 1501; x_wconf 85' lang='lat' dir='ltr'>olii</span> <span class='ocrx_word' id='word_1_114' title='bbox 402 1437 603 1514; x_wconf 78' lang='lat' dir='ltr'>beneficiarii)</span> <span class='ocrx_word' id='word_1_115' title='bbox 624 1437 649 1500; x_wconf 90' lang='lat' dir='ltr'>si</span> <span class='ocrx_word' id='word_1_116' title='bbox 668 1456 730 1500; x_wconf 90' lang='lat' dir='ltr'>non</span> <span class='ocrx_word' id='word_1_117' title='bbox 752 1439 949 1519; x_wconf 83' lang='lat' dir='ltr'>resipiscent,</span> <span class='ocrx_word' id='word_1_118' title='bbox 971 1455 1027 1500; x_wconf 91' lang='lat' dir='ltr'>suo</span> <span class='ocrx_word' id='word_1_119' title='bbox 1041 1437 1193 1502; x_wconf 83' lang='lat' dir='ltr'>beneficio</span> 
     </span>
     <span class='ocr_line' id='line_1_16' title="bbox 212 1525 1190 1608; baseline 0.001 -20"><span class='ocrx_word' id='word_1_120' title='bbox 212 1528 320 1608; x_wconf 81' lang='lat' dir='ltr'>privari</span> <span class='ocrx_word' id='word_1_121' title='bbox 335 1533 462 1608; x_wconf 89' lang='lat' dir='ltr'>possunt</span> <span class='ocrx_word' id='word_1_122' title='bbox 475 1545 511 1589; x_wconf 81' lang='lat' dir='ltr'>ex</span> <span class='ocrx_word' id='word_1_123' title='bbox 526 1527 632 1589; x_wconf 90' lang='lat' dir='ltr'>eodem</span> <span class='ocrx_word' id='word_1_124' title='bbox 644 1525 779 1589; x_wconf 82' lang='lat' dir='ltr'>Concilio</span> <span class='ocrx_word' id='word_1_125' title='bbox 792 1527 926 1588; x_wconf 73' lang='lat' dir='ltr'>&#39;l&#39;rident</span> <span class='ocrx_word' id='word_1_126' title='bbox 943 1525 1034 1605; x_wconf 80' lang='lat' dir='ltr'>(sess.</span> <span class='ocrx_word' id='word_1_127' title='bbox 1052 1527 1104 1604; x_wconf 73' lang='lat' dir='ltr'>nl,</span> <span class='ocrx_word' id='word_1_128' title='bbox 1120 1544 1190 1608; x_wconf 77' lang='lat' dir='ltr'>cap.</span> 
     </span>
     <span class='ocr_line' id='line_1_17' title="bbox 211 1613 986 1695; baseline -0.003 -17"><span class='ocrx_word' id='word_1_129' title='bbox 211 1619 246 1693; x_wconf 90' lang='grc'>6,</span> <span class='ocrx_word' id='word_1_130' title='bbox 257 1613 291 1676; x_wconf 89' lang='lat' dir='ltr'>dc</span> <span class='ocrx_word' id='word_1_131' title='bbox 305 1615 449 1695; x_wconf 58' lang='lat' dir='ltr'>resociet.</span> <span class='ocrx_word' id='word_1_132' title='bbox 467 1614 542 1678; x_wconf 86' lang='lat' dir='ltr'>Vide</span> <span class='ocrx_word' id='word_1_133' title='bbox 556 1614 771 1677; x_wconf 83' lang='lat' dir='ltr'>inlrodicendo</span> <span class='ocrx_word' id='word_1_134' title='bbox 784 1615 890 1693; x_wconf 66' lang='lat'>(6259,</span> <span class='ocrx_word' id='word_1_135' title='bbox 904 1614 986 1692; x_wconf 63' lang='lat' dir='ltr'>elci.</span> 
     </span>
    </p>

    <p class='ocr_par' dir='ltr' id='par_1_6' title="bbox 213 1702 1194 2138">
     <span class='ocr_line' id='line_1_18' title="bbox 253 1702 1194 1780; baseline 0.002 -15"><span class='ocrx_word' id='word_1_136' title='bbox 253 1704 380 1776; x_wconf 85' lang='lat' dir='ltr'>Quando</span> <span class='ocrx_word' id='word_1_137' title='bbox 398 1703 469 1765; x_wconf 86' lang='lat' dir='ltr'>verd</span> <span class='ocrx_word' id='word_1_138' title='bbox 492 1707 611 1766; x_wconf 84' lang='lat' dir='ltr'>constet</span> <span class='ocrx_word' id='word_1_139' title='bbox 632 1702 670 1766; x_wconf 91' lang='lat' dir='ltr'>de</span> <span class='ocrx_word' id='word_1_140' title='bbox 698 1703 803 1765; x_wconf 83' lang='lat' dir='ltr'>iterato</span> <span class='ocrx_word' id='word_1_141' title='bbox 825 1708 895 1765; x_wconf 83' lang='lat' dir='ltr'>actu</span> <span class='ocrx_word' id='word_1_142' title='bbox 922 1702 1052 1780; x_wconf 82' lang='lat' dir='ltr'>cernuli,</span> <span class='ocrx_word' id='word_1_143' title='bbox 1071 1703 1134 1765; x_wconf 81' lang='lat' dir='ltr'>imo</span> <span class='ocrx_word' id='word_1_144' title='bbox 1152 1703 1194 1767; x_wconf 91' lang='lat' dir='ltr'>de</span> 
     </span>
     <span class='ocr_line' id='line_1_19' title="bbox 213 1791 1191 1872; baseline -0.001 -17"><span class='ocrx_word' id='word_1_145' title='bbox 213 1792 303 1855; x_wconf 75' lang='lat' dir='ltr'>uniet</span> <span class='ocrx_word' id='word_1_146' title='bbox 316 1791 524 1867; x_wconf 80' lang='lat' dir='ltr'>fornicatione,</span> <span class='ocrx_word' id='word_1_147' title='bbox 540 1793 769 1853; x_wconf 84' lang='lat' dir='ltr'>controvertitur</span> <span class='ocrx_word' id='word_1_148' title='bbox 783 1798 886 1854; x_wconf 87' lang='lat' dir='ltr'>ulrum</span> <span class='ocrx_word' id='word_1_149' title='bbox 901 1791 1000 1852; x_wconf 80' lang='lat' dir='ltr'>stetim</span> <span class='ocrx_word' id='word_1_150' title='bbox 1014 1791 1108 1872; x_wconf 84' lang='lat' dir='ltr'>possit</span> <span class='ocrx_word' id='word_1_151' title='bbox 1117 1810 1191 1872; x_wconf 90' lang='lat' dir='ltr'>pro-</span> 
     </span>
     <span class='ocr_line' id='line_1_20' title="bbox 213 1877 1193 1962; baseline 0.001 -20"><span class='ocrx_word' id='word_1_152' title='bbox 213 1879 279 1942; x_wconf 89' lang='lat' dir='ltr'>cedi</span> <span class='ocrx_word' id='word_1_153' title='bbox 300 1878 339 1942; x_wconf 82' lang='lat' dir='ltr'>ed</span> <span class='ocrx_word' id='word_1_154' title='bbox 356 1877 575 1960; x_wconf 86' lang='lat' dir='ltr'>depositionem</span> <span class='ocrx_word' id='word_1_155' title='bbox 592 1878 691 1940; x_wconf 90' lang='lat' dir='ltr'>officii.</span> <span class='ocrx_word' id='word_1_156' title='bbox 715 1881 837 1942; x_wconf 80' lang='lat' dir='ltr'>Certum</span> <span class='ocrx_word' id='word_1_157' title='bbox 857 1885 959 1941; x_wconf 83' lang='lat' dir='ltr'>tomen</span> <span class='ocrx_word' id='word_1_158' title='bbox 977 1879 1094 1942; x_wconf 83' lang='lat' dir='ltr'>videtur</span> <span class='ocrx_word' id='word_1_159' title='bbox 1107 1881 1193 1962; x_wconf 80' lang='lat' dir='ltr'>quod</span> 
     </span>
     <span class='ocr_line' id='line_1_21' title="bbox 214 1966 1191 2050; baseline 0.001 -20"><span class='ocrx_word' id='word_1_160' title='bbox 214 1967 252 2030; x_wconf 85' lang='lat' dir='ltr'>ed</span> <span class='ocrx_word' id='word_1_161' title='bbox 266 1968 345 2030; x_wconf 84' lang='lat' dir='ltr'>hene</span> <span class='ocrx_word' id='word_1_162' title='bbox 358 1966 452 2050; x_wconf 86' lang='lat' dir='ltr'>possit</span> <span class='ocrx_word' id='word_1_163' title='bbox 469 1967 590 2048; x_wconf 87' lang='lat' dir='ltr'>procedi</span> <span class='ocrx_word' id='word_1_164' title='bbox 609 1968 662 2030; x_wconf 89' lang='lat' dir='ltr'>ubi</span> <span class='ocrx_word' id='word_1_165' title='bbox 681 1966 749 2030; x_wconf 86' lang='lat' dir='ltr'>tulis</span> <span class='ocrx_word' id='word_1_166' title='bbox 765 1968 845 2049; x_wconf 79' lang='lat' dir='ltr'>viget</span> <span class='ocrx_word' id='word_1_167' title='bbox 857 1968 1057 2031; x_wconf 88' lang='lat' dir='ltr'>consuetudo.</span> <span class='ocrx_word' id='word_1_168' title='bbox 1072 1968 1191 2048; x_wconf 83' lang='lat' dir='ltr'>Bouix,</span> 
     </span>
     <span class='ocr_line' id='line_1_22' title="bbox 213 2054 550 2138; baseline 0 -20"><span class='ocrx_word' id='word_1_169' title='bbox 213 2054 258 2119; x_wconf 82' lang='lat' dir='ltr'>De</span> <span class='ocrx_word' id='word_1_170' title='bbox 275 2056 417 2132; x_wconf 81' lang='lat' dir='ltr'>l’nrocito,</span> <span class='ocrx_word' id='word_1_171' title='bbox 433 2075 463 2138; x_wconf 96' lang='lat' dir='ltr'>p.</span> <span class='ocrx_word' id='word_1_172' title='bbox 479 2059 550 2119; x_wconf 81' lang='lat'><strong>379.</strong></span> 
     </span>
    </p>

    <p class='ocr_par' dir='ltr' id='par_1_7' title="bbox 214 2143 1194 3023">
     <span class='ocr_line' id='line_1_23' title="bbox 253 2143 1191 2228; baseline 0 -18"><span class='ocrx_word' id='word_1_173' title='bbox 253 2149 285 2210; x_wconf 87' lang='lat'>9⁰</span> <span class='ocrx_word' id='word_1_174' title='bbox 307 2147 383 2207; x_wconf 83' lang='lat' dir='ltr'>Casu</span> <span class='ocrx_word' id='word_1_175' title='bbox 393 2163 454 2226; x_wconf 83' lang='lat' dir='ltr'>quo</span> <span class='ocrx_word' id='word_1_176' title='bbox 469 2143 684 2208; x_wconf 82' lang='lat' dir='ltr'>Ecclesiasticae</span> <span class='ocrx_word' id='word_1_177' title='bbox 698 2165 835 2228; x_wconf 76' lang='lat' dir='ltr'>persone</span> <span class='ocrx_word' id='word_1_178' title='bbox 848 2143 962 2208; x_wconf 79' lang='lat' dir='ltr'>directe</span> <span class='ocrx_word' id='word_1_179' title='bbox 977 2144 1024 2209; x_wconf 87' lang='lat' dir='ltr'>vel</span> <span class='ocrx_word' id='word_1_180' title='bbox 1042 2145 1191 2210; x_wconf 79' lang='lat' dir='ltr'>indirecte</span> 
     </span>
     <span class='ocr_line' id='line_1_24' title="bbox 215 2232 1194 2316; baseline 0.003 -21"><span class='ocrx_word' id='word_1_181' title='bbox 215 2234 303 2296; x_wconf 85' lang='lat' dir='ltr'>elium</span> <span class='ocrx_word' id='word_1_182' title='bbox 319 2252 480 2316; x_wconf 79' lang='lat' dir='ltr'>personam</span> <span class='ocrx_word' id='word_1_183' title='bbox 494 2233 730 2298; x_wconf 81' lang='lat' dir='ltr'>Ecclesiasticom</span> <span class='ocrx_word' id='word_1_184' title='bbox 746 2234 870 2297; x_wconf 80' lang='lat' dir='ltr'>trahunt</span> <span class='ocrx_word' id='word_1_185' title='bbox 883 2232 1028 2297; x_wconf 77' lang='lat' dir='ltr'>odiorum</span> <span class='ocrx_word' id='word_1_186' title='bbox 1041 2253 1095 2298; x_wconf 90' lang='lat' dir='ltr'>seu</span> <span class='ocrx_word' id='word_1_187' title='bbox 1107 2235 1194 2314; x_wconf 85' lang='lat' dir='ltr'>judi·</span> 
     </span>
     <span class='ocr_line' id='line_1_25' title="bbox 214 2323 1194 2404; baseline 0 -17"><span class='ocrx_word' id='word_1_188' title='bbox 214 2326 295 2387; x_wconf 90' lang='lat' dir='ltr'>cium</span> <span class='ocrx_word' id='word_1_189' title='bbox 313 2323 415 2388; x_wconf 84' lang='lat' dir='ltr'>laicale</span> <span class='ocrx_word' id='word_1_190' title='bbox 430 2341 484 2404; x_wconf 93' lang='lat' dir='ltr'>pro</span> <span class='ocrx_word' id='word_1_191' title='bbox 500 2323 620 2404; x_wconf 79' lang='lat' dir='ltr'>negotio</span> <span class='ocrx_word' id='word_1_192' title='bbox 636 2323 673 2385; x_wconf 91' lang='lat' dir='ltr'>dc</span> <span class='ocrx_word' id='word_1_193' title='bbox 687 2341 748 2404; x_wconf 88' lang='lat' dir='ltr'>quo</span> <span class='ocrx_word' id='word_1_194' title='bbox 761 2323 794 2384; x_wconf 93' lang='lat' dir='ltr'>in</span> <span class='ocrx_word' id='word_1_195' title='bbox 808 2323 873 2384; x_wconf 87' lang='lat' dir='ltr'>loro</span> <span class='ocrx_word' id='word_1_196' title='bbox 889 2323 1097 2386; x_wconf 80' lang='lat' dir='ltr'>Ecclesiastico</span> <span class='ocrx_word' id='word_1_197' title='bbox 1112 2325 1194 2387; x_wconf 92' lang='lat' dir='ltr'>ordi-</span> 
     </span>
     <span class='ocr_line' id='line_1_26' title="bbox 215 2410 1192 2493; baseline 0 -19"><span class='ocrx_word' id='word_1_198' title='bbox 215 2413 279 2474; x_wconf 79' lang='lat' dir='ltr'>nari</span> <span class='ocrx_word' id='word_1_199' title='bbox 292 2412 466 2488; x_wconf 84' lang='lat' dir='ltr'>consucvit,</span> <span class='ocrx_word' id='word_1_200' title='bbox 481 2411 527 2473; x_wconf 87' lang='lat' dir='ltr'>vel</span> <span class='ocrx_word' id='word_1_201' title='bbox 541 2418 638 2493; x_wconf 89' lang='lat' dir='ltr'>potest</span> <span class='ocrx_word' id='word_1_202' title='bbox 660 2410 697 2473; x_wconf 86' lang='lat' dir='ltr'>de</span> <span class='ocrx_word' id='word_1_203' title='bbox 717 2411 804 2492; x_wconf 87' lang='lat' dir='ltr'>jure,</span> <span class='ocrx_word' id='word_1_204' title='bbox 821 2411 866 2473; x_wconf 86' lang='lat' dir='ltr'>rel</span> <span class='ocrx_word' id='word_1_205' title='bbox 887 2411 1120 2487; x_wconf 87' lang='lat' dir='ltr'>consuetudine,</span> <span class='ocrx_word' id='word_1_206' title='bbox 1143 2414 1192 2476; x_wconf 88' lang='lat' dir='ltr'>vel</span> 
     </span>
     <span class='ocr_line' id='line_1_27' title="bbox 214 2498 1193 2580; baseline 0.001 -17"><span class='ocrx_word' id='word_1_207' title='bbox 214 2501 300 2577; x_wconf 62' lang='lat' dir='ltr'>elilim</span> <span class='ocrx_word' id='word_1_208' title='bbox 313 2519 375 2563; x_wconf 90' lang='lat' dir='ltr'>non</span> <span class='ocrx_word' id='word_1_209' title='bbox 388 2502 505 2562; x_wconf 82' lang='lat' dir='ltr'>tantum</span> <span class='ocrx_word' id='word_1_210' title='bbox 515 2498 832 2580; x_wconf 87' lang='lat' dir='ltr'>personaehujusmodi</span> <span class='ocrx_word' id='word_1_211' title='bbox 846 2499 1193 2564; x_wconf 78' lang='lat' dir='ltr'>excommunicationem</span> 
     </span>
     <span class='ocr_line' id='line_1_28' title="bbox 215 2587 1193 2672; baseline 0.002 -22"><span class='ocrx_word' id='word_1_212' title='bbox 215 2589 279 2671; x_wconf 90' lang='lat' dir='ltr'>ipso</span> <span class='ocrx_word' id='word_1_213' title='bbox 293 2587 370 2652; x_wconf 83' lang='lat' dir='ltr'>lacto</span> <span class='ocrx_word' id='word_1_214' title='bbox 384 2589 544 2651; x_wconf 83' lang='lat' dir='ltr'>incurrunt</span> <span class='ocrx_word' id='word_1_215' title='bbox 558 2606 611 2668; x_wconf 92' lang='lat' dir='ltr'>per</span> <span class='ocrx_word' id='word_1_216' title='bbox 625 2587 742 2648; x_wconf 85' lang='lat' dir='ltr'>Bullcm</span> <span class='ocrx_word' id='word_1_217' title='bbox 756 2588 876 2650; x_wconf 80' lang='lat' dir='ltr'>Martini</span> <span class='ocrx_word' id='word_1_218' title='bbox 889 2587 980 2665; x_wconf 68' lang='lat' dir='ltr'>ved</span> <span class='ocrx_word' id='word_1_219' title='bbox 991 2587 1193 2672; x_wconf 81' lang='lat' dir='ltr'>reprimendos</span> 
     </span>
     <span class='ocr_line' id='line_1_29' title="bbox 216 2674 1189 2756; baseline 0.001 -20"><span class='ocrx_word' id='word_1_220' title='bbox 216 2676 398 2753; x_wconf 81' lang='lat' dir='ltr'>insolentius,</span> <span class='ocrx_word' id='word_1_221' title='bbox 413 2675 463 2739; x_wconf 88' lang='lat' dir='ltr'>sed</span> <span class='ocrx_word' id='word_1_222' title='bbox 474 2676 501 2738; x_wconf 83' lang='lat' dir='ltr'>si</span> <span class='ocrx_word' id='word_1_223' title='bbox 514 2674 632 2738; x_wconf 82' lang='lat' dir='ltr'>rebelles</span> <span class='ocrx_word' id='word_1_224' title='bbox 642 2675 704 2737; x_wconf 86' lang='lat' dir='ltr'>sint</span> <span class='ocrx_word' id='word_1_225' title='bbox 716 2683 745 2738; x_wconf 87' lang='lat' dir='ltr'>et</span> <span class='ocrx_word' id='word_1_226' title='bbox 761 2676 954 2738; x_wconf 82' lang='lat' dir='ltr'>incontinenti</span> <span class='ocrx_word' id='word_1_227' title='bbox 966 2697 1023 2738; x_wconf 89' lang='lat' dir='ltr'>non</span> <span class='ocrx_word' id='word_1_228' title='bbox 1035 2676 1189 2756; x_wconf 82' lang='lat' dir='ltr'>obedient,</span> 
     </span>
     <span class='ocr_line' id='line_1_30' title="bbox 214 2763 1191 2848; baseline 0.004 -23"><span class='ocrx_word' id='word_1_229' title='bbox 214 2784 267 2846; x_wconf 84' lang='lat' dir='ltr'>per</span> <span class='ocrx_word' id='word_1_230' title='bbox 274 2765 474 2846; x_wconf 82' lang='lat' dir='ltr'>privationem</span> <span class='ocrx_word' id='word_1_231' title='bbox 487 2784 604 2826; x_wconf 83' lang='lat' dir='ltr'>suornm</span> <span class='ocrx_word' id='word_1_232' title='bbox 619 2763 819 2846; x_wconf 80' lang='lat' dir='ltr'>berreficiornm</span> <span class='ocrx_word' id='word_1_233' title='bbox 828 2763 963 2846; x_wconf 84' lang='lat' dir='ltr'>compelli</span> <span class='ocrx_word' id='word_1_234' title='bbox 970 2771 1103 2848; x_wconf 73' lang='lat' dir='ltr'>possenti</span> <span class='ocrx_word' id='word_1_235' title='bbox 1113 2767 1191 2830; x_wconf 88' lang='lat' dir='ltr'>Sunt</span> 
     </span>
     <span class='ocr_line' id='line_1_31' title="bbox 215 2852 1191 2937; baseline 0.004 -23"><span class='ocrx_word' id='word_1_236' title='bbox 215 2859 245 2914; x_wconf 87' lang='lat' dir='ltr'>rt</span> <span class='ocrx_word' id='word_1_237' title='bbox 258 2853 360 2934; x_wconf 85' lang='lat' dir='ltr'>plures</span> <span class='ocrx_word' id='word_1_238' title='bbox 372 2853 420 2915; x_wconf 84' lang='lat' dir='ltr'>alii</span> <span class='ocrx_word' id='word_1_239' title='bbox 435 2872 521 2916; x_wconf 86' lang='lat' dir='ltr'>cesus</span> <span class='ocrx_word' id='word_1_240' title='bbox 535 2852 646 2934; x_wconf 89' lang='lat' dir='ltr'>quibus</span> <span class='ocrx_word' id='word_1_241' title='bbox 659 2871 696 2916; x_wconf 85' lang='lat' dir='ltr'>ex</span> <span class='ocrx_word' id='word_1_242' title='bbox 707 2854 775 2931; x_wconf 77' lang='lat' dir='ltr'>iure</span> <span class='ocrx_word' id='word_1_243' title='bbox 793 2852 886 2934; x_wconf 84' lang='lat' dir='ltr'>indigi</span> <span class='ocrx_word' id='word_1_244' title='bbox 909 2857 1008 2934; x_wconf 84' lang='lat' dir='ltr'>potest</span> <span class='ocrx_word' id='word_1_245' title='bbox 1019 2871 1110 2936; x_wconf 82' lang='lat' dir='ltr'>poena</span> <span class='ocrx_word' id='word_1_246' title='bbox 1124 2853 1191 2937; x_wconf 90' lang='lat' dir='ltr'>pri·</span> 
     </span>
     <span class='ocr_line' id='line_1_32' title="bbox 215 2940 1115 3023; baseline 0.003 -21"><span class='ocrx_word' id='word_1_247' title='bbox 215 2941 361 3019; x_wconf 81' lang='lat' dir='ltr'>rationis,</span> <span class='ocrx_word' id='word_1_248' title='bbox 377 2948 411 3002; x_wconf 92' lang='lat' dir='ltr'>ut</span> <span class='ocrx_word' id='word_1_249' title='bbox 424 2942 517 3004; x_wconf 87' lang='lat' dir='ltr'>videri</span> <span class='ocrx_word' id='word_1_250' title='bbox 531 2948 628 3023; x_wconf 86' lang='lat' dir='ltr'>polest</span> <span class='ocrx_word' id='word_1_251' title='bbox 641 2960 678 3006; x_wconf 85' lang='lat' dir='ltr'>cx</span> <span class='ocrx_word' id='word_1_252' title='bbox 691 2940 777 3005; x_wconf 87' lang='lat' dir='ltr'>dictis</span> <span class='ocrx_word' id='word_1_253' title='bbox 790 2943 883 3023; x_wconf 76' lang='lat' dir='ltr'>suprt</span> <span class='ocrx_word' id='word_1_254' title='bbox 896 2943 977 3021; x_wconf 77' lang='lat'>(556)</span> <span class='ocrx_word' id='word_1_255' title='bbox 990 2948 1021 3006; x_wconf 87' lang='lat' dir='ltr'>el</span> <span class='ocrx_word' id='word_1_256' title='bbox 1034 2941 1115 3006; x_wconf 84' lang='lat' dir='ltr'>olibi.</span> 
     </span>
    </p>
   </div>
   <div class='ocr_carea' id='block_1_3' title="bbox 405 3087 1000 3238">
    <p class='ocr_par' dir='ltr' id='par_1_8' title="bbox 405 3087 1000 3238">
     <span class='ocr_line' id='line_1_33' title="bbox 693 3087 718 3146; baseline -0.04 0"><span class='ocrx_word' id='word_1_257' title='bbox 693 3087 718 3146; x_wconf 89' lang='lat' dir='ltr'>ll</span> 
     </span>
     <span class='ocr_line' id='line_1_34' title="bbox 405 3187 1000 3238; baseline 0 -4"><span class='ocrx_word' id='word_1_258' title='bbox 405 3187 443 3234; x_wconf 85' lang='lat' dir='ltr'>ns</span> <span class='ocrx_word' id='word_1_259' title='bbox 466 3189 590 3236; x_wconf 85' lang='lat' dir='ltr'>orrrcns</span> <span class='ocrx_word' id='word_1_260' title='bbox 604 3191 643 3236; x_wconf 74' lang='lat' dir='ltr'>nn</span> <span class='ocrx_word' id='word_1_261' title='bbox 658 3191 760 3238; x_wconf 85' lang='lat' dir='ltr'>norun</span> <span class='ocrx_word' id='word_1_262' title='bbox 784 3189 1000 3237; x_wconf 79' lang='lat' dir='ltr'>inorinnnsus.</span> 
     </span>
    </p>
   </div>
   <div class='ocr_carea' id='block_1_4' title="bbox 231 3294 1186 3641">
    <p class='ocr_par' dir='ltr' id='par_1_9' title="bbox 231 3294 1186 3641">
     <span class='ocr_line' id='line_1_35' title="bbox 267 3294 1186 3380; baseline 0.001 -26"><span class='ocrx_word' id='word_1_263' title='bbox 267 3295 336 3358; x_wconf 75' lang='lat'><strong>560.</strong></span> <span class='ocrx_word' id='word_1_264' title='bbox 355 3294 441 3358; x_wconf 81' lang='lat' dir='ltr'>&#39;l&#39;nlia</span> <span class='ocrx_word' id='word_1_265' title='bbox 460 3307 534 3360; x_wconf 81' lang='lat' dir='ltr'>sunt</span> <span class='ocrx_word' id='word_1_266' title='bbox 553 3297 708 3378; x_wconf 84' lang='lat' dir='ltr'>imprimis</span> <span class='ocrx_word' id='word_1_267' title='bbox 730 3299 886 3378; x_wconf 75' lang='lat' dir='ltr'>parochie</span> <span class='ocrx_word' id='word_1_268' title='bbox 908 3317 979 3380; x_wconf 80' lang='lat' dir='ltr'>quoe</span> <span class='ocrx_word' id='word_1_269' title='bbox 997 3297 1186 3362; x_wconf 80' lang='lat' dir='ltr'>nircnrsoles</span> 
     </span>
     <span class='ocr_line' id='line_1_36' title="bbox 231 3385 1185 3468; baseline -0.002 -24"><span class='ocrx_word' id='word_1_270' title='bbox 231 3385 1185 3468; x_wconf 68' lang='lat' dir='ltr'>nuncupantem«Olim,inqnitl.equour(n·ll²l,desercitor</span> 
     </span>
     <span class='ocr_line' id='line_1_37' title="bbox 234 3471 1182 3556; baseline 0.006 -27"><span class='ocrx_word' id='word_1_271' title='bbox 234 3496 244 3529; x_wconf 69' lang='lat' dir='ltr'>t</span> <span class='ocrx_word' id='word_1_272' title='bbox 259 3471 423 3535; x_wconf 82' lang='lat' dir='ltr'>dicebatur</span> <span class='ocrx_word' id='word_1_273' title='bbox 435 3473 488 3536; x_wconf 86' lang='lat' dir='ltr'>illo</span> <span class='ocrx_word' id='word_1_274' title='bbox 502 3477 645 3537; x_wconf 86' lang='lat' dir='ltr'>sacerdos</span> <span class='ocrx_word' id='word_1_275' title='bbox 657 3474 712 3556; x_wconf 90' lang='lat' dir='ltr'>qui</span> <span class='ocrx_word' id='word_1_276' title='bbox 729 3475 901 3556; x_wconf 66' lang='lat' dir='ltr'>provisoris</span> <span class='ocrx_word' id='word_1_277' title='bbox 917 3475 1116 3538; x_wconf 82' lang='lat' dir='ltr'>ministrabat</span> <span class='ocrx_word' id='word_1_278' title='bbox 1129 3489 1182 3535; x_wconf 87' lang='lat' dir='ltr'>ec-</span> 
     </span>
     <span class='ocr_line' id='line_1_38' title="bbox 233 3561 1181 3641; baseline 0.005 -23"><span class='ocrx_word' id='word_1_279' title='bbox 233 3563 356 3628; x_wconf 82' lang='lat' dir='ltr'>«clcsine</span> <span class='ocrx_word' id='word_1_280' title='bbox 367 3563 506 3641; x_wconf 81' lang='lat' dir='ltr'>vacanti3</span> <span class='ocrx_word' id='word_1_281' title='bbox 516 3563 703 3628; x_wconf 83' lang='lat' dir='ltr'>succursalis</span> <span class='ocrx_word' id='word_1_282' title='bbox 717 3561 961 3628; x_wconf 79' lang='lat' dir='ltr'>rerddicobatur</span> <span class='ocrx_word' id='word_1_283' title='bbox 975 3564 1112 3627; x_wconf 55' lang='lat' dir='ltr'>Ecclesia</span> <span class='ocrx_word' id='word_1_284' title='bbox 1125 3580 1181 3625; x_wconf 87' lang='lat' dir='ltr'>seu</span> 
     </span>
    </p>
   </div>
   <div class='ocr_carea' id='block_1_5' title="bbox 262 3711 686 3782">
    <p class='ocr_par' dir='ltr' id='par_1_10' title="bbox 262 3711 686 3782">
     <span class='ocr_line' id='line_1_39' title="bbox 262 3711 686 3782; baseline 0.002 -17"><span class='ocrx_word' id='word_1_285' title='bbox 262 3719 270 3749; x_wconf 82' lang='lat'><strong>¹</strong></span> <span class='ocrx_word' id='word_1_286' title='bbox 287 3715 346 3768; x_wconf 78' lang='lat' dir='ltr'>lide</span> <span class='ocrx_word' id='word_1_287' title='bbox 359 3721 443 3769; x_wconf 75' lang='lat' dir='ltr'>lemen</span> <span class='ocrx_word' id='word_1_288' title='bbox 458 3721 475 3772; x_wconf 87' lang='lat' dir='ltr'>l.</span> <span class='ocrx_word' id='word_1_289' title='bbox 492 3717 523 3778; x_wconf 89' lang='lat' dir='ltr'>ll,</span> <span class='ocrx_word' id='word_1_290' title='bbox 534 3733 561 3782; x_wconf 88' lang='lat' dir='ltr'>p.</span> <span class='ocrx_word' id='word_1_291' title='bbox 580 3713 636 3782; x_wconf 77' lang='grc'><strong>136,</strong></span> <span class='ocrx_word' id='word_1_292' title='bbox 645 3711 686 3766; x_wconf 83' lang='lat' dir='ltr'>l⁰.</span> 
     </span>
    </p>
   </div>
   <div class='ocr_carea' id='block_1_6' title="bbox 0 0 1302 4008">
    <p class='ocr_par' dir='ltr' id='par_1_11' title="bbox 0 0 1302 4008">
     <span class='ocr_line' id='line_1_40' title="bbox 0 0 1302 4008; baseline 0 0"><span class='ocrx_word' id='word_1_293' title='bbox 0 0 1302 4008; x_wconf 95' lang='lat' dir='ltr'> </span> 
     </span>
    </p>
   </div>
  </div>
 </body>
</html>
