2586 3988
225 265 263 324 9⁴8
443 302 582 350 {subtus
603 302 706 348 turios
725 303 806 350 tuuis
827 303 974 351 canumet.

221 425 236 462 r
261 403 432 486 superfluae,
448 405 471 466 si
487 421 595 466 omnes
609 403 702 466 Bullae
716 407 820 467 Romae
834 404 1007 486 publicatae,
1022 405 1113 467 etiarn
1128 403 1195 470 sine

221 513 236 552 a
260 493 369 555 talibus
383 491 538 570 clausulis,
550 493 717 574 obligarent
732 495 976 576 antequamlibet
989 494 1079 555 aliam
1095 493 1196 575 publi·

221 604 236 644 a
261 583 411 644 rationem
430 583 462 644 in
476 583 657 666 provinciis3
673 581 765 645 modd
778 584 898 664 (excipit
912 583 1085 664 ltoncaglial
1095 583 1126 644 in
1141 581 1197 645 ali·

221 693 235 730 r
260 689 322 754 quo
342 671 410 734 loco
427 672 616 736 consuetudo
631 691 693 733 non
712 673 826 754 rigeret
840 671 1045 734 indifferenter
1063 671 1197 754 amplec⁴

221 783 236 820 a
260 760 343 823 tendi
361 761 461 824 Bullas
480 763 583 823 Romae
603 779 797 843 quocumque
817 760 907 823 modo
922 759 1136 844 promulgatas.
1152 781 1168 820 s
1185 764 1194 800 ¹

260 855 310 913 43.
321 850 460 915 Secunda
474 849 760 932 sententiaquaetS.
769 849 890 932 Liguor.
900 856 1022 912 vocatur·
1031 847 1197 910 valderam-

220 940 337 1001 munior
349 949 378 1002 at
386 939 587 1024 probabilior,
604 944 684 1000 tenet
699 939 779 1022 leges
797 939 966 1022 pontificias
980 937 1113 1019 obligare
1131 937 1197 1000 solat

221 1029 462 1112 promulgatione
476 1029 580 1092 Romae
605 1025 692 1090 lacta.
717 1031 807 1092 luxtt
824 1029 860 1090 D.
877 1027 971 1091 Bouix
988 1027 1032 1105 (de
1047 1025 1194 1109 Prr'nrip..

223 1137 253 1199 p.
265 1120 349 1196 200),
365 1119 408 1180 De
419 1119 535 1195 Marce,
553 1119 619 1181 Van
635 1119 751 1200 Espen,
767 1117 899 1180 Zalwein
918 1134 1041 1200 prorsus
1057 1119 1199 1178 errarunt

221 1205 400 1269 attirmando
420 1207 511 1269 talem
532 1207 807 1289 promulgationem
824 1224 889 1270 esse
908 1204 1139 1268 insufficientem
1158 1223 1198 1267 ex

218 1295 286 1374 jure
300 1295 438 1359 naturali.

260 1385 406 1448 Probatur
426 1387 482 1448 ista
497 1385 660 1448 sententia:
678 1389 708 1448 l⁰
730 1389 797 1448 Non
817 1385 917 1448 solbrn
931 1390 1067 1466 tempore
1082 1385 1196 1466 lteipu—

220 1473 306 1537 blicae
319 1493 464 1552 romanae,
482 1475 534 1536 sed
549 1476 605 1537 sub
624 1474 869 1558 imperatoribus,
886 1474 968 1554 leges
982 1491 1040 1535 rere
1059 1473 1195 1554 sculptas,
1282 1527 1283 1556 ,

220 1562 286 1645 ipso
306 1565 369 1628 Van
386 1565 485 1646 Espen
500 1563 630 1640 latente,
651 1563 701 1642 (it.
724 1583 755 1628 ar
773 1564 873 1646 suprd)
892 1581 946 1644 per
964 1567 1025 1624 tres
1044 1561 1196 1626 nundinas
1282 1563 1283 1580 ³

220 1653 447 1734 exponebantur
461 1653 491 1714 in
506 1653 579 1715 locis
594 1653 737 1730 publicis;
754 1660 784 1716 et
801 1651 845 1714 sic
868 1649 1109 1713 instituebantur.
1132 1651 1197 1712 Pri·

220 1759 289 1803 mus
302 1742 491 1804 Justinianus
505 1742 677 1824 imperator,
693 1760 774 1806 anno
797 1741 903 1804 Christi
924 1737 1194 1822 538‚pr01nutga-

219 1830 334 1892 tionem
358 1831 389 1892 in
414 1831 575 1914 provinciis
593 1830 710 1893 indixit.
745 1832 838 1893 Porrd
858 1829 917 1891 dici
942 1829 1047 1910 nequit
1072 1845 1125 1910 per
1150 1835 1195 1891 tot

221 1917 1196 2002 saeculaltornanossicturpitererrassecireajusnaturale:Ergo

219 2009 268 2087 jus
292 2009 426 2073 naturale
454 2029 515 2072 non
535 2011 628 2092 exigit
656 2009 927 2092 promulgationem
951 2009 984 2069 in
1011 2007 1193 2088 prouinciis:

221 2099 312 2179 Ergo,
328 2106 385 2160 etc.

260 2189 293 2248 ln
309 2187 462 2269 Hispania,
475 2188 560 2268 juxta
574 2187 845 2265 Salmantioenses,
861 2187 968 2248 illatrili
979 2186 1096 2249 tantiam
1113 2185 1195 2268 leges

168 2302 171 2307 ·
221 2276 508 2360 promulgabantur3
529 2275 619 2338 hodie
640 2277 672 2337 in
696 2277 789 2338 Gallia
807 2275 999 2358 publicantur
1021 2293 1074 2358 per
1097 2275 1195 2338 inser·

221 2366 334 2428 tionem
361 2367 528 2430 collectioni
552 2365 639 2428 dietae
666 2363 802 2427 Balletin
831 2364 878 2426 des
906 2363 976 2440 lois,
1003 2383 1070 2448 quae
1092 2363 1195 2426 urra-

222 2455 315 2532 risiis,
347 2457 434 2536 cujus
460 2454 570 2517 deinde
600 2454 783 2536 exemplaria
806 2455 964 2516 mittuntur
994 2453 1031 2516 ad
1058 2453 1195 2532 singulas

221 2547 473 2622 communitates,
488 2545 562 2626 quin
583 2549 686 2608 tamen
708 2543 791 2606 iniis
814 2542 982 2605 necessario
996 2543 1055 2604 sint
1075 2541 1195 2623 publice

223 2633 370 2714 legendae.

262 2725 293 2784 2⁰
316 2721 520 2804 promulgatio
546 2723 651 2784 Itomae
671 2721 748 2784 lacta
767 2721 918 2785 sufficiens
939 2726 1003 2799 est,
1026 2719 1118 2783 modb
1141 2739 1194 2802 per
1278 2711 1280 2726 ¹

253 2927 262 2956 ¹
281 2943 291 2971 ι
311 2923 337 2974 ln
355 2921 456 2985 Galliis,
478 2923 558 2992 inquit
574 2923 690 2991 Laqueus
709 2924 748 2986 (nr
764 2923 807 2986 19,
828 2925 855 2976 3·
873 2921 960 2990 edit),
981 2919 1105 2974 ordinarit
1125 2937 1194 2975 norm

225 3017 235 3045 ι
252 2995 440 3048 constitutiones
453 2994 483 3046 ad
492 2995 644 3062 disciplinam
658 3001 796 3063 spectantes
808 3009 859 3046 non
870 3000 1003 3046 censentur
1015 2993 1126 3059 obligare
1138 3003 1194 3044 ante

226 3087 235 3117 r
253 3066 475 3134 promulgationem
489 3065 514 3116 in
531 3067 693 3133 prouinciis...

254 3158 265 3186 ι
285 3137 337 3188 bisi
350 3138 489 3189 ordiaarr'c':
505 3138 561 3204 quia
575 3154 623 3188 non
642 3153 763 3206 negamus
780 3139 841 3190 tales
852 3139 958 3190 existere
970 3151 1042 3205 posse
1054 3143 1192 3202 temporum

226 3229 236 3262 r
253 3209 449 3262 circumstantias
468 3226 523 3276 quaa
542 3211 642 3261 remedii
667 3211 808 3262 dilationem
829 3227 878 3261 uon
898 3210 1050 3276 patiantur...
1071 3207 1146 3264 llam,
1169 3214 1194 3256 ut

226 3301 236 3332 r
252 3281 341 3346 supra,
355 3297 410 3332 curn
424 3279 554 3332 Rossnetio
567 3283 671 3349 professi
683 3298 783 3344 sumus,
794 3282 875 3334 omnia
884 3289 965 3348 potest
976 3279 1002 3332 S.
1016 3278 1130 3330 Pontifex
1139 3279 1195 3329 cirm

226 3373 236 3402 i
255 3353 389 3404 necessitas
402 3351 426 3402 id
441 3354 610 3418 postulaverit.
746 3363 747 3366 ’

255 3445 265 3473 ι
285 3423 337 3475 llixi
350 3425 382 3476 ad
399 3425 552 3492 discipinam
567 3433 704 3492 spectantes
715 3441 724 3479 .·
737 3425 792 3492 quia
805 3425 904 3492 gitanda
917 3423 1028 3490 agitur...
1049 3423 1079 3473 de
1096 3426 1196 3473 decreto

225 3517 235 3546 r
253 3496 316 3547 cirea
331 3497 417 3566 tidem,
430 3504 472 3546 aut
484 3499 547 3549 cirea
561 3513 603 3564 pus
612 3499 722 3548 naturale
734 3500 770 3548 rel
782 3497 905 3557 divinum,
915 3495 1015 3545 minime
1029 3493 1195 3544 necessarium

225 3587 235 3616 r
254 3573 327 3619 estut
339 3567 464 3618 decretum
477 3585 519 3634 per
532 3569 669 3635 provincias
682 3569 864 3633 promulgatum
875 3567 919 3617 sed
931 3567 1050 3616 statimac
1059 3565 1196 3614 innotuerit

226 3659 236 3688 r
253 3639 374 3706 iudicium
392 3639 503 3690 solemne
520 3639 586 3704 quod
606 3637 633 3688 S.
652 3638 793 3688 ronuta...
811 3637 883 3697 tulit,
901 3636 1005 3686 debetur
1021 3633 1194 3700 absequnaml

227 3729 235 3755 ι
255 3709 377 3760 fidelibus.
389 3727 398 3754 r
409 3709 460 3760 l'id.
471 3710 554 3771 etiam,
568 3707 693 3760 lleilt'enst.
703 3709 744 3758 lib.
754 3710 777 3768 l,
790 3722 818 3756 nr
827 3709 886 3770 tta,
899 3713 946 3758 etc.
