2574 3994
468 275 555 321 trusa
576 277 694 324 narnus.
1042 265 1096 326 stt

127 369 197 432 chin
209 370 242 433 in
254 371 312 452 que
326 371 406 434 vitiis
419 371 616 452 indulgebant
626 373 657 434 in
673 373 795 434 alteram
810 372 983 454 parochiam
996 395 1100 456 quam,

127 459 246 521 meliori
257 460 330 535 vite,
346 467 504 542 sperantur
516 460 705 536 aedillcaturi3
720 461 766 524 vel
778 461 948 539 hujusmodi
960 481 1028 543 spes
1040 485 1100 527 non

127 547 270 625 habetur,
286 555 337 612 aut
362 549 451 612 etiam
466 567 570 613 earum
593 550 742 630 perversio
761 551 801 612 ita
819 550 918 632 palem
944 551 1101 616 innotescit

126 643 162 700 ut
174 637 317 700 diffamati
333 638 393 700 sint
406 639 438 700 in
460 641 520 700 toti
539 637 678 716 diteoesi,
694 647 723 702 et
742 646 813 701 tunc
837 657 897 700 non
919 646 964 700 est
987 639 1101 704 licitum

23 805 25 809 y
126 725 370 789 illostranslerre
387 727 425 789 ad
448 745 540 790 novas
558 727 703 808 paroecias
724 748 731 789 ε
754 725 835 790 unda
856 727 880 788 si
902 725 978 788 adsit
998 747 1101 792 neces·

127 815 219 892 sitas,
235 815 302 878 illos
320 834 337 879 a
358 816 420 879 suis
439 814 546 879 officiis
566 815 761 894 removendi,
784 833 847 878 non
868 815 998 897 amplius
1020 837 1101 881 cursu

127 905 300 968 animarum
322 904 434 967 debent
452 905 587 987 prefici,
616 905 673 966 nisi
699 923 754 988 per
773 922 875 966 veram
900 911 930 966 et
950 905 1102 986 publicam

127 993 356 1056 conversionem
372 1011 458 1056 suam
473 993 584 1054 bonam
605 992 716 1054 lamam
735 994 819 1076 priirs
839 995 1099 1075 recuperaverint;

130 1081 263 1163 alioquin
278 1082 454 1146 scandalum
468 1081 556 1144 latiirs
578 1090 791 1183 spargeretur:
808 1081 859 1144 sed
878 1088 966 1152 tunc,
985 1084 1101 1148 meliori

129 1189 191 1250 qno
204 1171 335 1252 potuerit
348 1170 458 1248 modo,
474 1188 580 1233 eorum
594 1171 768 1251 indigentiae
778 1177 822 1232 est
831 1171 1060 1251 providendum.

167 1262 239 1322 489.
256 1260 377 1333 Ouaerit.
391 1264 422 1323 8·
439 1263 496 1331 An,
509 1259 533 1321 si
549 1261 629 1340 Papa
639 1259 685 1322 vel
699 1260 866 1340 Episcopus
880 1260 1007 1322 scienter
1019 1281 1101 1324 assu·

130 1356 226 1411 meret
254 1349 418 1412 inhabilem
449 1347 486 1410 ad
513 1346 636 1428 aliquod
666 1347 799 1409 odicium
828 1347 873 1410 vel
904 1348 1101 1429 Dignitatem,

129 1445 304 1502 censeretur
332 1453 372 1504 so
397 1439 465 1520 ipso
493 1453 565 1501 cum
595 1452 632 1498 eo
664 1435 838 1519 dispensare
868 1454 959 1518 super
984 1435 1101 1500 inhabi-

129 1525 232 1589 litate?

170 1617 260 1698 ltesp.
277 1619 310 1680 t·
324 1616 355 1680 Si
365 1619 446 1700 Papa
461 1615 626 1679 inhabilem
633 1615 707 1696 jure
720 1615 858 1684 lemano.
875 1612 1005 1676 scienter
1018 1630 1102 1678 assu·

130 1711 192 1767 mat
205 1723 243 1768 eo
256 1705 322 1787 ipso
335 1713 476 1769 censetur
492 1705 576 1768 illum
590 1705 715 1768 reddere
728 1702 876 1780 habilem,
893 1701 964 1784 quia
977 1702 1002 1766 si
1016 1721 1103 1766 secus

131 1799 250 1874 ageret,
266 1801 419 1876 peccaret,
438 1797 509 1858 cirrn
529 1813 590 1856 non
605 1795 692 1856 liceat
712 1791 823 1873 eligere
841 1789 1022 1868 inhabilem3
1039 1810 1101 1855 non

132 1883 201 1945 verd
213 1890 386 1946 censeretur
396 1883 482 1945 illum
495 1881 620 1946 reddere
633 1881 780 1958 habilem,
796 1881 821 1943 si
832 1881 1005 1962 ignoranter
1016 1880 1102 1944 inha-

131 1969 221 2034 bilem
245 1977 429 2049 assumeret,
454 1971 511 2033 nisi
534 1971 709 2033 intendisset
723 1969 863 2050 supplere
879 1968 1031 2032 delectum
1049 1970 1101 2051 qui

130 2067 230 2140 posset
243 2079 414 2130 occurrere,
431 2079 484 2122 scu
502 2060 675 2141 dispensare
689 2059 729 2119 ad
740 2057 900 2134 cautelam,
915 2057 996 2138 quod
1008 2063 1103 2139 potest

130 2147 227 2212 iacere
239 2149 263 2210 si
277 2149 398 2224 volitet
411 2148 534 2230 quidem
548 2147 645 2210 valide
654 2147 745 2208 etiarn
759 2147 825 2207 sine
839 2150 947 2216 coust,
965 2147 1102 2226 quamvis

129 2236 241 2299 illicite.
263 2239 347 2299 Patet
360 2237 442 2318 qued
459 2239 541 2319 Papa
564 2236 734 2298 nullatenus
755 2235 847 2315 possit
868 2232 993 2295 reddere
1017 2233 1102 2295 habi·

130 2323 205 2399 lem,
222 2326 274 2408 qui
290 2325 430 2388 inhabilis
444 2333 521 2388 esset
534 2327 602 2405 jure
618 2323 744 2386 naturali
759 2323 913 2383 autetiam
927 2321 1040 2384 divino.

169 2419 201 2476 2⁰
212 2415 297 2487 Quod
307 2413 520 2477 dictumestde
529 2417 609 2495 Papi
619 2413 677 2474 dici
688 2413 778 2474 etiam
788 2418 884 2492 potest
892 2409 930 2471 de
941 2411 1100 2492 Episcopo,

130 2503 156 2566 si
179 2503 349 2565 inhabilitas
372 2521 408 2565 ex
430 2503 492 2565 sole
513 2501 578 2584 lege
600 2502 770 2564 dioecesand
790 2498 961 2562 accideret:
986 2498 1009 2558 si
1032 2499 1102 2562 verd

128 2591 300 2654 inhabilitas
319 2591 475 2674 proveniat
488 2611 525 2654 ex
546 2592 612 2672 lege
630 2588 818 2671 Superioris,
843 2587 1029 2668 Episcopus,
1045 2587 1101 2650 etsi

128 2678 279 2743 habereiit
293 2680 454 2763 Superiora
465 2680 635 2743 facultatem
648 2676 854 2760 dispensandi,
865 2695 893 2738 v.
906 2695 935 2758 g.
939 2721 949 2752 ,
962 2675 1000 2737 ad
1010 2676 1102 2738 susci·

129 2769 256 2851 piendos
269 2769 406 2846 ordines,
429 2787 491 2831 non
508 2773 649 2832 cevrselur
662 2767 737 2830 velle
750 2766 939 2847 dispensare,
957 2765 1013 2827 nisi
1028 2766 1101 2827 sciat

128 2857 293 2921 inhabilem
307 2876 474 2940 essequam
488 2859 623 2934 assumit,
634 2856 706 2938 quia
718 2856 789 2918 curn
804 2853 926 2916 interior
937 2871 997 2914 non
1008 2855 1101 2935 possit

127 2945 225 3009 valide
238 2945 411 3029 dispensare
425 2947 458 3009 in
474 2947 541 3028 lege
555 2945 718 3028 superioris
732 2943 789 3004 nisi
812 2961 848 3004 ex
859 2942 940 3022 iuste
953 2945 1058 3018 cause,
1074 2942 1099 3004 si

129 3035 218 3098 vellet
230 3035 397 3118 Episcopus
410 3035 535 3097 reddere
552 3035 684 3097 habilem
697 3049 790 3114 quem
805 3031 922 3112 ignorat
936 3029 1098 3092 inhabilem

129 3141 216 3202 esse,
230 3125 343 3187 temere
362 3131 465 3206 ageret
486 3141 551 3186 sese
573 3120 752 3206 exponendo
770 3119 903 3203 periculo
924 3119 989 3181 sine
1009 3121 1098 3180 coust

128 3212 335 3295 dispensandi,
350 3231 386 3275 ac
400 3212 528 3295 proinde
542 3211 670 3274 invalide
684 3218 713 3273 et
734 3210 850 3284 illicite,
870 3207 950 3290 quod
974 3225 1034 3268 non
1055 3215 1098 3269 est

127 3301 358 3384 praesumendus
371 3301 446 3364 velle
465 3301 574 3364 facere.
595 3303 632 3361 V.
656 3299 822 3372 Rodiensi,
838 3303 913 3378 part.
935 3295 1041 3371 nith.
1058 3298 1071 3355 l
1088 3341 1094 3361 ,

129 3391 173 3452 til.
188 3395 226 3470 2,
241 3389 281 3451 nl·
303 3393 520 3454 istest-S.
534 3391 614 3469 lig,
629 3388 709 3450 lib.'l
723 3433 731 3465 ,
745 3385 803 3448 353
820 3385 849 3445 in
865 3384 935 3446 fine.

916 3655 953 3710 7..
