2574 3994
483 250 567 298 utana
590 250 710 295 rarum.
1012 224 1072 291 205

548 402 565 481 g
585 404 633 464 m.

102 547 147 610 Dc
164 545 350 607 timoratione
363 549 393 604 et
406 539 577 603 Primtt'one
596 537 769 620 officiorum
786 536 1072 605 Ecclesimtieormmi

141 695 213 755 539.
235 689 352 772 Duplici
368 685 460 750 modo
483 685 626 768 Superior
645 703 799 748 removero
820 690 916 770 polest
941 685 1072 768 aliquem

8 799 10 814 ·
102 779 272 855 rheticio,
286 775 418 855 simplici
438 791 548 856 nempe
564 773 744 838 revocatione
760 791 815 838 seu
837 773 1025 838 destitutione
1043 781 1073 838 et

102 865 418 951 pm'ootiouejuridicci.

142 955 281 1038 Simptec
300 954 445 1018 revocatio
468 971 522 1016 seu
544 951 695 1014 destitutio
721 951 822 1016 locum
842 951 932 1015 habet
951 953 1073 1035 quando

103 1047 230 1110 clericus
243 1044 280 1107 ab
294 1042 394 1106 officio
407 1059 463 1106 suo
479 1047 649 1105 removetur
663 1040 776 1122 absque
786 1040 901 1122 judicio
914 1048 943 1104 et
956 1050 1074 1104 senten·

102 1137 144 1198 tio
151 1133 293 1214 juridica,
309 1132 390 1214 quod
405 1131 580 1212 regulariter
595 1129 658 1192 fieri
674 1130 778 1212 nequit
790 1149 863 1212 erga
876 1130 1000 1195 invitum
1016 1132 1073 1194 nisi

104 1223 203 1308 quoad
217 1221 316 1284 olircia
329 1221 367 1283 ad
383 1227 491 1283 nutum
505 1219 686 1282 arnovibilia.

144 1311 278 1373 t’riootio
287 1309 424 1391 juridico
438 1311 455 1372 e
469 1317 572 1372 contra
585 1314 630 1370 est
652 1307 799 1369 sententia
813 1307 942 1386 juridica
954 1309 1074 1390 privans

102 1400 246 1465 clericum
260 1399 350 1462 etiam
365 1399 491 1462 invitum
505 1395 605 1458 officio
619 1413 674 1457 suo
687 1394 732 1457 vel
743 1395 900 1459 beneflcio.

143 1489 306 1570 Dupliciter
318 1488 444 1551 clericus
455 1485 584 1567 juridice
597 1485 703 1566 privari
728 1490 826 1566 polest
837 1484 938 1549 officio
955 1505 1009 1549 suo
1023 1495 1074 1550 aut

103 1577 267 1649 beneficio,
282 1576 414 1658 simplici
435 1573 557 1657 quidem
581 1573 748 1655 prt’oatione
767 1579 798 1636 el
814 1573 989 1656 depositione
1000 1595 1072 1657 pro·

98 1666 167 1748 prii
179 1663 279 1738 dictri;
294 1664 372 1726 inter
385 1669 543 1744 utramque
557 1661 614 1723 hoo
627 1669 672 1723 est
684 1660 846 1726 discrimen
862 1664 944 1746 quod
961 1663 1070 1748 deposi-

103 1761 151 1814 tus
160 1751 450 1814 inhabiliseiircialur
459 1751 496 1813 ad
505 1749 726 1830 aliabeneficia‚
737 1769 799 1814 non
814 1752 885 1816 item
897 1753 1074 1836 simpliciter

98 1841 236 1925 priuatus
251 1841 374 1918 (Bouix,
389 1839 433 1902 na
449 1838 593 1912 Paroclm,
605 1857 636 1920 p.
652 1841 728 1918 3673
743 1847 773 1903 et
786 1841 952 1912 Reiffenst..
968 1843 1019 1906 lib.
1036 1850 1071 1923 5,

102 1929 149 1991 tit.
164 1932 214 2000 37,
230 1943 263 1990 n·
276 1931 337 2006 at).

144 2018 266 2080 Dicetur
280 2016 312 2079 in
325 2019 423 2080 Tract.
435 2017 479 2079 De
491 2014 619 2078 tudiciis
632 2017 785 2098 quomodo
798 2018 836 2083 sit
849 2021 1072 2102 procedendum

103 2107 142 2170 ad
156 2106 352 2187 privationem
364 2105 524 2186 juridicam
537 2103 602 2165 :hio
615 2105 742 2166 sufficiat
750 2108 919 2190 expendere
933 2128 1072 2190 quaenam

103 2196 164 2256 sint
177 2193 275 2256 officia
288 2213 357 2276 quea
369 2195 479 2258 auferri
494 2201 648 2272 nequeunt
666 2195 722 2256 nisi
738 2213 791 2276 per
804 2198 983 2260 sententiam
993 2199 1072 2276 juri-

103 2283 220 2356 dioam‚
236 2289 422 2365 etquenam
436 2285 496 2346 sint
509 2281 547 2344 ad
562 2292 670 2346 nutum
684 2285 862 2347 anrovibilia.

589 2465 601 2519 t

385 2593 420 2634 oe
436 2592 549 2636 orrrcrrs
569 2593 796 2638 maromontem.

144 2719 214 2780 540.
236 2717 318 2779 Talia
335 2725 406 2780 sunt
419 2720 569 2802 praecipue
588 2740 715 2784 munera
727 2722 963 2805 Episcoporum,
979 2726 1071 2792 Gano-

105 2805 244 2867 nicorum
254 2807 494 2870 etParoohorum
508 2811 628 2892 proprie
641 2809 801 2873 dictomm.

146 2913 176 2970 i⁰
196 2907 296 2984 Ouum
307 2909 631 2993 Episcoposeontendil'
640 2911 807 2975 Febronius
816 2919 883 2995 post
895 2917 938 2978 De
952 2919 1067 2990 Marsa,

105 2997 137 3059 in
151 2996 211 3058 hoo
224 2997 396 3059 Calvinislas
409 2999 635 3061 aclansenistas
645 3017 783 3080 sequens,
796 3000 877 3082 quod
891 3003 1071 3070 «innumera

105 3106 120 3143 a
146 3101 254 3146 novem
268 3087 403 3166 priorum
421 3087 600 3148 seculorum
620 3087 776 3168 exempla,
795 3087 923 3153 decretis
940 3093 1071 3158 Genera-

104 3194 121 3231 »
145 3171 221 3234 lium
244 3173 446 3237 Conciliorum
476 3174 598 3250 innixa,
621 3174 829 3240 demonstrent
854 3179 1018 3263 Episcopos
1040 3185 1071 3246 in

104 3281 120 3319 o
145 3259 377 3341 provincialibus
390 3262 531 3344 synodis,
546 3269 689 3344 tanquam
702 3265 854 3328 ordinario
867 3286 972 3332 eorum
982 3273 1073 3335 tribu·

103 3371 120 3408 r
144 3347 228 3425 nali,
250 3348 387 3410 ultimott
404 3349 552 3429 judicatos
571 3351 662 3415 tuisse
687 3371 696 3415 r
716 3354 846 3418 historiae
865 3358 1072 3423 ecclesiasticae

104 3458 121 3496 a
145 3436 271 3498 omnino
291 3437 481 3518 ignorantem
503 3457 585 3517 esse,
604 3441 657 3521 qui
676 3441 732 3504 sibi
752 3443 932 3525 imaginatur
954 3449 1072 3512 nultum

11 3575 13 3590 ,
104 3545 119 3581 a
144 3541 281 3606 unquam
299 3525 481 3608 Episcopum
500 3526 627 3606 judicari
650 3529 781 3610 potuisse
804 3532 861 3596 nisi
881 3535 1002 3608 Rome,
1021 3543 1072 3599 aut

104 3631 119 3670 n
143 3627 198 3689 per
212 3613 438 3674 Commissarioa
456 3615 493 3674 ab
511 3613 591 3677 tlrbe
609 3617 754 3680 missos.»
774 3621 830 3698 Ap.
848 3621 884 3682 D.
901 3621 1012 3694 Bouix,
1028 3624 1072 3682 00
