2546 3992
463 187 548 236 cisra
569 187 688 235 antuus.
1002 164 1090 230 49¹8

87 283 254 350 absentiam
277 287 341 368 jam
361 287 483 352 resoluti
506 285 545 348 ab
568 285 689 350 Urbano
711 286 794 363 Vlil,
816 282 1062 348 memoranturb

89 375 200 439 Beued.
218 379 284 440 XlV
299 377 330 439 in
345 378 469 441 Constit.
485 375 537 440 Ad
548 375 695 450 aniverso,
712 375 844 456 nempe:
865 376 960 436 nNon
975 371 1063 436 beers

86 485 102 524 o
127 466 308 528 trimestrem
330 466 496 530 absentiam
509 466 697 546 conjungere
711 463 773 526 sive
790 480 861 525 cum
877 480 915 526 eo
928 467 1064 543 tempere

86 575 102 612 a
128 573 190 634 quo
213 554 394 636 permittitur
416 555 574 636 Episcopis
590 561 658 638 post
676 569 764 615 suam
786 550 1009 634 promotionem
1032 548 1064 610 in

87 663 103 700 s
126 643 208 706 Urbe
221 644 416 720 commorari,
427 645 488 706 sive
502 662 574 707 eum
588 662 626 706 ee
640 641 722 725 quod
740 640 779 704 ad
793 639 995 724 peragendam
1011 640 1064 700 Sa·

87 751 102 789 a
125 749 248 795 erorum
263 733 415 796 biminum
429 733 647 807 visitationem,
665 729 779 794 eisdem
793 746 974 792 concessum
989 727 1062 790 luit:

88 841 102 876 a
129 837 228 902 neque
246 820 290 884 ias
304 839 370 884 esse
385 821 527 884 absentiae
548 829 684 904 tempora
701 821 742 884 ita
759 819 938 902 disponere,
953 823 987 880 ut
1005 823 1065 878 tres

89 930 103 964 s
129 911 271 989 postremi
295 929 415 974 menses
437 911 529 973 unius
549 912 621 973 antri
644 910 859 973 continuentur
876 925 948 971 curn
970 906 1065 968 tribus

88 1019 103 1054 o
129 997 278 1078 prioribus
292 999 448 1062 mensibus
460 1000 533 1062 anni
547 999 776 1081 subsequentis3
802 999 880 1061 sieut
892 997 983 1060 etiam
996 996 1066 1058 veti·

88 1106 103 1142 s
128 1093 193 1148 tum
207 1095 252 1150 est
265 1088 553 1171 praedictosmenses
566 1089 753 1170 conjungere
762 1105 834 1151 oum
852 1105 889 1150 eo
902 1085 974 1149 anni
986 1089 1064 1148 teur-

84 1195 104 1232 s
129 1193 202 1255 pore
226 1184 429 1259 quopropter
450 1179 529 1239 aeris
550 1177 786 1240 insalubritatem
804 1175 892 1238 alicui
915 1176 1065 1256 Episcopo

85 1282 104 1324 u
130 1263 312 1342 permittitur
325 1271 408 1327 extra
425 1265 579 1329 dioeeesim
593 1265 721 1348 degere,
737 1284 776 1327 ne
789 1265 901 1327 scilicet
911 1265 1066 1326 continua-

89 1373 104 1408 »
129 1351 168 1412 tis
181 1353 324 1415 absentiae
339 1354 657 1436 temporilius,rernos
666 1353 756 1417 simul
769 1353 924 1416 etaestivos
933 1371 1064 1428 menses,

86 1457 104 1498 i>
129 1439 190 1502 sive
204 1441 320 1504 aestivos
329 1445 391 1505 uni
401 1461 471 1506 eum
482 1443 719 1519 autumnalibus,
732 1448 815 1504 extra
828 1441 982 1504 diocesim
997 1441 1066 1504 duci

89 1551 103 1584 a
129 1530 295 1612 contingat.
311 1532 487 1614 Denique...
512 1531 698 1595 declaratum
712 1531 767 1595 luit
786 1530 959 1613 praedictam
974 1531 1065 1593 trium

88 1640 103 1676 u
129 1620 1064 1704 mensiumvacationemintracujusqueaunilimitescoercen,

90 1728 104 1762 u
130 1713 164 1768 ut
182 1709 254 1789 qui,
270 1727 334 1771 uno
347 1727 447 1786 anno,
464 1729 538 1772 usus
560 1715 597 1772 et
613 1729 675 1772 uon
699 1709 804 1786 luerit,
827 1728 889 1772 non
909 1709 998 1786 ideo,
1023 1727 1067 1772 se

87 1817 103 1854 o
127 1799 231 1876 quenti
246 1817 347 1874 anno,
362 1797 474 1862 diutiirs
488 1799 526 1862 ab
540 1799 673 1862 Ecclesia
687 1803 742 1862 sud
755 1799 859 1862 abesse
873 1798 979 1862 valeat.
995 1822 1011 1859 u

129 1888 198 1948 888.
222 1887 342 1958 Quaerit.
358 1892 391 1949 8⁰
408 1893 452 1950 Au
469 1889 557 1951 liceat
569 1887 732 1970 aliquando
750 1887 908 1972 Episcopis
921 1889 1001 1952 ultra
1012 1888 1065 1952 tri-

88 1980 199 2037 mestre
213 1977 230 2036 t
245 1976 308 2037 suis
321 1976 502 2040 dioecesibus
515 1977 640 2040 abesse?

129 2065 218 2145 Resp.
242 2065 291 2126 Sic
314 2065 425 2128 habere
445 2066 557 2127 Concil.
574 2065 709 2128 Trident.
725 2075 809 2146 (sess.
824 2068 880 2143 23,
896 2085 963 2148 cap.
981 2067 1067 2142 l,dc

88 2151 181 2232 rell:
201 2176 216 2210 u
231 2154 307 2214 Ciun
321 2152 484 2214 christiana
497 2153 635 2231 charitas,
651 2172 764 2236 urgens
779 2154 951 2232 necessitas,
966 2154 1066 2218 debito

88 2263 103 2294 s
128 2240 297 2302 obedientia
315 2259 351 2302 ae
375 2241 496 2303 evidens
515 2241 676 2304 Ecclesiae¹
695 2242 741 2304 vel
760 2241 934 2322 reipublicae
954 2244 1066 2306 utilitas

88 2359 102 2388 o
129 2327 246 2409 sliquos
269 2347 492 2411 nonnunquam
506 2331 611 2393 abesse
625 2331 788 2413 postulent,
808 2330 943 2393 decernit
959 2332 1065 2394 eadem

90 2443 105 2474 o
129 2417 324 2480 sacrosancta
345 2419 486 2500 Synodus
508 2419 562 2482 bas
586 2419 726 2502 legitimae
750 2420 894 2484 absentiae
917 2439 1022 2484 causas
1048 2425 1065 2485 ὲ

90 2531 103 2556 ν
128 2507 163 2569 B.
174 2510 310 2570 Romano
319 2509 476 2586 Pontifice,
487 2510 817 2592 autblletropclitano,
827 2510 872 2572 vel
881 2529 918 2572 eo
930 2509 1063 2590 absente,

90 2619 103 2648 a
128 2596 1066 2682 SuffraganeoEpiscopoantiquioriresidenti,quiidemMetro-

88 2713 102 2740 o
129 2685 251 2766 politani
257 2686 424 2749 absentiam
435 2689 562 2770 probare
570 2688 700 2758 debebit,
711 2688 741 2750 in
749 2687 867 2770 scriptis
881 2706 947 2750 esse
960 2707 1066 2771 appro

89 2799 103 2826 »
129 2774 279 2851 bundam,
298 2775 355 2837 nisi
369 2779 441 2838 cum
451 2777 732 2840 absentiaineiderit
741 2783 862 2859 propter
870 2777 991 2858 aliquod
1002 2797 1066 2842 mu·

91 2887 105 2916 »
128 2881 185 2926 nus
203 2870 233 2924 et
246 2864 419 2945 reipublicae
435 2866 583 2940 cilicium,
603 2866 832 2948 Episcoputibus
848 2865 1061 2945 adjunctum.»

127 2955 196 3015 888.
212 2953 306 3034 Igitur
320 2973 357 3015 ex
371 2962 500 3036 quatuor
513 2956 572 3020 illis
585 2957 703 3019 catrsis:
722 2955 895 3019 Christiano
912 2955 1063 3034 Charites,

87 3048 149 3112 etc,
168 3042 305 3125 Episcopi
320 3041 447 3124 possunt
460 3045 592 3126 legitime
610 3045 715 3108 abesse
728 3045 806 3107 ultra
820 3045 987 3123 trimestre3
1012 3046 1065 3110 sed

87 3129 118 3192 in
134 3129 180 3192 bis
191 3131 311 3193 casibus
324 3133 500 3214 regulariter
514 3135 677 3216 requiritur
691 3133 811 3197 licentia
824 3134 856 3196 in
869 3136 987 3217 scriptis
996 3133 1065 3198 data

87 3221 105 3282 t
129 3221 161 3283 S.
190 3219 376 3298 Pentiliee²;
405 3222 484 3286 banc
505 3224 658 3286 licentiam
679 3224 789 3307 pariter
813 3223 955 3306 quidem,
979 3225 1065 3305 juxta

123 3395 131 3416 ⁴
142 3393 262 3444 Censetur
273 3408 345 3445 casus
362 3393 506 3462 coritiogere
517 3395 616 3462 quando
634 3395 771 3462 Episcopus
783 3393 854 3446 abest
866 3395 897 3446 ad
909 3409 1063 3461 prosequen-

10 3507 11 3512 ,
89 3467 147 3514 dum
158 3465 213 3525 iura
230 3465 344 3518 Ecclesia
356 3481 408 3518 suo
419 3465 457 3517 rel
471 3481 578 3534 propera.

118 3539 128 3566 ¹
145 3537 237 3587 Asserit
249 3537 361 3602 laqueus
375 3539 438 3589 hene
450 3537 529 3604 legem
541 3553 592 3590 uon
603 3537 686 3606 vigere
698 3540 762 3605 apud
776 3551 822 3589 nea
836 3539 874 3602 {no
886 3537 952 3602 ²7¹)-
966 3537 1003 3586 Ao
1015 3549 1062 3587 au-

87 3615 137 3656 teur
149 3609 231 3658 reterri
246 3625 294 3659 nou
308 3611 452 3660 observetur
462 3611 559 3676 penitus
571 3611 724 3678 ignoramus.
