2586 3988
466 298 686 345 enarmonium.
1018 309 1055 369 Η

101 441 157 486 ran.
175 427 196 486 V
209 432 237 488 et
249 425 460 489 Tridentinum
474 424 619 488 reduxere
633 424 671 488 ad
686 425 840 506 quodlibet
853 426 958 489 sallem
968 426 1058 488 trinn-

101 514 176 575 nium
194 517 226 592 (Τ
228 515 282 578 rid.
298 535 373 578 sess.
390 519 428 577 il
442 533 509 598 cap.
524 518 555 590 Ξ,
570 513 604 575 dc
615 513 702 595 liet).
719 513 777 575 Sed
790 515 897 591 rariirs,
909 515 1005 576 varius
1018 513 1057 576 oh

101 621 202 677 causas
211 607 227 665 l
237 603 601 688 longotemporeluerunt
609 610 800 684 congregata.
813 603 931 682 (Bouix,
942 602 1055 666 Concil.

98 694 227 770 provinc,
243 714 272 774 p.
287 695 448 772 lto-las).

133 779 1056 863 Taeirceonsennrevidernrssedesqundsingulisnienniis,

102 885 153 930 non
165 879 365 934 convocentur
379 870 507 934 concilia
520 870 734 953 provincialia:
747 871 860 952 quippe
882 887 943 931 non
960 870 1057 932 scllrm

102 955 127 1017 in
143 959 239 1030 Gallia,
255 961 349 1022 sedet
364 962 395 1022 in
411 961 593 1036 Germania,
617 959 750 1028 nustria.
773 959 934 1040 Hispania,
951 959 1013 1020 irnd
1026 960 1058 1021 in

103 1045 169 1106 ltalill
178 1050 241 1110 ctin
250 1053 334 1111 Statu
342 1049 551 1112 Ecclesiastico
560 1097 568 1124 ,
578 1065 727 1130 perpauca
735 1047 834 1110 habita
844 1055 925 1125 sunl,
937 1048 1059 1110 atrilvus

106 1136 215 1212 seculis,
239 1139 263 1198 si
279 1139 413 1220 excipias
427 1137 612 1218 provinciam
629 1137 901 1216 Mediolanensem,
923 1145 1058 1219 lampone

105 1222 128 1282 S.
139 1226 235 1286 Caroli.
252 1228 353 1306 (duct.
373 1226 505 1288 l'raetect.
522 1225 556 1288 S.
573 1225 688 1306 sulpit.
708 1229 784 1301 201).

134 1315 166 1374 82
194 1315 235 1376 hd
243 1315 409 1378 concilium
421 1315 602 1396 provinciale
609 1315 766 1377 convocari
779 1313 904 1376 dehent:
914 1319 943 1376 l·
952 1333 1058 1378 omnes

105 1403 244 1478 provinciae
263 1406 424 1486 Episcopi,
441 1405 509 1486 qui,
526 1404 660 1484 legitimo
674 1403 891 1483 impedimento
906 1412 1057 1482 cessante,

103 1493 244 1555 convenire
268 1501 423 1570 tenentur,
442 1501 471 1555 et
491 1493 515 1554 si
536 1493 630 1554 vocati
659 1491 849 1568 «defuerint,
866 1494 943 1554 sicut
963 1493 1059 1574 prisca

103 1598 114 1633 r
133 1597 276 1645 canonum
303 1584 448 1665 praecepit
470 1583 649 1658 auctoritas,
685 1599 782 1661 usque
819 1580 856 1642 ad
890 1581 1059 1663 proximam

105 1687 116 1722 r
135 1671 297 1749 synodum,
315 1673 332 1732 a
347 1671 488 1733 charitate
502 1671 628 1732 fratrum
643 1676 671 1732 et
687 1671 828 1732 Ecclesia
842 1672 1058 1733 communione

103 1777 116 1812 v
136 1757 292 1837 priventur.
310 1782 326 1819 n
344 1760 428 1840 (nist.
455 1759 491 1822 l8
510 1779 578 1822 can.
603 1761 662 1836 ll).
683 1759 861 1838 Huiusmodi
877 1778 974 1841 prrnae
988 1766 1059 1822 sunt

102 1843 216 1910 terendae
225 1850 395 1926 senlenliae,
408 1850 491 1928 J'uxta
504 1851 533 1911 S.
548 1850 658 1929 Congr.
672 1849 762 1910 Cone.
774 1851 811 1908 V.
821 1849 907 1910 Card.
920 1849 1057 1928 Gousset,

103 1933 288 2016 (Ecpmition,
305 1945 379 2015 etc,
393 1949 427 2000 n⁰
440 1938 520 2018 aad),
532 1945 562 1999 et
576 1937 690 1999 Concil.
706 1937 861 2016 Trident,
879 1938 957 2017 (loco
968 1956 1058 2019 supra

102 2025 197 2101 oilalo).

134 2115 161 2171 2·
181 2115 343 2178 Convocari
362 2113 473 2178 debent
493 2115 582 2180 etiam
597 2115 731 2198 Capitula
751 2113 932 2178 cathedralia
950 2123 984 2178 ut
1005 2134 1059 2198 per

103 2216 161 2262 suaa
173 2202 325 2285 delegatos
338 2203 437 2266 adsint
449 2221 455 2262 :
469 2209 584 2265 constal
607 2205 691 2285 praxi
712 2205 856 2287 perpetua
874 2205 1016 2267 Ecclesiae
1030 2211 1060 2268 et

101 2303 156 2369 cap.
168 2291 235 2353 Etsi
251 2297 301 2366 lu,
312 2293 347 2354 dc
360 2292 479 2374 lrr'squrr
487 2291 594 2372 fiuntd
612 2291 698 2354 l’rral.

133 2381 161 2439 3ο
180 2383 283 2453 Quoad
295 2381 546 2447 Abbatesetalios
562 2380 882 2457 Praelalosinlerinres,
893 2381 918 2442 si
929 2380 1060 2444 habeant

102 2463 127 2525 in
135 2468 241 2533 clerum
255 2478 287 2534 et
297 2469 415 2552 plebem
424 2471 664 2550 jurisdictionem
675 2470 979 2553 quasi-episcopalem
990 2517 997 2540 ,
1010 2471 1060 2550 jus

102 2552 198 2620 halent
216 2568 249 2622 nt
269 2567 472 2622 convocentur
492 2568 521 2623 et
539 2559 643 2622 adesse
664 2559 793 2635 debent3
815 2561 920 2635 seclis,
942 2559 966 2621 si
981 2558 1060 2623 hanc

100 2643 325 2719 iurisdictionem
342 2667 402 2710 nnn
417 2648 557 2721 habeant,
575 2649 1056 2730 quamvisnrdinarieinvitentur.

109 2729 136 2795 V·
151 2737 285 2799 Proelrct.
300 2737 335 2799 S.
351 2737 438 2819 Sulp.
456 2747 488 2798 n⁰
502 2741 572 2800 202.

132 2825 356 2908 l·rEpiscopi,
373 2827 425 2907 qui
441 2826 514 2888 nulli
532 2825 765 2908 archiepiscopo
778 2825 992 2906 subjiciuntur,
1003 2827 1057 2890 ali-

99 2931 112 2969 i
133 2931 218 2994 quern
233 2915 366 2976 vicinum
380 2915 643 2996 Metropolitanum
664 2915 757 2976 semel
772 2915 901 2996 eligant,
922 2917 952 2978 in
972 2918 1059 2996 cujus

98 3019 111 3056 r
132 3003 243 3082 synodo
257 3003 432 3084 provinciali
453 3021 523 3066 cum
537 3003 603 3065 aliis
621 3005 765 3066 interesse
786 3004 926 3080 debeant,
947 3015 1058 3087 etquae

98 3108 111 3145 v
132 3090 169 3152 ibi
185 3091 322 3154 ordinata
349 3093 478 3169 luerint,
502 3092 661 3155 observent
681 3111 716 3155 ac
738 3093 888 3156 observari
903 3093 1054 3158 iaciant.»

100 3173 189 3252 (donc.
204 3180 287 3243 Trid.
304 3183 384 3243 sess.
400 3187 451 3257 al,
466 3200 532 3262 cap.
549 3184 590 3258 ἓ).

132 3269 178 3329 83.
200 3272 275 3331 Nola
285 3271 375 3352 qudd,
391 3270 533 3353 impedito
542 3271 781 3351 Metropolitnno,
794 3277 845 3333 aut
858 3275 951 3334 vacua
964 3274 1058 3356 ipsius

99 3356 175 3433 sede,
190 3361 346 3422 convocari
361 3359 468 3422 debeat
479 3359 641 3432 concilium
656 3360 694 3421 ah
713 3361 882 3441 antiquiore
896 3365 1058 3444 provincie

99 3441 246 3530 Episcopo.
263 3448 308 3525 (dc
321 3449 398 3530 Syn.
414 3448 525 3510 dicerer.
543 3449 594 3510 lib.
610 3453 641 3519 2,
655 3467 684 3511 c.
699 3454 729 3512 9.
748 3454 781 3510 n⁰
795 3454 835 3526 8).

132 3538 178 3597 84.
201 3539 266 3598 Non
290 3539 461 3618 omnesqui
480 3546 684 3600 convocantur
701 3539 738 3599 ad
762 3539 912 3619 synodum
933 3538 1058 3618 provin-

99 3621 205 3700 cialem,
219 3625 330 3687 idcirco
340 3627 390 3704 jus
404 3625 515 3690 hahnn
528 3627 558 3688 in
574 3646 610 3690 eo
623 3626 822 3705 suffragandi3
839 3627 892 3687 sed
903 3627 960 3684 hoc
973 3643 1057 3685 com-

99 3713 162 3787 uerit
195 3713 370 3781 duntaxat:
397 3718 428 3778 l·
467 3716 625 3799 Episcopis
651 3715 816 3796 provincia
842 3709 1056 3794 praesentihus;
