2586 3988
517 324 742 375 recurramus:
1075 311 1112 374 dl

135 423 378 507 derogatoriam,
403 427 472 490 Noa
494 427 675 491 obstantibus
687 429 807 491 structis
819 438 850 492 et
862 427 1116 492 roasuemdinidau

134 518 295 578 contrariis
312 521 392 598 (cap.
417 515 577 578 Constitui.
589 521 642 592 ts,
661 517 697 581 de
713 519 870 598 Rescript.)
890 518 1030 581 llatioest.
1042 518 1115 600 quia

134 621 223 666 mens
235 605 394 668 Pontificis
404 623 466 668 non
477 613 521 668 est
531 605 758 686 cellederogare
769 605 967 668 laudabilibus
977 606 1114 668 locorum

134 693 475 768 consuetudinibus,vel
486 695 609 764 statutis,
626 695 683 756 nisi
695 695 725 757 id
736 696 894 776 exprimat.
907 695 985 756 llinc
994 693 1113 759 delectu
1173 769 1179 776 Ι

133 780 203 843 talis
239 782 385 844 clausulae
414 783 446 843 in
474 781 616 863 praedicto
643 800 736 858 casu,
766 789 901 844 cassatur
934 783 1113 863 rescriptum

135 868 331 944 beneficiale,
351 869 434 951 quod
448 869 539 932 luerit
556 871 766 952 impetratum,
786 887 848 932 non
866 869 944 932 iactt
959 872 1112 934 mentione

132 956 171 1020 de
185 967 271 1021 certo
285 977 415 1020 numero
428 959 716 1040 canonicorum,qui
725 977 778 1040 per
792 958 1112 1036 statutumjuramentc

134 1045 303 1122 firmatum,
318 1054 350 1109 et
361 1049 379 1108 a
392 1049 530 1109 Romano
540 1045 685 1110 Pontifice
698 1045 922 1126 confirmatum,
932 1048 1113 1110 constitutus

134 1133 231 1197 iuerat
249 1134 348 1214 (llcill.
370 1135 443 1198 ibid.
460 1137 612 1215 tut-roc).

173 1247 225 1306 66.
249 1246 373 1316 Ouaerit.
407 1249 457 1306 ld·
480 1247 588 1309 Utrum
614 1253 709 1307 motus
728 1245 870 1328 proprius
894 1243 978 1306 tollat
1003 1245 1111 1306 vitirrm'

133 1333 341 1414 subreptionis
363 1334 395 1396 iu
417 1334 592 1416 rescriptis?
614 1335 672 1395 Per
692 1342 810 1395 motum
829 1334 986 1413 proprium
1001 1333 1110 1395 intelli·

133 1429 250 1501 guntur
263 1423 354 1484 etiam
376 1425 519 1504 rescripta
541 1425 572 1484 S.
593 1421 763 1500 pontilicis,
783 1420 815 1482 in
829 1421 942 1502 quibus
955 1420 1019 1484 haeo
1031 1421 1110 1484 clau·

132 1510 200 1573 sula
214 1519 296 1570 motu
307 1512 430 1594 proprio
444 1516 555 1574 inserta
568 1511 704 1574 habetur.

174 1615 267 1695 Resp.
283 1612 423 1676 Clausala
435 1623 515 1676 motu
525 1617 649 1697 proprio
668 1609 1111 1695 inrescriptisPontificiissup·

133 1702 196 1784 plet
218 1703 324 1766 uitium
345 1703 547 1784 subreptionis
568 1723 606 1766 ex
630 1703 832 1767 taciturnitate
854 1702 915 1765 veri
941 1703 1110 1766 necessario

133 1791 337 1873 exprimendi.
347 1793 389 1854 lta
402 1794 597 1871 omnesjuata
608 1791 719 1854 Sanch.
736 1791 781 1854 Dc
791 1791 990 1854 Matrimlib.
1002 1791 1105 1872 tldisp.

131 1883 168 1942 st
194 1887 229 1941 η’
248 1885 287 1940 li
307 1887 337 1941 et
351 1887 431 1961 patet
450 1899 487 1942 ex
507 1899 574 1963 cap.
604 1881 642 1942 Si
662 1888 743 1942 motu
758 1881 884 1962 proprio
910 1885 941 1942 et
959 1879 1104 1943 Clemeut.
1162 1905 1166 1912 ·

132 1967 169 2030 S.
185 1969 334 2030 Romanus
347 1974 367 2030 l
380 2015 388 2044 ,
404 1967 439 2030 de
452 1967 608 2031 renunc.

174 2071 304 2144 Quidam
318 2090 406 2135 casus
419 2073 627 2154 excipiuntur:
640 2077 672 2134 l⁰
697 2073 721 2136 si
733 2075 901 2138 causalalsa
910 2075 1106 2156 exprimatur,
1196 2112 1202 2124 ·

133 2160 196 2222 siue
219 2162 237 2221 ir
255 2162 460 2243 supplicante,
484 2161 546 2224 sive
567 2165 585 2224 ὲ
608 2161 774 2226 Pontifice:
798 2165 869 2245 quia
887 2163 1023 2226 Pontifex
1045 2183 1106 2226 non

133 2249 196 2310 vult
210 2249 338 2330 gratiam
352 2249 520 2313 concedere
541 2251 565 2312 si
583 2270 673 2314 causa
693 2255 710 2313 a
732 2271 763 2314 se
778 2269 935 2333 expressa,
955 2253 1001 2313 vel
1017 2271 1107 2316 causa

133 2335 235 2400 finalis
248 2337 287 2399 ab
299 2339 480 2422 impetrante
492 2339 629 2421 allegata,
647 2340 824 2402 nonsubsit.

174 2445 206 2503 2⁰
228 2442 258 2504 Si
268 2447 401 2506 taceatur
417 2429 748 2525 inhab‘ilitaspersonae3
764 2463 792 2506 v.
805 2464 835 2524 g.
851 2444 875 2506 sl
892 2451 992 2507 careat
1005 2449 1104 2525 miste,

133 2538 185 2592 aut
208 2530 336 2611 patiatur
353 2529 503 2593 delectum
525 2533 686 2608 natalium,
710 2533 756 2596 vel
775 2533 901 2595 alilssit
915 2533 1104 2614 irregularis;

132 2619 206 2767 pulla
221 2627 314 2680 motus
328 2619 554 2702 propriorum
574 2622 709 2684 continet
730 2621 987 2708 dispensationem
1000 2622 1107 2686 talium

155 2726 172 2768 e
184 2715 318 2769 cctuum.

128 2883 132 2888 Ι
173 2811 206 2870 3⁰
228 2811 326 2872 Mutus
339 2809 480 2891 proprius
495 2810 569 2872 nihil
583 2817 723 2893 operatur
737 2813 768 2874 in
783 2813 992 2895 prejudicium
1005 2817 1102 2879 tertii:

131 2915 162 2958 v.
178 2915 208 2978 g.
229 2898 255 2958 si
278 2899 359 2979 Pepa
381 2897 516 2962 conlerat
539 2899 721 2962 beneficium
742 2901 824 2984 quod
846 2911 892 2966 est
910 2905 988 2983 juris
1004 2913 1104 2986 patro·

110 3009 116 3018 ·
132 2989 242 3062 natus,
257 2991 288 3048 et
301 2985 407 3048 dehoc
421 2986 502 3050 nulla
516 2987 568 3050 liat
581 2989 704 3051 mentio.
720 2991 805 3052 Ratio
819 2999 879 3067 est,
895 2993 966 3074 quia
981 2995 1011 3056 S.
1028 2996 1105 3057 Pon·

131 3074 205 3136 tifex
219 3093 281 3136 non
295 3081 436 3138 censetur
447 3076 522 3138 velle
536 3077 730 3158 prejudicare
741 3079 801 3159 juri
820 3081 909 3151 tertii,
923 3083 985 3142 m'si
1001 3087 1103 3164 erpoi-

131 3170 207 3224 mct.
219 3163 360 3245 Excepit.
371 3164 544 3239 Quamuis&
555 3163 589 3228 de
597 3167 738 3249 descript.
750 3171 860 3242 :auno
869 3188 939 3232 casu
950 3170 1104 3253 derogatio

132 3273 149 3310 o
173 3253 312 3333 prodest,
332 3253 357 3314 si
380 3252 418 3315 de
440 3251 559 3334 publicat
573 3259 662 3316 causti
686 3263 806 3336 agatur,
827 3259 857 3320 in
876 3261 936 3340 qua
954 3260 1004 3338 jus
1025 3263 1102 3326 tertii

131 3361 149 3399 o
169 3341 232 3420 juri
245 3340 368 3422 publico
382 3349 588 3423 postponatur.
613 3346 670 3418 At,
691 3345 715 3405 si
730 3343 768 3408 de
787 3347 885 3409 causis
899 3349 1020 3428 privatis
1033 3369 1102 3430 nge·
1163 3391 1166 3396 ·
1280 3411 1281 3418 ,

132 3451 149 3488 ι
172 3437 268 3504 retur,
284 3427 386 3508 plures
408 3432 470 3492 llll.
497 3429 634 3494 dubitant
656 3439 757 3494 utrum
773 3435 907 3498 Pontifex
926 3438 992 3498 sine
1013 3441 1104 3499 causi

132 3517 268 3598 »possit
302 3519 353 3597 jus
383 3519 541 3600 quaesitum
574 3521 717 3596 auterre;
753 3529 783 3586 et
814 3524 926 3587 idcirco
961 3527 1104 3606 rescripta

134 3627 149 3666 ι
172 3603 363 3692 hujusmodi,
391 3607 415 3668 si
443 3625 503 3690 qua
528 3607 603 3671 lorte
630 3609 766 3673 Pontifex
792 3610 925 3686 dederit,
948 3630 985 3673 eo
1000 3629 1103 3675 annno

134 3715 150 3760 r
174 3693 294 3760 dedisse
313 3694 440 3774 uidetur,
455 3703 489 3758 ut
506 3696 647 3766 ellectum
660 3705 927 3780 consequerentur,
943 3697 968 3758 si
987 3706 1017 3757 et
1031 3716 1104 3778 qua·
