2570 4006
175 189 233 252 392
394 196 530 246 unuuttu
550 193 651 244 rorrus
670 195 752 244 vunrs
771 191 921 246 curamur.

175 302 311 365 doctrina
324 305 369 363 cst
387 297 584 373 heterodoxa;
610 295 750 379 prohibiti
771 297 854 358 enim
875 294 997 358 suerunt
1014 296 1033 356 i
1051 296 1150 359 Paulo

175 393 211 452 tv
227 397 257 452 ct
270 392 288 450 d
302 389 394 451 Cone.
410 385 558 464 Trident,
573 403 646 448 sess.
663 391 696 447 t.
708 420 747 432 —
757 383 829 448 Vide
840 383 983 447 Analecta
991 383 1060 465 jur.
1074 403 1151 466 pcn-

176 477 263 560 dfir..
281 484 311 540 [ι’
327 479 390 554 liu,
410 474 469 544 coi.
485 479 561 552 78¹3
581 482 612 538 et
628 479 659 537 5⁰
678 474 758 552 livr.,
777 473 825 536 col
844 477 979 537 roua-
993 475 1104 550 seem,
1122 475 1149 537 si

177 586 237 628 non
265 567 441 630 contineant
467 583 589 646 pravam
616 563 784 626 doctrinam
812 564 858 642 (S.
876 563 1016 644 Ligunr.,
1038 561 1092 624 lib.
1108 567 1148 641 7,

177 659 210 716 n⁰
232 660 317 734 289).
335 689 371 703 -
392 653 495 728 Quoad
515 653 606 714 lituos
625 653 841 715 catholicorum
868 651 1027 732 inquibus
1046 650 1151 714 addita

176 751 246 806 sunt
260 745 373 808 scholia
386 743 425 806 ab
444 741 611 817 hereticis,
626 742 693 803 vide
716 743 746 802 S.
766 742 904 822 tignor,
927 738 1014 814 ibid,
1027 749 1059 800 n⁰
1075 743 1149 803 286.

220 857 234 891 a
249 835 303 907 Qui
320 833 389 895 rard
402 832 441 894 de
454 831 598 911 reiigione
614 849 675 892 non
689 835 837 904 tractant,
853 832 869 890 d
884 829 1031 910 theologis
1044 828 1147 891 catho-

177 945 191 984 n
217 923 295 1000 licis,
316 924 403 1001 jussu
418 921 637 1001 Episcoporum
654 925 685 980 et
703 918 919 1000 inquisitorum
939 917 1101 980 examinati
1117 923 1152 980 et

177 1033 191 1070 n
216 1009 387 1092 approbati,
404 1007 626 1091 permittuntur.
1050 1037 1060 1090 3

217 1122 231 1156 n
257 1098 336 1160 Litui
350 1098 439 1160 etiam
454 1095 598 1160 catholice
617 1095 793 1178 conscripti,
809 1102 871 1158 tam
889 1095 928 1158 ab
941 1095 998 1158 illis
1011 1095 1063 1177 qni
1078 1113 1152 1177 pps·

177 1213 191 1246 a
219 1195 264 1248 toa
280 1188 309 1248 in
326 1187 462 1252 heresim
484 1185 558 1268 lapsi
579 1193 671 1267 sunt,
694 1187 786 1266 quim
802 1184 839 1247 ab
861 1185 918 1247 ittis
940 1185 992 1265 qui
1006 1185 1151 1268 postlap-

177 1301 191 1336 r
217 1295 283 1338 sum
299 1275 336 1338 ad
353 1269 491 1338 Ecclesiae
505 1275 655 1356 gremium
677 1275 810 1350 rediere,
835 1273 991 1356 approbati
1010 1275 1027 1334 a
1046 1273 1154 1336 Facul-

178 1391 191 1424 a
220 1373 276 1427 tate
298 1363 478 1447 'theologica
498 1365 625 1444 aiicujus
644 1363 847 1426 Universitatis
870 1362 1028 1425 Catholicae
1046 1361 1152 1426 vet-ab

177 1481 191 1513 a
219 1455 412 1535 inquisitione
427 1452 576 1535 generali,
593 1451 723 1533 permitti
738 1457 887 1532 poterunt.

218 1567 232 1601 »
261 1543 371 1623 {tepula
388 1543 448 1604 ΙΙΙ.
465 1541 625 1602 versiones
639 1540 818 1622 scriptorum
833 1542 923 1603 ctiam
937 1537 1152 1606 ecciesiastico-
1269 1561 1270 1564 ’

179 1657 192 1690 u
220 1650 286 1694 runa
301 1630 527 1711 quartanarius
548 1629 635 1690 editur
658 1633 762 1691 suntsi
784 1630 933 1692 damnatis
953 1631 1150 1710 auctoribus,

161 1747 192 1779 ,u
220 1721 310 1781 modo
334 1719 406 1779 nitrit
429 1725 534 1780 contra
557 1735 661 1779 sanam
688 1719 856 1780 doctrinam
873 1719 1060 1799 contineant,
1083 1717 1166 1800 per?

181 1833 193 1863 u
221 1808 389 1868 mittuntur.

219 1900 287 1956 736.
311 1917 326 1952 n
351 1894 509 1956 Librorum
533 1902 634 1959 autem
657 1897 773 1958 Veteris
795 1896 978 1959 Testamenti
996 1897 1154 1962 versiones

180 2009 193 2042 a
219 1983 289 2046 viris
298 1985 416 2046 tantirm
430 1983 525 2048 doctis
538 1992 568 2047 et
583 1985 640 2066 piis
651 1985 764 2064 iudicio
777 1986 914 2067 Episcopi
929 1985 1056 2048 concedi
1070 1993 1155 2068 pota-

179 2097 193 2129 »
221 2081 304 2142 runt,
321 2071 411 2134 modd
426 2071 599 2152 hujusmodi
620 2073 824 2150 versionibus,
850 2083 996 2156 tanquam
1018 2075 1153 2138 elucida-

179 2187 192 2218 t,
219 2161 349 2224 tionibus
366 2161 498 2242 vulgatae
508 2163 661 2240 editionis,
677 2161 715 2224 ad
736 2163 961 2243 intelligendam
971 2165 1003 2225 S.
1019 2165 1156 2246 Scriptu-

180 2277 191 2306 t,
220 2268 299 2325 ram,
316 2269 377 2313 non
388 2258 489 2313 autem
502 2261 646 2333 tanquam
659 2269 745 2314 sacro
758 2259 841 2314 textu
855 2259 988 2315 utantur.

219 2361 234 2396 r
257 2340 417 2402 versiones
429 2343 499 2402 verd
512 2341 583 2402 Novi
598 2339 780 2402 'testamenti
797 2340 835 2401 ab
857 2341 1031 2404 auctoribus
1044 2343 1154 2424 primae

179 2453 193 2486 a
219 2427 321 2490 classis
338 2428 429 2508 hujus
452 2428 560 2492 indicis
583 2428 681 2498 taetre,
710 2427 824 2490 nemini
843 2429 1064 2508 concedantur,
1080 2433 1154 2513 quia

180 2542 193 2572 a
221 2515 352 2578 utilitatis
372 2518 498 2598 parum,
521 2518 645 2598 periculi
664 2523 733 2579 vero
748 2517 913 2600 plurimum
933 2519 1094 2582 tectoribus
1114 2540 1153 2584 ex

180 2629 192 2660 n
218 2623 323 2666 aarum
337 2605 463 2668 tectione
477 2623 601 2668 manare
614 2607 698 2668 solet.

220 2715 234 2750 »
253 2693 281 2754 Si
296 2712 365 2774 quae
379 2694 449 2755 verri
462 2693 669 2757 adnotationes
683 2715 753 2760 cum
767 2697 939 2776 hujusmodi
953 2717 1023 2780 quaa
1032 2701 1156 2781 permit-

181 2804 194 2838 »
221 2787 323 2843 tuntur
336 2781 538 2852 versionibus,
556 2783 601 2844 vet
620 2801 691 2846 cunr
705 2786 824 2867 vulgata
843 2785 974 2849 editione
991 2787 1123 2850 circumi
1140 2825 1153 2835 -

180 2894 194 2928 u
221 2877 340 2940 rantur.
357 2870 515 2951 expunctis
529 2870 602 2934 locis
622 2873 768 2954 suspectis
785 2875 803 2936 a
821 2875 973 2938 Facultate
986 2875 1155 2959 theologica

180 2981 194 3014 n
221 2957 347 3034 aiicujus
355 2957 559 3022 Universitatis
572 2961 784 3025 catlroticaeaut
792 2963 989 3044 inquisitione
998 2966 1149 3037 Generali,

181 3069 195 3101 r
222 3045 350 3125 permitti
364 3044 476 3107 eisdem
496 3054 636 3130 poterunt
650 3049 761 3131 quibus
774 3057 804 3112 et
821 3052 983 3116 versiones.

221 3155 235 3191 a
261 3134 376 3205 Quibus
388 3135 733 3214 corrditionibus,totum
743 3139 884 3202 volumen
897 3141 1061 3205 Bibliorum
1072 3145 1153 3225 quod

181 3246 195 3280 a
221 3223 310 3304 vutgd
333 3223 436 3286 Bittio
458 3224 575 3288 Votnblr'
596 3227 722 3306 dicitur,
737 3235 789 3292 aut
806 3235 905 3312 partes
925 3232 1008 3312 eius,
1027 3235 1153 3296 concedi

181 3333 195 3367 n
222 3311 291 3374 viris
306 3311 363 3394 piis
375 3321 405 3376 et
417 3313 514 3376 doctis
527 3320 680 3396 poterunt.

224 3423 237 3459 n
261 3403 306 3464 Ex
321 3401 423 3464 Bibtiis
436 3405 506 3464 verd
519 3404 623 3466 lsidori
639 3404 727 3467 Clarii
738 3405 866 3470 Brixiani
881 3409 1023 3492 prologus
1036 3417 1067 3473 ct
1083 3429 1154 3492 pro-

182 3513 196 3548 n
223 3489 379 3570 {egomena
393 3491 611 3572 praecidantum
627 3493 693 3570 ejus
706 3495 776 3556 verd
789 3501 922 3572 textum,
935 3515 1025 3558 nemo
1038 3503 1154 3560 textam

183 3591 199 3636 r
223 3578 358 3658 Vatrute
371 3573 753 3642 mittunt-runcantem
