2574 3994
485 211 572 259 ursan
592 210 711 258 scruas.
1017 197 1072 257 etr

103 337 120 374 ι
147 311 277 390 Romam
289 308 418 371 mittitur
436 309 458 370 ¹.
481 309 515 369 ln
534 306 618 369 ltalia
630 307 700 368 verb
714 310 804 387 atque
818 304 927 368 insulis
940 304 1080 384 adJacen-

17 447 18 454 .
104 425 120 460 a
145 399 243 476 tibus,
257 396 344 461 electi
357 397 404 459 rel
423 395 570 458 nominati
590 413 693 458 coram
708 395 774 478 ipso
794 394 940 457 Porrtilice
961 395 1080 476 pericu·

104 514 121 549 a
147 487 211 551 lum
234 484 380 549 doctrinae
407 483 540 560 iaciunt,
565 502 732 566 eorumque
758 501 917 568 processus
940 483 972 544 in
1001 482 1081 548 Urbe

16 633 17 638 ,
105 601 122 638 u
148 573 323 654 coniicitur,
339 573 449 656 quibus
463 569 625 652 absolutis,
643 575 734 636 totius
748 572 953 655 inquisitionis
969 578 998 634 et
1011 590 1081 634 exa-

106 691 122 727 u
150 665 241 727 arinis
255 673 320 727 acta
343 660 491 726 Cardinaii
506 661 625 724 relatori
639 681 692 726 seu
709 663 889 744 proponenti
904 659 1080 740 traduntur,

32 746 34 750 ’
106 779 122 814 a
150 765 240 832 ntrpue
263 761 328 816 tum
350 753 389 815 ab
409 752 490 834 ipso,
514 757 580 813 tum
602 751 641 812 ab
667 752 734 814 aliis
754 751 851 814 tribus
876 750 1082 812 cardinalibus

106 868 122 905 n
149 841 297 904 ordinum
312 841 474 925 capitibus,
486 841 565 902 serio
576 859 707 922 expensa
720 845 751 904 et
763 839 983 922 subscriptione
997 839 1083 900 robo

106 957 122 994 u
151 939 212 993 mla
226 930 384 993 abeodem
399 929 537 992 llelatore
551 931 583 991 in
598 930 780 992 Consislorio
794 929 985 1006 referuntur,
1002 928 1082 1010 quod

106 1045 123 1084 u
148 1017 618 1100 diciturpmeeonimre¹.Deinin
632 1018 1083 1081 eodemconsistorionisil’on·

107 1133 123 1172 ι
150 1109 219 1170 titici
244 1109 384 1188 expedire
408 1107 542 1170 rideatur
567 1107 598 1168 in
621 1107 749 1170 alterum
772 1107 988 1170 consistorium
1018 1127 1083 1170 rem

106 1223 122 1260 u
148 1196 270 1258 ‹litlerre
296 1195 459 1258 ulmellos
482 1193 654 1258 cardinales
680 1195 797 1278 possint
824 1196 909 1258 dotes
934 1195 1082 1258 candidati

105 1311 122 1349 a
148 1286 312 1368 dispicere,
325 1286 473 1364 judicium
487 1283 525 1346 de
539 1285 632 1366 ipsius
649 1283 808 1348 idoneitate
822 1283 987 1366 protertur,
1002 1283 1084 1366 quod

106 1399 123 1438 u
144 1373 373 1458 propositionem
386 1375 552 1456 appellant:
563 1382 626 1436 tum
637 1373 769 1456 denique
781 1372 927 1450 Pontifex,
940 1373 1084 1436 consultis

109 1487 125 1524 a
151 1463 373 1536 cardinalibus,
396 1471 426 1524 ct
444 1463 571 1524 solemni
594 1463 755 1525 verborum
777 1461 907 1525 formula
928 1463 1084 1526 decretum

108 1552 389 1616 »confirmationis
410 1551 529 1613 enrittit.
551 1574 567 1610 a
593 1555 637 1614 lta
660 1551 747 1615 Card.
776 1552 893 1634 Soglia,
922 1553 996 1616 last.
1013 1552 1081 1633 jur.

107 1643 204 1728 pria,
218 1641 296 1722 §aa
316 1641 353 1702 V.
365 1639 455 1702 etiam
466 1641 609 1716 FerrariS,
621 1643 659 1700 V⁰
674 1639 847 1724 Episcopus,
863 1647 918 1704 art.
934 1647 964 1720 2,
982 1645 1081 1704 iti-23.

149 1743 219 1802 litt).
244 1739 296 1800 His
310 1743 410 1801 autem
431 1738 528 1800 verbis
548 1739 717 1820 concipitur
735 1737 890 1801 decretum
916 1766 922 1802 ι
944 1739 1083 1802 Auctori-

111 1836 172 1890 tute
192 1825 248 1890 eet
267 1826 488 1908 omnipotentis,
511 1827 614 1888 Patris
634 1835 662 1888 rt
684 1826 767 1889 Filii
789 1835 818 1890 et
838 1827 973 1910 Spiritus
993 1829 1041 1907 S,
1056 1837 1083 1890 et

112 1915 352 1982 Beatissimorum
362 1913 563 1996 Apostolorum
571 1915 652 1976 turri
661 1915 797 1990 etPauli,
806 1935 840 1976 aa
848 1915 969 1992 Nostra,
982 1917 1084 1980 Eccle-

109 2005 184 2066 siam
192 2003 304 2067 N...de
313 2003 436 2086 persensi
446 2003 512 2068 Ν...
526 2004 709 2086 procidamus
724 2005 933 2087 ipsumquez'lli
946 2005 978 2066 in
996 2007 1027 2067 E
1023 2007 1084 2088 pis-

109 2112 212 2175 ropum
219 2093 403 2176 praeficimus
416 2101 445 2154 et
462 2093 625 2164 Pastorem·
640 2113 741 2154 euram
754 2101 784 2155 et
801 2092 1083 2157 administrationem

110 2181 218 2264 ipsius,
234 2181 368 2243 eidemin
381 2181 588 2260 spiritualibus
600 2190 630 2245 et
645 2181 854 2264 temporalibus
863 2181 999 2264 plenarii
1013 2204 1084 2245 eoru·

110 2269 264 2332 mittendo.
281 2269 356 2332 Vide
369 2269 427 2333 alia
441 2287 488 2352 ap.
505 2271 607 2334 instit.
624 2271 663 2334 R.
680 2270 718 2332 de
732 2269 789 2348 M.,
805 2290 836 2354 p.
852 2275 926 2348 324,
942 2279 999 2335 etc.

153 2365 268 2430 Deinde
290 2367 392 2450 plures
412 2369 615 2431 coniiciuntur
638 2367 731 2432 Bullae
752 2387 760 2430 τ
782 2387 844 2432 una
863 2388 932 2451 quas
952 2371 1085 2434 eontinet

110 2455 295 2518 Prouisianes
316 2455 456 2538 dirigitur
474 2455 511 2518 ad
531 2457 723 2534 Promotum;
747 2455 814 2520 aliae
831 2460 903 2520 verb
921 2458 959 2522 ad
973 2459 1084 2522 Gorrse·

110 2549 277 2621 aratorem,
301 2543 337 2607 ed
361 2547 640 2626 Metropolitanum,
665 2545 705 2608 ad
733 2545 853 2610 cterum
878 2547 1084 2630 populumque

111 2631 223 2713 quibus
237 2630 397 2714 praellcitur
424 2637 593 2698 Promotus.

152 2731 223 2790 lul.
248 2729 357 2793 Pretar
385 2730 454 2794 lidei
481 2732 782 2816 professionemque
802 2734 834 2797 in
854 2753 996 2817 processu
1020 2738 1084 2801 fiori

111 2817 219 2892 debet,
231 2822 351 2882 tenetur
365 2830 461 2884 nouus
475 2821 655 2905 Episcopus,
671 2829 740 2906 post
752 2841 839 2886 suam
858 2824 889 2888 in
904 2827 1085 2892 Consistorio

113 2905 355 2986 promotionem,
377 2913 512 2972 Romano
526 2909 664 2974 Pontifici
687 2911 835 2976 fidelitatis
855 2920 886 2977 et
908 2915 1085 2981 obedientiae

114 2993 318 3072 iuramentum
334 3006 492 3078 pra·stm·e;
511 2999 678 3082 etquidem
691 3007 776 3063 extra
789 3003 917 3066 Romam
941 3003 972 3066 in
987 3006 1084 3068 mani·

114 3080 172 3142 bus
188 3081 324 3167 Episcopi
346 3087 577 3150 consecratoris.
590 3089 626 3150 V.
647 3087 760 3164 Bouix,
778 3089 812 3152 de
832 3091 996 3174 Episcopo,
1012 3100 1034 3156 t.
1053 3099 1083 3174 l,

114 3187 145 3248 p.
160 3173 230 3234 uto.
248 3171 352 3244 Quoad
365 3179 486 3257 ternpus
500 3175 578 3238 ultra
592 3177 788 3258 quoddicerri
802 3197 864 3242 non
877 3180 967 3245 debet
979 3200 1084 3248 eonse-

114 3260 207 3320 cratio
220 3257 352 3324 diximus
365 3265 457 3346 supra
468 3267 563 3345 (tls).

16 3461 18 3494 ι
136 3443 144 3469 ¹
157 3439 183 3491 t.
192 3441 294 3494 constit.
302 3445 370 3500 Onus
381 3446 533 3514 Apostolieoe.
541 3447 651 3517 Gregorii
660 3451 919 3511 xlvmmtruutomm
928 3455 1083 3519 Urbanii'lll,

116 3517 140 3560 ct
151 3509 198 3561 alic
212 3527 250 3578 ep.
265 3515 292 3566 b.
307 3517 402 3580 Bouin,
415 3521 443 3570 de
455 3521 583 3586 Episcopo,
598 3530 615 3572 t.
628 3523 654 3584 l,
665 3539 689 3589 p.
700 3523 755 3583 ata,
767 3524 823 3586 als,
835 3534 883 3578 etc.

144 3587 291 3650 'uastam
325 3611 411 3649 eorum
436 3606 549 3652 recenter
574 3600 701 3656 immutata
725 3609 797 3664 auctr
826 3605 863 3656 sia
889 3603 964 3656 bodie
983 3608 1084 3670 promsi
