2586 3988
203 259 242 320 20
422 273 562 322 unctas
583 273 686 320 rortus
705 273 786 319 tuats
806 271 954 319 canumet.

203 375 364 458 pontiriciae
378 377 437 438 rim
451 374 603 457 obligandi
617 374 757 452 habeant,
769 391 831 437 non
845 372 1009 456 requiritur
1018 376 1051 434 ut
1064 372 1082 434 a
1095 371 1179 436 clero

204 465 328 527 secundi
344 465 459 527 ordinis
472 471 676 546 acceptentur.

243 553 354 618 Praeter
368 554 499 616 rationes
511 556 603 634 supra
619 552 721 614 allatas
734 551 878 634 probatur
898 551 1022 632 insuper
1040 568 1077 612 cx
1092 549 1180 612 auita

205 645 361 707 Auctorem
374 643 445 727 fidei
454 647 528 706 n⁰tt
543 664 551 703 ι
566 644 742 705 «Sententia
752 642 913 704 enuntians
921 641 1012 702 ueteri
1028 641 1179 719 majorum

206 756 220 793 n
245 733 378 796 instituto
401 735 440 796 ab
463 732 634 816 apostolicis
661 750 757 812 usque
777 729 965 811 temporibus
989 728 1096 805 ducto,
1126 745 1180 809 per

101 825 103 830 ’
206 845 221 882 a
245 823 370 886 meliora
397 822 538 884 Ecclesiae
560 819 667 883 saecuta
683 825 819 894 serrato,
842 816 1181 900 1·eceptumiuisse‚ut

207 934 221 969 n
246 911 375 988 decreta,
390 917 442 973 aut
450 909 659 983 definitiones,
675 914 726 970 aut
739 905 910 977 sententiae‚
927 903 1016 967 etiam
1030 905 1181 984 majorum

207 1023 222 1059 n
247 1000 384 1077 sedium,
404 1017 466 1060 non
487 1003 731 1079 receptarentur,
748 995 805 1057 nisi
819 993 981 1075 recognita
1004 992 1130 1054 tuissent
1153 999 1184 1054 et

210 1113 222 1147 a
247 1088 416 1170 approbata
427 1086 567 1172 asynodo
581 1084 901 1156 dioecesana-Faue,
912 1082 1081 1152 temeraria,
1097 1082 1186 1144 dero-

209 1203 223 1236 »
248 1197 322 1257 gans
338 1196 392 1258 pro
407 1180 460 1238 sua
475 1171 668 1256 generalitate
682 1173 859 1236 obedientiae
874 1171 982 1234 debitae
994 1171 1184 1234 constitutio-

209 1294 221 1324 „
250 1267 337 1328 nibus
351 1265 538 1348 apostolicis,
554 1269 661 1326 tumet
676 1263 832 1324 sententiis
847 1261 885 1324 ab
898 1259 1082 1323 hierarchica
1092 1279 1184 1341 supe-

210 1383 222 1412 »
249 1357 328 1418 aiore
346 1355 480 1436 legitima
496 1361 641 1436 potestate
664 1351 872 1428 caenantibus,
890 1350 1021 1414 schisma
1032 1349 1142 1413 fovens
1154 1353 1185 1411 et

211 1468 223 1504 n
250 1445 524 1588 ld3predlonrlotdeatum
540 1521 603 1585 ΙΙΙ.
624 1555 664 1570 -
674 1517 756 1600 Ergo
771 1517 854 1602 leges
867 1517 1029 1599 pontificiae
1041 1519 1179 1600 obligant

217 1612 327 1692 absque
347 1613 489 1694 principis
507 1611 658 1674 saecularis
673 1610 896 1687 acceptatione,
913 1614 965 1669 aut
978 1607 1102 1686 placito,
1119 1607 1177 1672 uisi

216 1700 307 1764 tiuare
317 1703 501 1764 concesserit
515 1704 604 1780 Papa.
619 1697 651 1761 t.
667 1699 699 1760 G.
718 1699 836 1768 Quanto
850 1695 987 1774 Curatio
1004 1696 1064 1758 stne
1076 1696 1177 1777 tomi).

254 1810 304 1868 Est
318 1815 422 1868 contra
436 1808 596 1869 Stolmrans
610 1810 626 1868 a
641 1807 790 1870 Febronio
801 1807 919 1888 magnis
928 1807 1187 1870 laudibusetatum

214 1897 265 1977 qui
280 1894 353 1957 dixit
365 1895 510 1978 placitum
529 1897 641 1977 rept'um
665 1897 701 1957 ab
714 1897 793 1957 omni
806 1896 945 1957 memort‘d
959 1897 990 1956 in
1012 1914 1068 1958 usu
1081 1895 1184 1959 fuisse.

216 1988 324 2047 Contra
340 1987 405 2047 Van
417 1987 516 2067 Espen
528 1987 613 2064 juxta
628 2004 719 2066 quem
733 1985 845 2047 dictum
859 1985 1003 2066 placitum
1013 1983 1051 2048 ab
1062 1987 1187 2066 antiquo

214 2092 271 2136 usu
286 2073 403 2152 Galliae,
420 2075 512 2156 Belgii
533 2082 561 2135 et
582 2075 707 2136 aliarum
722 2076 878 2154 gentium,
898 2075 988 2136 etiam
1013 2075 1051 2137 ad
1068 2075 1187 2138 decreta

214 2163 383 2245 dogmatica
396 2170 447 2226 aut
457 2163 549 2226 libros
563 2182 668 2246 pratos
678 2164 851 2226 damnantia
861 2163 915 2226 suit
929 2171 1104 2240 extensum;
1117 2183 1189 2226 con-

214 2252 370 2334 tenditque
388 2252 461 2316 iliud
475 2271 540 2314 esse
561 2253 718 2316 essentiale
736 2271 884 2334 supremae
899 2255 1064 2333 majestati,
1080 2273 1114 2316 ac
1129 2256 1187 2316 itn-

215 2342 443 2424 presctiptibite,
460 2360 516 2404 nec
527 2342 654 2424 proinde
668 2361 796 2404 manans
809 2345 825 2406 a
840 2343 1035 2404 concessione
1045 2343 1189 2405 Ecca-sire

216 2431 346 2513 eoquod
368 2433 509 2512 princeps
529 2431 679 2494 saecularis
696 2433 745 2509 jus
766 2430 873 2494 habeat
894 2429 1018 2493 carendi
1039 2450 1077 2494 ne
1100 2429 1189 2495 detri-

216 2519 975 2602 mentumrecipiatipsiusauctoritasetpaxpublica
984 2521 1186 2604 perturbetur.

216 2613 258 2672 lta
273 2612 382 2691 pariter
396 2611 529 2673 sentiunt
538 2609 674 2673 moderni
685 2609 864 2690 philosophi,
876 2620 905 2672 et
915 2611 1000 2673 multi
1009 2613 1186 2692 jurisperiti.

217 2701 291 2772 (Van
309 2703 406 2766 aspen
423 2707 443 2760 t.
461 2703 490 2761 3.
509 2698 831 2770 perseuerantem.
850 2699 920 2774 i§i
941 2709 970 2760 et
984 2704 1023 2768 ᾖ).

247 2777 348 2830 Constat
360 2777 437 2833 Gouo.
450 2779 586 2832 Vaticano:
601 2799 612 2828 ι
630 2779 801 2847 Reprobamua
811 2780 909 2832 itionum
923 2787 1059 2836 sententias
1068 2788 1110 2852 qui
1122 2787 1187 2840 hanc

219 2867 230 2896 r
248 2848 362 2908 Supremi
373 2851 463 2917 Capitis
477 2867 532 2902 cum
545 2852 683 2917 pastoribus
696 2859 720 2902 et
730 2857 848 2917 gregibus
859 2855 1109 2908 comnuruicatitmcnr
1123 2861 1188 2912 ttrite

219 2936 229 2967 ι
247 2919 356 2974 impetiri
373 2938 443 2984 poss·
466 2923 560 2983 dicunt,
581 2932 623 2974 aut
638 2927 748 2974 eamdem
763 2924 870 2974 retituet
882 2927 993 2976 saecutan
1007 2932 1121 2992 potestati
1139 2933 1188 2980 ab·

220 3009 229 3038 ι
248 2995 361 3052 nortatu3
377 2993 409 3042 ita
423 3000 449 3043 ut
472 2995 631 3054 euertendam,
644 3010 699 3060 quae
711 2996 741 3044 att
754 2997 838 3058 apost.
852 2997 916 3046 Sede
930 3035 936 3057 ‚
953 2999 989 3046 vet
1008 3001 1060 3062 ejus
1076 3005 1186 3050 nuatum

220 3081 230 3109 ι
247 3069 304 3123 tate,
320 3067 350 3113 aa
364 3065 474 3126 regimen
489 3065 601 3116 uertens
621 3069 813 3124 constituuntur,
829 3081 907 3116 rtrrr...
927 3083 977 3117 trun
992 3068 1005 3116 u
1016 3071 1113 3120 there...
1138 3074 1186 3124 crisi

219 3149 230 3180 r
248 3143 375 3198 potestatis
388 3137 512 3186 saecutaris
523 3137 613 3197 ptott'to
625 3137 809 3187 continuentur.
826 3137 923 3198 »(Sess.
941 3137 979 3198 tt,
997 3135 1072 3209 4'3.)

256 3203 400 3262 Praeterea
413 3207 442 3262 m
454 3201 823 3266 curicitiot'tsntcedouensi
832 3207 901 3281 (aot.
910 3208 1029 3282 3),tiun
1042 3211 1184 3273 insenius

215 3289 381 3371 Episcopus
396 3290 487 3352 nollet
500 3308 674 3371 comparere
696 3293 752 3354 nisi
767 3293 905 3356 adessent
921 3295 1039 3374 judices
1053 3299 1184 3379 impera·

215 3379 287 3439 toris
302 3379 400 3440 tamum
415 3387 567 3449 tenentes,
584 3379 774 3444 declararunt
792 3383 893 3446 Patres
917 3387 1073 3458 «Quando
1088 3393 1183 3470 agitur

215 3489 230 3526 a
254 3467 292 3528 de
305 3469 404 3530 causis
417 3469 581 3544 canonicis,
597 3488 659 3532 non
673 3469 783 3534 debere
803 3471 984 3538 intervenire
997 3494 1097 3560 neque
1108 3481 1185 3560 judi·

215 3577 230 3615 a
254 3575 303 3619 ces
318 3560 529 3640 (irriperatoris)
545 3577 644 3646 neque
658 3559 749 3622 laicos
762 3561 849 3624 ullos.
866 3585 882 3623 ι
