2546 3992
456 261 541 307 uinea
564 257 682 304 neruus.
997 230 1056 292 485

87 364 226 428 tidelibue
240 380 303 425 non
321 357 571 424 administrabant
594 355 780 415 sacramenta
795 365 852 410 nec
869 347 970 429 ipsum
986 343 1059 424 bup-
1165 418 1167 430 Ι

88 456 230 527 tismum,
249 469 307 515 nec
325 449 433 512 missas
450 441 641 508 celebrabant
656 439 720 502 sine
734 439 821 501 venia
834 434 992 519 Episcopi,
1008 432 1061 514 qui

88 563 141 625 per
157 563 189 605 se
206 543 252 605 rei
267 560 321 624 per
340 539 415 602 aiios
434 536 579 610 ciericos,
603 529 794 613 presbyteros
823 533 875 589 aut
896 518 1060 598 diaconos,

90 633 152 694 ham
166 633 268 694 omnia
278 631 340 692 suis
351 625 509 712 praestabat
522 623 642 697 ovibus;
657 617 841 682 sufficiathtc
855 615 966 677 referre
975 631 1064 675 cano

93 741 159 782 nom
174 725 213 784 38
228 719 454 802 apostolicum:
470 709 662 793 «Presbyteri
677 715 708 770 et
719 707 836 770 diaconi
846 704 907 768 sini
919 702 1065 766 sententiat

92 833 106 869 u
131 811 271 894 Episcopi
281 808 353 872 nihil
365 804 531 890 partic-iant.
548 801 612 882 Ipse
625 797 754 862 ostentm
765 793 850 876 cajus
858 794 930 878 fidei
942 790 1066 876 populus

92 921 106 956 ι
132 908 174 961 est
186 899 326 976 creditus,
341 904 370 958 ct
383 895 401 958 ἀ
415 914 471 978 quo
484 891 649 953 animorum
664 887 744 949 ratio
757 885 903 967 ecr'pctur.
920 905 935 942 a

133 995 163 1050 2⁰
177 988 375 1051 prohabimus
393 983 482 1064 (inira
501 985 593 1050 1571,
610 981 680 1057 etc.)
695 995 730 1040 ex
753 977 784 1038 S.
800 973 932 1049 thoma,
947 971 1065 1035 contos-

93 1079 209 1140 sionem
230 1079 380 1159 Episcopo
397 1074 445 1135 vei
468 1071 562 1154 ipsius
579 1067 716 1149 delegato
736 1064 866 1142 facum,
887 1063 980 1124 invito
1001 1061 1068 1123 licet

96 1166 240 1248 parocho,
256 1183 321 1228 csse
335 1163 476 1238 validam,
496 1159 586 1221 etiam
600 1154 752 1218 Paschatis
771 1161 907 1233 tempore
918 1171 926 1228 ;
938 1151 990 1213 sed
1010 1150 1068 1213 hoc

96 1257 240 1337 supponit
280 1251 486 1314 immediatam
528 1263 594 1308 esse
638 1243 778 1326 Episcopi
816 1240 1066 1320 jurisdictionem.

96 1347 191 1422 Ergo,
207 1349 264 1406 etc.

138 1435 170 1508 tn
190 1431 334 1494 Clement.
359 1427 493 1504 Dudum,
508 1423 623 1488 Concil.
636 1420 815 1483 Viennensis
836 1419 944 1481 dicitur
968 1437 976 1478 :
1002 1420 1070 1480 «tn

99 1546 112 1579 u
139 1521 279 1583 Ecclesiis
292 1516 522 1602 parochialibus,
537 1513 642 1576 fratres
660 1509 887 1589 (mendicantes)
901 1507 1072 1570 nuliatenus

100 1636 113 1668 u
138 1610 269 1672 audeant
285 1609 447 1691 praedicare
462 1605 546 1666 nisia
561 1599 769 1686 paroecialibus
783 1596 986 1660 sacerdotibus
1002 1598 1073 1658 invi·

100 1726 113 1758 n
138 1701 209 1774 tati,
228 1707 257 1763 et
274 1699 312 1760 de
326 1714 432 1760 eorum
451 1691 677 1776 beneplacit0..,
693 1688 750 1750 nisi
761 1688 926 1770 Episcopus
940 1687 1072 1750 selPrae·

102 1815 114 1846 n
141 1788 218 1852 tatus
232 1789 368 1870 superior
382 1805 435 1870 per
449 1783 573 1847 eosdem
586 1780 692 1843 iratres
706 1776 860 1860 praedicari
872 1777 1037 1840 mandaret.
1053 1798 1069 1835 u

141 1882 173 1940 3⁰
187 1881 220 1939 ln
235 1877 369 1940 comitiis
382 1874 458 1938 Cleri
473 1871 628 1947 Gallicani,
644 1887 726 1931 anno
743 1871 829 1944 1665,
844 1873 986 1930 statutum
997 1865 1072 1930 suit:

107 1993 121 2028 n
141 1967 340 2029 L'assemblee
357 1964 488 2028 are'soiu
502 1961 540 2024 de
562 1961 635 2022 taire
653 1957 813 2039 enseigner
830 1976 889 2019 aux
904 1955 1008 2020 fideles
1011 2003 1072 2019 .....

103 2081 117 2116 a
143 2077 201 2139 que
217 2057 281 2119 leur
290 2054 455 2138 principale
469 2050 603 2113 fonction
615 2049 679 2128 (des
692 2033 843 2127 Eteonos)
857 2049 939 2108 etant
951 2046 1026 2108 celte
1037 2045 1075 2108 de

103 2171 117 2207 n
143 2148 270 2229 prdcher
283 2146 311 2206 la
324 2144 426 2226 parole
439 2141 478 2203 de
491 2140 586 2216 Dicu,
602 2139 639 2200 its
652 2137 680 2199 le
693 2141 823 2220 peurent
836 2133 909 2197 faire
923 2136 1025 2216 quand
1040 2137 1075 2198 ils

104 2261 119 2298 u
144 2235 280 2308 venient,
297 2241 327 2295 et
348 2229 537 2294 administrer
551 2228 594 2290 les
608 2231 808 2302 sacrements,
824 2228 924 2286 meme
938 2225 976 2288 de
990 2227 1075 2306 pe'ni-

105 2349 120 2386 »
145 2333 242 2399 tenca,
258 2330 287 2386 et
300 2322 433 2386 ce'ltbrer
450 2319 494 2382 ies
508 2317 656 2398 mariages
669 2315 745 2377 dans
762 2319 860 2376 toutes
874 2313 916 2376 les
930 2316 1076 2396 paruisses

106 2439 121 2477 u
146 2421 177 2477 et
197 2413 303 2494 eglises
316 2411 354 2474 de
373 2411 453 2473 leurs
465 2406 621 2481 dioceses,
644 2404 702 2467 soit
724 2421 779 2486 par
799 2403 1004 2477 eux-memes,
1020 2405 1078 2465 soit

106 2527 122 2565 s
147 2522 201 2587 par
215 2522 291 2566 ceux
301 2501 389 2584 qu’ils
398 2498 601 2562 choisirontet
613 2493 703 2577 qu’iis
716 2499 930 2555 commettront
943 2512 1019 2575 pour
1028 2511 1078 2556 ces

107 2615 122 2654 o
147 2592 311 2666 fonctions,
327 2593 428 2652 meme
442 2605 512 2650 sans
526 2586 553 2648 le
571 2589 799 2646 consentement
812 2581 866 2644 des
878 2583 986 2658 cures,
1002 2581 1074 2644 lom·

108 2705 123 2742 u
148 2683 237 2763 qu’iis
251 2681 278 2743 le
289 2681 433 2761 jugarent
445 2673 629 2738 convenablc
642 2679 672 2733 et
685 2671 757 2734 utile
770 2689 809 2733 au
823 2671 901 2733 salut
913 2670 966 2733 des
976 2673 1076 2746 ameS,

108 2795 124 2832 u
149 2789 268 2833 comme
282 2777 371 2850 ayant
384 2768 452 2850 pius
470 2763 508 2827 dc
522 2762 647 2845 pouvoir
660 2765 691 2822 et
707 2759 865 2822 d'autorite
878 2760 955 2822 dans
967 2761 1010 2823 les
1023 2781 1080 2844 pa-

109 2883 125 2921 a
149 2861 259 2922 roisses
271 2877 331 2940 que
346 2858 388 2920 les
402 2855 640 2918 aureamento.»
658 2849 793 2911 Memor'r.
808 2847 848 2910 du
861 2849 972 2932 clerpd,
988 2857 1011 2912 t.
1029 2855 1078 2928 ti,

151 3040 256 3101 Plures
268 3035 486 3120 pmpositiones
499 3047 646 3112 excerptae
660 3035 677 3092 e
690 3027 814 3111 praefato
827 3027 903 3092 libro
919 3049 927 3091 ε
944 3030 1081 3093 Pouooirs

111 3130 152 3194 do
160 3127 292 3211 premier
304 3133 333 3188 et
346 3124 386 3186 du
399 3119 501 3185 second
512 3119 598 3182 ordre
611 3166 618 3195 ,
634 3117 783 3181 damnatae
805 3117 928 3182 suerunt
941 3122 958 3182 a
972 3121 1083 3184 Facul-

111 3225 173 3282 tate
187 3215 363 3289 parisiensi,
388 3230 469 3274 anno
484 3213 579 3286 1735,
595 3226 725 3288 quarum
748 3210 798 3268 34·
818 3208 862 3270 sio
881 3208 970 3274 habet
986 3230 993 3270 :
1013 3213 1082 3274 «Lo

112 3329 129 3371 a
153 3304 272 3368 Concite
285 3302 323 3366 de
336 3305 444 3364 Trente
458 3299 507 3361 n'a
522 3316 574 3380 pas
586 3296 630 3358 dit
643 3314 703 3378 que
717 3284 857 3378 l'Eveque
871 3299 948 3360 avait
961 3299 1029 3381 ptus
1042 3301 1081 3364 do

11 3429 12 3480 r
113 3419 129 3456 u
154 3395 312 3476 puissance
333 3409 410 3474 pour
430 3385 688 3452 l'administration
705 3385 759 3449 des
778 3395 960 3450 sacraments
982 3408 1042 3471 que
1056 3390 1084 3452 la

114 3508 130 3546 „
155 3484 226 3545 cure
236 3487 347 3544 meme.
363 3501 378 3539 a
395 3515 436 3526 -
453 3479 554 3540 «Haec
568 3475 745 3558 propositio,
762 3474 858 3556 inquit
871 3477 1025 3554 Facultas,
1040 3489 1085 3544 est

115 3595 132 3634 a
155 3572 245 3654 falso,
258 3569 293 3632 dc
299 3569 422 3651 juribus
435 3567 644 3650 Episcopcnum
655 3563 827 3641 detrahens,
844 3573 871 3626 et
887 3563 1035 3632 intellecta
1049 3587 1085 3632 eo

117 3685 136 3723 ι
158 3679 248 3724 sensu
261 3658 344 3744 quod
353 3658 519 3743 Episcopus
532 3673 586 3742 per
599 3673 631 3719 se
645 3673 707 3720 non
720 3653 813 3738 possit
826 3655 931 3718 munia
944 3656 1086 3740 parocho·
