2574 3994
447 253 535 300 ussa
556 247 675 296 aarum.
1022 217 1076 280 ibt

106 377 180 440 copo
194 354 279 419 tactis
292 350 401 434 (idid,
419 359 453 412 n·
473 349 528 426 68)
544 344 755 428 :excipiuntur
767 340 869 401 auam
882 330 1082 416 Episcopatus

107 453 135 510 at
147 443 296 520 beneficia
312 440 426 520 majora
441 437 508 516 (ib,
522 443 556 497 n·
570 435 633 510 70).

144 537 225 597 Intra
246 531 319 594 vero
342 544 481 591 mensem
503 517 689 603 acceptanda
717 521 763 579 est
780 509 964 592 resignati03
988 524 1086 570 novus

109 622 217 686 deinde
238 619 365 682 titularis
384 617 463 679 intra
481 613 575 674 alium
594 623 731 671 mensem
745 609 790 666 est
813 595 1035 697 instituendus,
1057 601 1087 695 et

111 713 186 774 intra
207 709 356 770 trimestre
371 709 438 786 post
455 700 647 764 collationem
661 689 842 776 publicanda
856 692 901 749 est
927 691 1088 784 resignatio

112 800 142 860 in
155 799 223 860 lora
236 793 376 856 beneficii
389 789 493 873 (idid,
509 789 544 850 n⁰
556 789 618 864 ll).
634 786 702 846 Non
719 779 868 844 sufficeret
882 772 964 875 qudd
983 772 1089 833 drnns·

113 887 156 948 sio
179 881 317 947 canonici
340 882 373 943 in
396 879 488 944 choro
510 875 630 938 tantiam
652 869 857 946 publicaretur
883 860 992 940 (adad).
1022 861 1089 920 Non

120 971 253 1034 obstante
262 965 380 1030 delectu
392 955 824 1046 publicationisvaletquidem
835 950 972 1016 dimissio
981 965 1086 1013 coram

119 1057 274 1120 Ordinatio
288 1055 383 1129 tacta,
399 1051 451 1115 sed
465 1053 606 1114 nullaesa
620 1045 800 1110 successoris
813 1042 961 1106 institutio
977 1039 1031 1122 (it.
1049 1047 1084 1098 n⁰

118 1146 181 1223 73).
197 1145 273 1208 Vide
284 1146 375 1206 etiam
389 1141 509 1204 Cardin.
526 1136 640 1218 Soglia,
656 1134 757 1197 Instat.
768 1133 837 1215 jar.
852 1128 948 1213 pria,
964 1128 980 1210 ς
994 1129 1044 1192 99.

148 1231 238 1294 alodo
247 1238 389 1294 annotata
403 1232 484 1314 apud
497 1251 553 1294 nos
562 1232 594 1293 in
610 1230 705 1293 Gallia
718 1250 780 1294 non
794 1232 906 1311 vigent.
923 1231 998 1294 Vide
1008 1233 1086 1296 dicta

111 1322 141 1381 in
159 1319 374 1402 Proleqomcm‘s
388 1321 561 1400 (loa-155).

150 1411 221 1470 dli.
244 1407 428 1472 subsidiaria
445 1409 498 1472 blo
517 1407 611 1491 quoeri
625 1413 722 1489 potest
736 1405 931 1490 quandonam
951 1406 1088 1472 dimissio

110 1495 249 1559 habenda
270 1496 309 1560 sit
330 1503 364 1560 ut
385 1503 538 1579 acceptata
560 1515 579 1558 a
602 1495 736 1576 legitimo
762 1497 936 1578 superiore,
961 1497 1088 1580 proindb

111 1585 306 1668 quandonam
319 1587 498 1650 renuntians
515 1584 623 1648 debeat
640 1583 678 1646 ab
698 1585 841 1647 exercitio
861 1583 951 1649 officii
972 1585 1088 1648 dimissi

112 1693 145 1736 se
159 1674 319 1737 abstinere.

152 1765 242 1845 Rosp.
258 1763 355 1842 liujus
364 1763 539 1844 quastionis
552 1763 733 1826 solutionem
750 1760 842 1825 fuisse
855 1763 956 1826 datam
970 1764 1090 1827 assera

112 1853 208 1932 (long.
241 1852 366 1915 Consilii
404 1871 457 1934 per
483 1852 699 1916 resolutionem
732 1851 928 1933 approbatam
963 1852 1001 1914 ab
1034 1855 1089 1917 Ur·

113 1941 193 2003 bano
206 1942 288 2019 VIII,
308 1944 348 2004 20
368 1941 466 2003 martii
490 1945 567 2004 l625
584 1961 592 2003 :
612 1964 628 2002 a
651 1943 683 2004 S.
708 1941 927 2022 congregatio,
949 1944 982 2004 S.
997 1943 1033 2002 ll.
1050 1943 1088 2006 N.

112 2051 128 2090 n
153 2029 350 2111 approbante,
366 2029 484 2091 censuit
496 2030 706 2106 Ecolesiam‚a
722 2032 783 2110 qut
795 2030 899 2092 volens
912 2029 1090 2093 translertur

112 2139 129 2176 a
154 2135 207 2180 seu
221 2137 313 2200 quam
327 2117 451 2180 dimittit
463 2119 641 2200 Episcopus
654 2135 760 2180 vacare
774 2116 812 2177 ab
826 2135 862 2178 ao
877 2125 1012 2198 tempore
1027 2138 1088 2199 quo

113 2229 129 2264 s
154 2206 236 2268 idem
246 2208 413 2289 Episcopus
427 2205 465 2268 ab
475 2207 555 2270 illius
563 2207 683 2268 vinculo
692 2203 895 2267 absolviturin
906 2207 1090 2268 consistorio

112 2317 131 2353 r
155 2295 326 2357 sanctitatis
341 2297 425 2370 Suae,
442 2296 532 2357 etiam
544 2303 613 2358 ante
627 2293 849 2376 expeditionem
864 2293 1029 2356 litterarum
1044 2296 1090 2357 vel

113 2405 129 2441 s
154 2383 293 2466 adeptam
302 2385 523 2465 possessionem
532 2383 672 2446 senundae
681 2383 833 2456 Ecclesiae‚
844 2389 874 2443 et
883 2390 987 2464 postea
996 2401 1089 2464 quam

114 2494 131 2532 a
154 2471 245 2550 hujus
266 2471 463 2535 absolutionis
482 2473 618 2534 notitiam
638 2472 806 2554 Episcopus
823 2470 979 2544 habuerit,
1001 2472 1092 2534 etiam

114 2583 130 2619 s
155 2579 192 2623 es
206 2561 378 2623 testimonio
401 2579 455 2623 sou
477 2559 662 2623 documento
676 2559 832 2622 Secretarii
846 2560 878 2622 S.
898 2558 1021 2642 Collegii
1045 2560 1092 2624 vel

113 2647 218 2716 ratio
242 2648 341 2724 modo,
369 2649 449 2712 illied
475 2649 569 2710 teneri
602 2667 673 2711 eum
700 2647 851 2710 abstinere
877 2647 916 2709 ab
949 2649 1091 2712 exercitio

115 2757 131 2798 o
155 2734 316 2799 ordinaris
327 2735 553 2816 jurisdictiorzssa
569 2755 697 2818 eamque
710 2735 837 2798 transire
851 2735 884 2797 in
896 2736 1087 2818 Capitulum,

114 2846 131 2884 ι
155 2829 302 2906 tanquam
314 2825 386 2886 sede
396 2833 519 2888 vacante
532 2873 539 2902 ‚
554 2833 585 2888 et
598 2827 638 2888 ita
651 2843 739 2906 posse
751 2831 781 2886 et
794 2823 905 2886 debere
918 2825 1090 2907 Capitulum

114 2934 131 2970 n
156 2913 255 2974 statim
263 2912 512 2992 adjurisdictione
520 2915 575 2989 uti,
583 2913 778 2977 acllicarium
785 2913 869 2992 juxta
879 2913 1090 2978 tridentinum

114 3023 131 3058 n
155 3002 316 3063 Decretum
342 3001 473 3083 eligere,
488 3001 653 3084 sedemque
665 3007 822 3064 vacantem
835 3001 1028 3084 publicare.»

156 3090 248 3150 Vacat
269 3107 343 3170 ergo
356 3089 443 3152 sedes
461 3090 639 3172 episcopalis
654 3091 693 3153 ab
710 3109 747 3153 eo
766 3099 903 3173 tempore
920 3109 983 3174 quo
1001 3093 1089 3174 Epis·

112 3195 211 3258 copus
235 3179 414 3240 renuntians
436 3177 474 3240 ab
495 3177 575 3240 illius
596 3179 717 3241 vinculo
737 3179 901 3241 absolvitur
922 3179 955 3240 in
975 3180 1091 3244 Consis-

115 3263 194 3326 torio
207 3263 386 3327 Sanctitatis
398 3265 479 3328 Suoe.
497 3267 565 3328 Non
579 3272 698 3330 tenatur
710 3273 811 3330 tamen
826 3267 908 3330 idem
924 3269 1092 3351 Episcopus

113 3353 155 3415 ab
184 3353 328 3415 exercitio
355 3353 515 3417 ordinaris
543 3354 761 3434 Jurisdictionis
790 3373 823 3418 se
855 3356 1005 3418 abstinero
1034 3356 1090 3418 nisi

10 3507 12 3534 Ι
114 3459 154 3504 eo
182 3448 338 3504 momento
362 3461 424 3524 quo
458 3443 590 3524 praefatae
617 3443 813 3505 absolutionis
847 3444 879 3504 in
907 3445 1090 3516 Consistorio

10 3535 12 3564 ¹
114 3535 245 3612 peractae
259 3529 396 3594 notitiam
405 3529 554 3608 habuerit,
562 3531 609 3593 vel
618 3531 833 3594 extestimonio
842 3532 998 3594 Secreturd
1008 3533 1089 3592 Sacri

115 3617 241 3698 Collagii
256 3615 304 3680 vel
317 3617 467 3680 ullomodo
481 3620 689 3702 equivalenti:
705 3619 790 3681 «Sed
799 3619 981 3698 Capitulum,
994 3618 1090 3703 inquit
