2546 3992
191 161 250 226 did
410 177 548 223 nanuum
568 175 669 222 renus
691 172 772 221 runis
792 171 942 219 canonici.

191 279 268 336 esset
281 272 457 349 difficultas,
473 279 506 335 ut
523 277 620 354 patei,
635 289 690 353 pro
704 270 750 334 his
764 269 815 352 qui
836 273 930 349 justas
945 285 1007 331 non
1022 267 1173 334 haberent

192 363 333 425 rationes.
351 365 491 424 Attamen
505 361 529 422 si
544 378 581 423 ex
594 360 714 423 Indutto
728 362 760 424 S.
775 358 931 421 Pontificis
945 359 1086 441 Episcopi
1109 359 1171 421 dis·

191 457 354 533 pensarent
367 451 407 512 ob
416 467 522 514 causas
537 449 684 531 legitimas
692 450 762 512 vere
776 449 947 524 existentes,
957 447 1048 509 etiam
1064 447 1170 530 privati

192 539 316 620 quinon
331 539 476 602 haberent
489 540 599 602 motiva
609 545 730 622 propter
743 537 891 621 quaedata
904 535 958 599 fuit
972 536 1169 618 dispensatio,
1266 541 1267 610 i

193 628 242 689 illd
257 629 299 691 uti
314 635 447 710 possent.
462 629 505 690 Ita
529 627 642 690 Bened.
656 630 735 706 xtv,
757 627 789 691 in
808 625 969 709 Encyclicd
989 625 1172 690 triavus

193 717 313 780 Manae!
325 717 394 780 d’un
402 717 493 800 jerme
500 717 615 800 preti-e,
631 723 703 780 tom
722 722 753 795 2,
769 737 800 800 p.
817 720 887 779 221.
1264 765 1267 824 p

213 904 218 916 Ι
233 819 303 916 080.
319 817 442 890 Quaerit.
458 820 489 878 E·
501 817 550 877 An
563 815 731 898 Episcopus
745 816 838 898 possit
851 813 1068 898 dispensarem
1078 813 1172 878 saiada

195 904 324 1074 rrtppspt·
344 1013 360 1054 α
377 993 622 1076 Dispensationes
648 1011 739 1077 super
771 993 878 1056 ritibus
898 992 1125 1070 ecclesiasticis,
1154 995 1172 1055 a

194 1102 210 1140 s
236 1083 266 1144 S.
283 1080 359 1144 Sede
377 1081 515 1163 petendae
528 1089 619 1162 sunt,
636 1102 704 1160 nec,
719 1083 755 1146 eit
774 1083 957 1156 inconsulti,
973 1082 1011 1144 ab
1024 1082 1083 1145 atio
1097 1101 1174 1163 quo-
1267 1092 1268 1126 ³

194 1192 208 1228 n
233 1169 442 1234 libetconoedi
462 1180 630 1254 possunt.»
657 1171 770 1234 Bened.
795 1175 871 1244 XIV.
897 1173 1000 1236 Gonst.
1018 1171 1171 1246 Omnium,
1267 1189 1268 1196 ¹

194 1276 243 1341 ap.
260 1259 412 1335 Ferraria,
427 1273 459 1322 νο
474 1261 677 1344 Dispematio,
693 1273 728 1323 ιι·
740 1265 791 1325 67.
808 1259 884 1324 Vide
897 1262 989 1324 etiam
1006 1262 1113 1338 Bouix,
1129 1259 1174 1322 oe

198 1345 359 1431 Episcopo,
374 1355 449 1412 tom.
472 1353 513 1425 2,
537 1370 568 1434 p.
600 1354 677 1428 1003
703 1357 734 1414 et
760 1349 930 1414 decisiones
947 1367 1040 1434 supra
1064 1349 1173 1412 relatas
1267 1347 1268 1350 ’

197 1437 441 1608 (Ἷῖὶῗὶὶῂὲἶὲωνὶι.
458 1539 490 1600 3·
506 1539 564 1609 An,
580 1538 650 1601 etin
664 1537 848 1620 quibusnam
862 1537 1132 1621 irregsdaritotibus
1144 1545 1175 1602 et

195 1623 349 1699 censuris,
364 1625 531 1707 Episcopus
543 1628 638 1689 vatent
650 1627 850 1709 dispensare?

237 1720 311 1782 Vide
325 1720 402 1783 intra
416 1721 447 1783 in
461 1723 635 1787 tractatibus
647 1723 685 1786 de
699 1723 965 1807 irregularitatibus
978 1731 1009 1789 et
1021 1727 1171 1789 censuris.

235 1811 309 1870 Item
332 1807 410 1871 intra
423 1809 559 1874 dicemus
581 1812 619 1875 de
641 1820 787 1895 potestate
809 1815 1029 1897 Episcoporum
1049 1815 1173 1898 dispen-

196 1897 282 1961 sandi
304 1915 396 1978 super
420 1899 496 1962 votis
518 1905 549 1963 et
570 1900 813 1984 impedimentis,
838 1903 961 1986 quando
982 1903 1021 1967 de
1047 1905 1123 1968 votis
1144 1913 1174 1968 et
1266 1955 1268 1974 .

197 1985 420 2068 impedimentis
446 1989 630 2052 matrimonii
650 1992 845 2055 tractabimus
867 1993 1080 2076 (dm-5245).
1099 1993 1173 2057 Vide

197 2077 287 2138 etiem
302 2075 407 2148 Bouix,
423 2076 469 2139 lte
482 2078 642 2162 Episcopo,
660 2085 736 2142 tom.
751 2085 786 2158 E,
802 2101 834 2163 p.
851 2084 920 2159 rur,
941 2085 1010 2159 134,
1021 2087 1091 2157 257,
1110 2091 1170 2146 etc.
1268 2077 1269 2150 i

235 2165 279 2226 De
296 2169 442 2246 potestate
455 2174 556 2230 autem
570 2169 708 2251 Episcopi
723 2169 897 2244 absolvendi
911 2173 929 2232 d
942 2169 1061 2234 casibus
1076 2172 1172 2235 uuuae
1268 2171 1269 2176 ’

199 2251 293 2423 {pomp
305 2259 335 2316 et
348 2253 415 2317 aliis
434 2255 466 2318 S.
482 2257 620 2320 Pontifici
640 2259 816 2338 reservatis,
837 2259 973 2324 dicemus
992 2259 1047 2324 ini.
1069 2264 1172 2342 (taar-

636 2499 657 2580 s
678 2501 729 2562 rx.

197 2653 243 2717 De
247 2662 389 2737 potestate
397 2611 540 2741 Episcopi
547 2657 646 2742 quood
657 2659 742 2722 caria
756 2659 797 2722 od
802 2659 1172 2748 Liturpiomms'aentr'o.

237 2849 305 2909 982.
329 2847 373 2910 De
386 2845 433 2908 his
446 2847 611 2930 specialiter
624 2849 731 2914 dicturi
757 2869 864 2916 sumus
884 2853 916 2917 in
931 2854 1008 2919 libro
1022 2857 1172 2936 secundo,

197 2933 249 2996 ubi
269 2933 429 3018 loquemur
448 2936 486 2999 de
505 2937 659 3002 Sacrificio
675 2942 794 3018 Missa,
820 2943 859 3006 de
878 2945 990 3022 Fastis,
1014 2944 1052 3008 de
1069 2947 1174 3010 Officio

197 3021 314 3100 divino,
334 3028 365 3086 et
382 3023 458 3086 aliis.
480 3026 556 3090 Vide
573 3029 664 3090 etiam
684 3031 720 3091 D.
738 3029 851 3108 Bouix,
865 3033 911 3097 De
922 3033 1088 3118 Episcopo,
1102 3041 1126 3098 t.
1141 3040 1172 3110 2,

198 3129 229 3192 p.
247 3113 322 3187 1153
341 3117 372 3173 et
384 3113 522 3193 quatiam
536 3115 595 3179 alia
607 3135 699 3200 supra
713 3121 878 3202 (773-776).

236 3201 280 3261 lte
294 3205 438 3282 potestate
450 3202 588 3287 Episcopi
603 3207 703 3286 quoad
717 3211 856 3286 oratoria,
871 3211 1008 3276 dicemus
1018 3213 1174 3278 tractando

197 3287 236 3350 do
249 3287 401 3352 Sacrificio
410 3291 722 3372 Missae(356t'r3586).
735 3297 869 3362 Sufliciat
880 3299 929 3364 hic
941 3309 1087 3365 annotare
1103 3324 1111 3365 :

238 3381 269 3438 tr
281 3377 449 3460 Episcopus
462 3387 559 3461 potest
571 3383 638 3444 olea
651 3402 736 3447 sacra
748 3389 1034 3454 cathecumenorum
1048 3400 1078 3456 et
1091 3393 1174 3456 instr-

198 3465 395 3543 morumne
409 3467 574 3530 Castredrali
586 3469 721 3544 abfuerit,
741 3474 771 3536 in
785 3477 843 3540 atie
856 3480 983 3544 ecclesie
995 3499 1172 3546 consecrans

197 3561 228 3617 et
240 3554 428 3618 benedicere.
445 3557 477 3618 S.
492 3557 552 3619 Rit.
568 3561 691 3641 Congu,
707 3565 745 3625 tt
761 3581 832 3630 nov.
849 3569 935 3633 1600.
