2586 3988
218 179 256 244 bl
360 219 361 222 =
424 197 564 244 annulae
585 196 688 242 rorrus
707 195 787 242 runis
809 196 960 244 canorum.
1078 199 1081 206 ’

218 313 1169 392 baltassar,luania,baraduguine,siiarezoralitsmuuis.

256 399 306 462 Sic
319 401 430 462 luenin
448 421 478 461 :a
491 399 579 473 Qubd
595 419 679 464 norae
687 400 768 483 leges
781 400 842 463 vim
856 417 918 464 non
933 399 1063 462 habeant
1077 397 1107 460 iu
1122 416 1196 480 pro·

217 509 232 549 a
255 489 361 552 vinciis
374 491 406 552 iu
421 489 532 572 quibus
548 509 609 552 non
624 497 829 572 acceptantur,
842 508 903 552 non
918 489 1013 552 oritur
1025 506 1061 550 ex
1075 486 1196 553 delectu

216 599 231 637 n
257 580 409 660 potestatis
424 581 454 641 in
471 579 690 660 legislatoribus
704 587 733 641 et
750 579 917 662 praesertim
938 581 1075 640 llomano
1092 575 1197 638 Ponti-

218 690 231 726 »
257 666 1199 751 lice,oui,inpersoanetri‚dictumestbChristorPrseeapnos

217 781 232 818 a
257 777 349 829 meos,
374 777 459 840 parce
476 777 540 820 oues
554 777 648 828 oreas,-
664 756 717 820 sed
736 757 767 819 id
781 758 877 820 oritur
893 775 931 820 ex
949 755 1068 820 defectu
1087 755 1197 819 volun·

218 870 232 906 n
258 847 326 909 tatis
344 867 352 908 r
369 865 468 930 neque
496 849 577 910 enim
600 847 783 928 legislatores
805 845 1016 924 ecelesiastici,
1045 844 1198 926 imprimis

219 961 233 997 a
258 937 413 999 Romanus
426 935 601 1000 Pontifex...
617 943 779 998 censentur
792 935 867 998 velle
880 942 914 998 ut
928 953 1013 997 novae
1026 933 1108 1015 leges
1124 935 1140 996 a
1161 951 1198 996 se

219 1050 233 1086 n
259 1026 344 1103 latae,
359 1025 420 1088 rim
442 1025 571 1087 habeant
593 1026 622 1086 in
647 1025 720 1088 locis
743 1024 775 1086 in
798 1023 909 1106 quibus
929 1023 1030 1086 sanior
1049 1027 1080 1086 et
1098 1022 1199 1103 maior·

220 1138 234 1178 a
260 1115 394 1178 fidelium
413 1133 482 1196 pars
502 1113 615 1194 judicat
633 1113 856 1196 provinciarum
875 1112 1017 1195 iugenio,
1039 1111 1196 1188 moribus,

220 1228 234 1266 n
259 1204 388 1286 tempori
402 1221 464 1265 non
478 1203 650 1266 convenire.
667 1202 870 1265 confirmatur
879 1202 930 1265 illa
943 1200 1098 1284 responsio
1107 1219 1143 1263 aa
1158 1219 1199 1263 eo

220 1318 234 1356 n
261 1293 342 1374 quod
358 1311 433 1354 nora
446 1291 577 1364 decreta,
593 1292 661 1354 licet
675 1293 705 1353 in
719 1293 825 1374 seipsis
839 1293 953 1373 optima
966 1291 1037 1368 sint,
1052 1309 1106 1372 per
1120 1290 1199 1352 aoei-

220 1407 235 1444 a
260 1384 469 1458 densamus,
484 1381 585 1443 habita
599 1381 744 1443 nimirum
760 1380 874 1443 ratione
888 1380 1194 1454 circumstantiarum,

221 1495 235 1534 n
259 1471 414 1554 inquibus
435 1471 539 1553 populi
559 1469 682 1549 fideles,
706 1469 888 1551 quibusdam
907 1470 937 1531 in
954 1469 1115 1552 provinciis
1127 1487 1196 1531 rer·

220 1585 235 1621 n
260 1570 383 1638 santur,
399 1557 570 1638 reipublicae
584 1559 792 1621 ecclesiastiea
814 1577 919 1641 paoem
940 1557 1115 1641 perturbare
1128 1575 1198 1640 pos·

221 1675 235 1712 n
261 1657 338 1726 sent,
350 1657 399 1711 aut
414 1647 519 1710 sallem
534 1647 675 1710 Ecclesiis
688 1648 918 1730 particularibus
932 1665 993 1710 non
1007 1645 1159 1731 prodesse.
1175 1668 1192 1707 a

222 1737 321 1823 (Apud
335 1737 450 1813 Reum,
466 1737 511 1799 De
524 1736 675 1819 Priaeip„
688 1757 718 1819 p.
736 1740 818 1817 185.)

261 1832 310 1891 36.
334 1823 394 1890 Sed
414 1843 555 1907 quaenam
569 1825 629 1887 sint
650 1825 731 1907 leges
749 1844 824 1909 quas
839 1829 892 1891 SS.
913 1827 1074 1890 Pontifices
1087 1825 1198 1890 nolunt

222 1937 286 1980 esse
308 1916 498 1997 obligatorias
518 1922 587 1978 ante
609 1915 1068 1996 acceptationeml-Ouaedam
1082 1917 1196 1999 regulae

222 2007 332 2068 dantur
346 2006 362 2066 a
377 2004 515 2067 Zaooaria
529 2011 558 2066 et
571 2007 589 2066 b
605 2003 715 2066 Bened.
728 2005 793 2066 XlV
803 2004 884 2086 apud
894 2005 991 2070 Bouix
1006 2003 1072 2086 (ila,
1090 2023 1122 2088 p.
1139 2009 1195 2072 188

224 2103 251 2156 et
265 2097 335 2176 aeq.)
350 2112 405 2175 pro
418 2091 554 2155 facienda
571 2093 628 2155 btto
640 2091 843 2172 distinctione,
857 2093 910 2157 sed
921 2142 932 2173 ,
944 2093 1054 2158 latente
1067 2094 1197 2178 ipsomet

224 2186 259 2246 D.
276 2183 369 2246 Bouix
384 2187 425 2264 (p.
442 2182 520 2262 198),
536 2199 640 2244 aarum
655 2199 712 2264 ope
727 2200 788 2244 non
799 2183 1117 2248 estlacilediscernere
1131 2185 1196 2248 illas

225 2274 305 2354 leges
321 2293 328 2334 ε
348 2295 364 2332 o
378 2273 408 2334 Si
421 2271 493 2334 mihi
509 2271 621 2348 liceret,
636 2270 718 2333 addit
732 2271 802 2350 istc,
813 2273 949 2354 regulam
963 2274 1053 2336 aliam
1068 2293 1195 2356 genera·

225 2387 239 2424 o
263 2363 369 2425 liorem
383 2367 414 2424 et
428 2361 458 2422 in
474 2361 557 2442 praxi
572 2356 736 2422 faciliorem
755 2380 980 2443 proponerem:
1000 2363 1047 2427 rel
1069 2364 1197 2443 alicujus

224 2476 239 2513 a
264 2452 395 2534 regionis
410 2449 548 2532 Episcopi
562 2449 732 2510 existimant
741 2468 773 2512 se
787 2469 890 2532 graves
900 2451 1010 2514 habere
1019 2455 1150 2516 rationes
1158 2453 1197 2516 ad

225 2565 239 2600 n
264 2539 510 2622 praesumendum
524 2538 694 2600 consentire
704 2541 875 2602 Romanum
891 2540 1079 2618 Pontificem,
1095 2550 1130 2604 ut
1142 2561 1197 2606 sua

226 2653 239 2692 a
264 2630 310 2692 lex
325 2629 426 2691 statim
442 2646 503 2690 non
517 2626 638 2709 obliget,
651 2627 696 2689 rel
711 2646 789 2690 non:
806 2630 829 2691 si
841 2629 936 2712 prius,
947 2630 1198 2695 licebitillisPrae-

225 2743 240 2781 a
265 2717 380 2782 sulibus
393 2715 643 2800 supplicationem
653 2717 691 2778 ad
705 2718 736 2779 S.
749 2716 858 2780 Sedem
872 2719 1018 2800 dirigere,
1034 2727 1064 2783 et
1076 2720 1197 2784 interim

226 2832 241 2868 a
265 2809 339 2890 legis
351 2807 559 2888 obligatoriam
574 2807 633 2866 vim
648 2805 832 2888 suspendere
848 2827 857 2885 ;
873 2808 1076 2890 apostorum,
1092 2828 1197 2892 pccca-

227 2921 241 2959 u
265 2897 341 2960 bunt
355 2896 412 2958 nisi
427 2895 527 2958 statim
541 2894 598 2976 legi
615 2902 748 2976 pareant.
764 2917 778 2954 a

267 2990 315 3048 37.
338 2985 510 3047 Notandum
524 2992 568 3046 est
583 2986 612 3044 l·
628 2983 709 3064 quod
724 2984 774 3047 blo
787 3003 849 3048 nou
864 2993 968 3067 agatur
981 2987 1020 3051 de
1034 2988 1199 3052 Pontibeiis

227 3072 494 3138 Constitutionibus
516 3071 714 3154 dogmaticis,
734 3075 804 3136 ciam
826 3074 857 3135 in
877 3074 913 3138 iis
933 3075 1149 3140 irreformabile
1162 3079 1199 3141 ait

228 3162 356 3228 Romani
369 3161 522 3224 Pontifieis
533 3161 703 3240 Judioium;
718 3162 827 3226 neoda
847 3163 1114 3230 Constitutionibus
1131 3183 1199 3249 quaa

229 3271 330 3318 sacros
343 3252 505 3325 respiciunt
519 3251 610 3330 ritus,
624 3252 838 3326 caeremonias,
851 3261 1058 3334 sacramenta,
1073 3255 1199 3318 clerieo-

230 3339 1196 3427 rumtritam.(uened.x1v,itea'pn.,lib.a‚numm-Erpa.

230 3433 277 3495 des
294 3431 446 3512 Principes
458 3429 497 3490 du
511 3429 576 3491 ἄνοι’
579 3439 590 3489 1
604 3429 772 3510 reponique,
789 3429 831 3492 du
844 3429 931 3493 Card.
949 3435 1085 3510 enasset,
1097 3453 1127 3516 p.
1145 3437 1197 3508 am

231 3557 269 3568 -
279 3521 375 3582 Ileuue
388 3519 435 3580 des
448 3518 568 3580 tolerares
578 3517 823 3598 ecclesiasticum,
840 3528 873 3580 u⁰
889 3523 946 3600 19,
962 3539 994 3603 p.
1009 3525 1073 3601 Π.)

271 3611 320 3674 88.
332 3605 503 3670 Notandum
514 3613 557 3669 est
566 3611 598 3668 2⁰
608 3605 692 3687 qubd
702 3605 817 3670 etiamsi
828 3607 875 3671 lex
885 3609 924 3672 ait
933 3609 1016 3673 certo
1024 3608 1063 3673 de
1072 3627 1200 3676 numero
