2586 3988
505 256 683 318 ΡΗΕΡΜἾΟ.
1041 264 1071 310 11

91 383 131 453 tle
144 381 235 449 droit
247 401 371 458 moen,
390 381 427 449 Ι).
446 383 576 463 Andr&
592 381 867 452 notustttuttones
875 379 967 469 juris
980 397 1076 448 oeno·

92 472 176 553 niei,
192 469 232 538 R.
249 469 288 536 de
308 469 376 550 tl.;
397 467 434 538 3⁰
458 469 648 559 Enposition
674 473 726 538 stes
744 471 906 559 principes
922 469 968 535 tiu
991 469 1076 536 droit

93 566 213 628 cunoni
237 579 287 632 ue,
304 556 439 626 Gordiu.
457 558 610 640 Gousse13
635 559 672 628 4⁰
691 558 915 628 Proeleetiones
935 555 971 624 S.
992 557 1076 623 Sul-

93 648 190 738 pilii,
214 581 261 714 ἵ).
291 645 383 714 leand
401 647 519 714 Viearii
534 649 639 718 Gener
672 648 887 728 Patisiensis;
907 644 945 714 5⁰
969 643 1077 713 Troili

97 739 153 805 cles
170 737 280 825 peines
295 735 560 825 ecelesiastiques,
578 739 616 806 D.
632 735 808 818 Streroler3
824 733 860 802 6⁰
879 734 959 804 varii
978 733 1077 802 Trae-

98 823 238 893 latusll.
257 823 360 892 noun
397 824 430 891 in
453 827 573 912 quibus
595 824 663 894 fuse
678 838 709 894 et
733 826 828 893 docte
849 823 1028 981 praecipuo,
1049 843 1077 891 sl

98 934 168 982 non
183 913 297 996 omnio
312 923 432 1000 puncta
443 911 530 1000 juris
541 915 689 983 canonici
712 913 936 992 uinulentum
976 928 989 958 ⁰
1010 910 1077 978 ne-

100 1023 160 1070 one
173 1001 229 1068 des
244 1002 379 1102 seiences
390 1001 650 1103 eeclesiastiquee
669 1003 806 1079 sinentis
826 1003 990 1104 tnensibus
1004 1021 1074 1154 pro

100 1091 196 1158 diens
216 1090 279 1157 sub
295 1091 477 1158 dneeuone
498 1091 642 1178 ejusdem
664 1091 699 1159 D.
717 1091 829 1167 Bonis,
848 1111 881 1157 nn
902 1096 966 1178 qut
983 1111 1001 1176 p
1019 1110 1077 1158 ura

101 1181 203 1248 etiam
219 1175 344 1280 dejure
359 1178 519 1246 canonico
534 1180 762 1253 inueniuntur:
779 1177 812 1247 8⁰
826 1177 978 1248 Analecta
985 1179 1077 1268 juris

87 1267 276 1364 ‘Pontifices
297 1287 374 1354 quae
390 1287 542 1335 sermone
563 1266 684 1337 Gallico
704 1268 820 1336 llomae
857 1267 976 1335 nimum
993 1267 1078 1335 edita

77 1369 84 1376 '
103 1357 198 1424 fuere
222 1367 254 1423 et
272 1354 444 1442 inquibus
468 1357 568 1424 multu
583 1367 808 1442 congeruntur
823 1289 1017 1424 ‹focumenta
1037 1354 1076 1422 ad

100 1443 156 1534 jus
185 1442 382 1511 canonicum
408 1445 609 1531 spectantia,
632 1445 754 1534 quibus
777 1445 888 1534 plnres
914 1444 1079 1534 quaestio-

103 1553 163 1602 nes
183 1533 380 1612 enodantur,
398 1538 485 1600 eto.¹

149 1619 212 1690 Sed
229 1620 307 1708 quia
322 1622 368 1689 vel
392 1619 584 1708 hujusmodi
604 1643 703 1711 opero
723 1634 798 1690 sunt
821 1623 919 1690 nimis
940 1621 1077 1711 prolixa,

104 1731 167 1786 neo
183 1709 322 1797 proinde
341 1709 404 1776 nisi
427 1710 446 1778 i
471 1713 584 1799 pnuois
608 1712 790 1799 comparari
815 1732 852 1802 uc
876 1712 996 1800 perlegi
1025 1727 1079 1776 va·

105 1801 191 1876 lent,
220 1797 269 1863 vel
295 1797 455 1884 quianon
478 1800 649 1887 explanant
677 1801 738 1867 nisi
757 1802 930 1889 quomdam
954 1811 1079 1889 purtem

101 1889 192 1976 juris
209 1887 370 1966 cononici,
388 1897 444 1954 nul
463 1887 545 1955 sorte
561 1889 591 1956 id
609 1909 672 1956 non
689 1890 811 1956 loeiunt
832 1887 1079 1978 eonspectae,

106 1989 164 2044 aut
181 1976 279 2043 etiam
296 1973 553 2064 inquibnsdntn,
569 1979 715 2064 quamvis
728 1977 815 2054 uoto,
832 1979 988 2046 nonsatis
1003 1997 1080 2042 oon-

106 2065 264 2132 formiter
284 2062 456 2152 principiis
475 2063 628 2135 Ecclesioe
644 2066 810 2145 Rornnnae,
829 2065 1083 2134 existimavimus

107 2152 230 2220 inutile
255 2171 319 2218 non
341 2152 411 2220 lone
435 2153 462 2218 si
483 2154 614 2240 aliquod
638 2155 790 2221 Manuale
812 2169 1002 2224 exoraretur
1025 2173 1080 2222 su·

107 2262 172 2332 per
199 2239 396 2308 universalis
415 2239 502 2326 juris
517 2243 664 2309 cononici
693 2243 839 2324 scientie,
862 2246 986 2312 nonita
1011 2245 1081 2310 lon·

110 2350 192 2420 gum
210 2337 247 2394 ut
259 2331 430 2396 commode
446 2330 596 2418 nequiret
609 2331 736 2419 acquiri
751 2343 782 2397 et
802 2333 923 2418 perlegi
950 2335 991 2400 ab
1011 2351 1082 2398 om·

108 2418 210 2486 nibus
221 2419 446 2485 sacerdotibus
457 2439 587 2486 sacrum
606 2419 824 2486 ministerium
837 2419 1081 2500 exercentibus;

109 2527 171 2576 nee
190 2506 234 2572 ita
258 2507 352 2574 breue
377 2517 413 2574 ut
437 2507 567 2576 nonnisi
592 2510 680 2574 nuda
705 2508 867 2597 principia
893 2507 1082 2597 hujusmodi

109 2593 261 2664 scientiae
277 2593 472 2676 contineret,
489 2615 554 2664 non
576 2603 684 2664 autem
705 2597 801 2664 etium
819 2598 1000 2664 solutiones
1016 2597 1084 2685 ple-

109 2701 296 2770 torumque
311 2703 446 2751 casuum
461 2684 518 2773 uui
567 2685 690 2753 uotilie
713 2699 891 2754 oeunnrunt
911 2687 943 2753 in
960 2683 1081 2754 exenei-

109 2774 158 2840 tlo
173 2771 260 2838 sauri
280 2771 468 2840 ministerii.
490 2771 529 2842 llt
579 2795 628 2844 aee
646 2771 709 2844 tuit
724 2794 822 2843 causo
838 2773 1085 2864 proesentisllu·

109 2861 240 2928 nuolis.
521 2903 525 2912 ·

158 2949 247 3017 llens
266 2959 379 3017 nostra
397 2949 459 3020 luit
473 2952 570 3021 etiam
587 2965 623 3020 ut
638 2954 797 3042 hocopus
813 2953 959 3022 adhiberi
978 2963 1086 3042 posset

117 3037 151 3104 in
163 3037 355 3107 seminariis
367 3057 430 3128 pro
450 3039 650 3111 instituendi
662 3041 802 3111 clericali
814 3043 1006 3132 juventute;
1020 3041 1087 3113 imo

150 3301 158 3328 l
175 3300 296 3372 lionitum
317 3301 356 3353 hle
373 3299 489 3354 volumus
506 3305 622 3356 lentorem
637 3321 668 3356 ne
683 3308 746 3358 lorti
762 3308 929 3372 inopportune
948 3307 1088 3358 offendatur

119 3362 194 3432 quoti.
210 3367 259 3434 εἱσι,
270 3376 294 3436 tn
308 3365 390 3415 multis
404 3381 502 3430 prorsus
513 3367 686 3418 dissonamus
699 3370 711 3418 l
726 3372 751 3420 ll.
767 3369 894 3435 lequeux.
909 3378 981 3432 prout
1014 3369 1089 3418 olebit

120 3439 149 3474 ex
161 3425 273 3474 «licendis
284 3439 310 3474 tn
320 3433 371 3476 toto
387 3430 466 3492 operis
478 3433 593 3489 decursu,
608 3437 714 3480 nttuinen
729 3433 839 3496 ejosuem
854 3433 961 3482 unctoria
1000 3431 1089 3480 unuolo

121 3485 309 3550 Compendlum.
321 3488 378 3540 lieet
386 3490 409 3539 in
418 3489 499 3540 lnttiee
509 3497 622 3550 relatum,
632 3494 772 3566 putavimus
781 3509 852 3554 nosse
861 3494 994 3558 eliquanto
1004 3501 1088 3548 estare,

120 3553 194 3598 elom
208 3549 239 3618 tle
252 3551 368 3600 vertunt
383 3554 498 3613 verbum,
513 3555 536 3604 in
551 3557 660 3605 maternis
679 3562 759 3605 tanen
775 3571 858 3606 errore
876 3570 925 3606 non
941 3553 1052 3612 inteolis,
1067 3557 1091 3599 et

121 3617 149 3659 nt
161 3610 295 3681 plunnium
308 3613 338 3662 ad
349 3614 472 3666 elliuuetins
484 3617 677 3677 convincendos,
691 3618 832 3668 testimonio
844 3631 894 3667 non
906 3623 1031 3680 suspecto,
1043 3611 1091 3662 utl-

124 3685 246 3722 wsnnos
260 3677 416 3734 quarumdem
428 3677 615 3740 disciplinatum
630 3693 798 3728 romanorum.
