2546 3992
449 267 471 278 ”
506 285 593 340 :maa
612 289 731 336 miuus.
1048 273 1106 336 lli

137 389 266 472 quisque
280 405 384 452 eorum
401 391 541 468 occupat,
563 385 694 468 aliquem
709 404 746 448 ex
762 386 911 468 Apostolis
929 389 960 450 in
974 389 1109 471 primum

138 479 317 560 Episcopum
346 476 504 538 habuerit:
528 473 620 536 Sedes
643 482 743 538 autem
768 477 1110 558 Antiochenaprimum

138 567 262 649 quidem
284 565 340 630 tuit
362 572 508 645 occupata
530 566 547 625 a
569 565 600 626 S.
625 567 726 640 Petro,
750 564 808 626 dici
832 572 934 628 tamen
955 572 1112 647 nequeunt

138 656 317 719 Patriarchae
332 653 509 718 Antiocheni
524 654 612 716 Petro
626 653 746 734 proprie
756 656 946 716 successisse.

178 750 247 810 865.
271 743 440 808 Dicendum
455 748 486 804 2⁰
497 743 661 823 Episcopos
672 761 734 804 non
744 761 809 804 esse
820 744 1032 825 Apostolorum
1047 763 1113 808 suo

139 853 272 898 cessores
286 833 386 916 quoad
396 831 596 895 universalem
606 832 637 892 in
651 838 713 893 toto
727 831 842 894 mundo
853 833 1110 912 jurisdictionem:

140 941 211 986 nam
222 923 405 1004 iurisdictio.
419 925 436 984 A
453 921 569 984 Christe
577 920 755 1002 generaliter
770 921 919 1003 Apostolis
933 924 1110 1002 commissa,

140 1020 201 1075 erat
227 1015 258 1074 in
282 1012 325 1074 eis
346 1014 445 1090 (Petro
472 1017 573 1072 umen
603 1009 742 1092 excepto)
771 1011 1027 1090 extraordinaria,
1056 1031 1112 1075 nce

140 1101 207 1164 data
215 1107 246 1164 ut
257 1107 469 1182 permanenter
479 1099 509 1160 in
521 1105 643 1162 eeteros
652 1099 816 1180 Episcopes
829 1101 1088 1164 transfunderetur
1104 1123 1111 1164 :

140 1190 170 1251 id
182 1190 288 1270 probat
300 1192 336 1250 D.
356 1187 448 1249 Bouix
464 1187 567 1249 multis
580 1188 765 1267 argumentis
780 1188 848 1268 (iu,
864 1196 937 1250 tom.
955 1195 989 1264 l,
1012 1211 1041 1272 p.
1059 1196 1112 1254 50-

141 1281 199 1354 63).
217 1277 351 1339 Sufficiat
370 1277 420 1338 hio
433 1275 588 1357 sequentia
611 1274 746 1336 referre:
764 1279 794 1336 l⁰
817 1277 957 1358 Episcopi
973 1280 1113 1342 Hieroso-

143 1365 277 1447 lymitani
289 1373 373 1428 erant
386 1367 466 1427 certe
481 1381 670 1426 successores
681 1363 770 1426 unius
785 1366 1012 1445 Apostolorum,
1032 1369 1113 1444 vide-

142 1453 211 1516 lieet
223 1457 253 1516 S.
266 1455 369 1518 iacobi
382 1474 389 1514 :
401 1460 518 1516 constat
527 1459 640 1528 tamem
651 1453 741 1513 etiam
753 1453 950 1533 Aprimordiis
961 1455 1112 1529 Ecclesiae,

142 1545 276 1624 ipsorum
297 1543 537 1624 Jurisdictionem
560 1559 621 1602 non
642 1559 674 1602 se
689 1541 857 1603 extendisse
876 1542 954 1604 ultra
967 1543 1113 1606 civitatem

142 1637 172 1694 et
187 1633 264 1695 illius
278 1633 422 1706 confinia,
438 1630 537 1692 autad
551 1649 707 1692 summum
721 1630 798 1692 ultra
809 1631 989 1693 Palestinam
1003 1679 1011 1710 ,
1027 1641 1115 1714 prout

142 1728 256 1782 constat
269 1742 306 1784 ex
321 1720 553 1802 quamplurimis
566 1719 750 1801 antiquitatis
763 1719 963 1782 documentis.

182 1811 428 1872 aunonenses
443 1809 654 1891 Apostolorum
662 1809 705 1870 sic
718 1807 909 1872 decernitur:
925 1811 1114 1894 «Episcopus

142 1919 157 1958 a
184 1917 245 1961 non
260 1900 368 1962 audeat
389 1906 478 1961 estro
497 1899 571 1980 fines
583 1917 646 1959 suos
664 1897 868 1960 ordinationes
881 1898 979 1962 lacere
999 1901 1029 1962 in
1044 1901 1114 1964 eivi-

143 2011 158 2046 a
183 1987 291 2051 tatibus
302 1993 354 2050 aut
369 1987 451 2069 pagis
466 1987 521 2068 ipsi
538 2005 599 2048 non
610 1986 746 2048 subditis.
764 2009 778 2044 a
911 1983 915 1996 '

182 2081 214 2140 3ο
227 2079 261 2138 ln
277 2076 409 2138 Concilio
428 2074 757 2156 Constantinopolitano
777 2075 858 2153 (anni
877 2077 950 2156 38l)
965 2077 1008 2140 sie
1021 2085 1110 2141 statu·

144 2173 208 2228 tum
226 2165 374 2246 reperitur
390 2183 398 2224 ε
418 2185 434 2222 «
453 2163 628 2226 Secundum
642 2163 778 2244 regulas,
794 2165 971 2227 constitutus
987 2168 1114 2229 Alexan-

144 2277 159 2313 »
183 2253 256 2316 driae
266 2251 389 2334 quidem
403 2252 587 2333 Episcopus,
599 2269 634 2312 ea
648 2269 716 2332 quae
730 2251 844 2312 suntin
859 2255 989 2334 AEgypto
999 2259 1115 2318 tantum

144 2365 159 2401 n
184 2342 333 2424 gubernet
344 2361 351 2402 :
362 2341 491 2404 Orientis
500 2347 600 2403 autem
614 2341 754 2422 Episcopi
768 2341 861 2402 solius
874 2342 1002 2404 Orientis
1010 2363 1114 2407 curam

144 2455 159 2491 »
184 2437 325 2514 gerant...
342 2430 446 2494 Sedet
468 2429 583 2492 Asiame
598 2429 734 2491 dioecesis
752 2430 891 2512 Episcopi
913 2448 949 2492 ea
963 2451 1031 2512 quae
1046 2442 1114 2496 sunt

144 2545 159 2580 n
184 2522 214 2583 in
237 2520 307 2582 Asia
333 2529 363 2582 et
392 2538 461 2602 quae
485 2519 523 2580 ad
551 2519 691 2580 Asianam
718 2518 928 2582 tantummodo
950 2520 1115 2586 Ecclesiam

144 2633 159 2668 a
183 2611 353 2691 pertinent,
369 2608 559 2691 gubernent,
575 2615 632 2670 ete.
648 2631 664 2668 a
698 2599 704 2610 '

184 2698 347 2780 Videapud
362 2699 397 2759 D.
415 2698 511 2759 Bouix
526 2696 591 2775 (iu,
604 2716 634 2778 p.
652 2699 725 2773 438,
741 2707 812 2777 erc.)
825 2697 979 2778 quomodo
993 2717 1114 2784 respen-

145 2789 249 2850 deatur
264 2787 356 2849 textui
377 2788 408 2849 S.
431 2786 596 2868 Cypriani:
616 2807 631 2844 a
652 2785 821 2866 Episcopats
837 2805 918 2850 unus
938 2793 1003 2866 est,
1028 2792 1115 2872 euJus

146 2900 160 2936 a
183 2877 342 2956 osinpulps
357 2877 389 2935 in
409 2875 534 2936 solidum
558 2893 626 2956 pars
640 2880 786 2936 teneatur.
802 2895 817 2932 u
914 2881 919 2890 ‘

185 2969 254 3028 866.
277 2963 446 3026 Dicendum
468 2967 500 3026 3⁰
518 2963 681 3044 Episcopos
700 2980 765 3024 esse
787 2981 974 3029 successores
988 2967 1114 3048 Aposto-

146 3054 244 3117 lorum
257 3052 357 3135 quoad
371 3059 547 3136 potestatem
561 3051 686 3112 ordinis.
711 3053 756 3114 De
768 3049 827 3114 hoc
846 3053 927 3116 nulla
941 3059 987 3118 est
999 3065 1115 3122 matro-

147 3162 251 3206 versia.

184 3236 253 3296 aot.
277 3230 445 3293 Dicendum
465 3227 588 3291 tandem
610 3233 642 3289 4⁰
663 3229 828 3310 Episcopos
845 3247 910 3293 esse
929 3251 1115 3300 successores

148 3321 374 3404 Apostolorum,
387 3337 448 3380 non
463 3317 561 3398 quoad
571 3317 780 3399 equalitatem,
793 3317 844 3382 sed
858 3319 1002 3384 duntaxat
1015 3327 1114 3404 quoad

146 3410 371 3474 similitudinem
386 3407 598 3488 jurisdictionis
616 3426 623 3467 ι
640 3407 670 3468 in
684 3406 742 3470 hec
755 3409 836 3470 enim
849 3409 1015 3488 jurisdictio
1030 3414 1113 3494 Epis-

147 3517 292 3582 coporum
307 3497 413 3560 similis
426 3503 471 3558 est
481 3495 677 3575 jurisdictioni
701 3498 928 3578 Apostolorum,
944 3500 1023 3580 qudd
1039 3503 1114 3564 sicut

151 3589 281 3670 Apostoli
296 3595 362 3670 post
375 3591 497 3650 Petrum
511 3594 594 3648 erant
609 3585 715 3668 primi,
735 3587 774 3647 ita
789 3588 926 3669 Episcopi
951 3588 981 3648 in
1003 3588 1113 3652 diaece-

149 3677 230 3740 sibus
244 3677 301 3740 sibi
314 3675 482 3740 commissis
502 3681 572 3740 sunt
595 3675 764 3759 superiores
778 3676 977 3759 presbyteris,
993 3677 1097 3762 reliqui
