2574 3994
196 211 251 275 tit
410 220 547 269 numam
567 217 669 263 rorros
688 213 770 262 runis
791 211 938 260 cruomcr.

232 326 301 384 337.
324 319 489 399 Eriguntur
501 314 657 400 paroeciae:
672 316 701 374 t⁰
712 330 766 392 per
775 309 852 372 riam
865 309 1031 372 creationis
1044 308 1171 391 quando

194 431 254 478 non
270 429 305 473 ex
319 407 472 490 portione,
486 405 532 468 vei
546 401 735 485 portionibus
746 398 958 481 parochiarum
966 397 1029 477 jam
1039 398 1171 460 existen·

194 503 268 563 tium
284 497 497 570 efformantur,
524 493 577 556 sed
598 511 634 554 cx
658 488 838 572 popularet
861 487 1010 548 territorio
1029 486 1170 549 nondum

196 590 246 652 ulli
267 585 416 670 parochiae
439 583 602 665 adscripto,
626 579 704 642 sicut
722 577 870 657 contingit
889 576 920 637 in
943 575 1077 657 partibus
1098 575 1171 657 infi-

193 679 303 740 delium
318 681 370 738 aut
382 673 461 736 sicut
476 672 574 734 evenit
585 671 617 731 in
630 669 735 740 Gallia,
749 666 849 729 statim
864 671 932 746 post
947 665 1171 727 concordatum

194 767 264 829 anni
282 767 376 840 taor,
400 761 568 844 suppressis
592 777 645 842 per
669 757 787 819 Butlam
813 753 870 830 Oai
894 753 1010 816 Christi
1022 800 1029 824 ,
1051 759 1104 815 aut
1117 771 1173 834 per

196 857 269 922 alios
286 851 372 914 Card.
394 851 496 932 Legati
515 855 600 912 actus
622 847 842 928 subsequentes
864 843 1007 908 omnibus
1020 841 1173 904 veteribus

216 961 348 1018 aroecns3

189 964 215 1044 Ῥ
235 1037 266 1094 2⁰
288 1033 345 1091 Per
358 1029 437 1091 viam
452 1025 727 1090 Dismemhrotioois
741 1023 863 1106 quando
877 1042 914 1086 ex
937 1024 1001 1085 unt
1019 1021 1066 1084 vel
1081 1021 1174 1104 piuri-

197 1121 254 1182 bus
269 1117 419 1201 parochiis
430 1119 494 1198 jam
507 1114 715 1192 existentibus,
732 1113 840 1196 aliqua
854 1117 954 1194 partos
966 1109 1174 1173 distrahuntur

198 1217 232 1270 ut
247 1207 445 1270 ett'ormentur
459 1223 545 1268 noue
560 1203 729 1287 parocbiae3

237 1300 269 1359 3⁰
291 1299 347 1358 Per
361 1295 440 1357 viam
461 1294 584 1357 tandem
613 1292 736 1356 Ueiouis
754 1288 877 1373 quando
892 1289 993 1371 piures
1007 1287 1171 1371 parochiae,

200 1385 243 1448 vet
259 1385 344 1467 plura
359 1383 506 1446 beneficia
517 1382 555 1444 ad
568 1399 663 1445 unam
673 1379 847 1463 parochiam
864 1379 1054 1460 aliquatenus
1065 1395 1174 1438 novam

200 1475 398 1536 reducuntur.
415 1475 458 1535 De
482 1471 607 1553 singulis
625 1468 802 1550 hujusmodi
822 1467 1033 1552 parochiarum
1047 1466 1174 1530 erectio-

202 1563 291 1627 nibus
302 1569 348 1625 est
359 1561 410 1625 hic
423 1561 550 1624 seorsim
560 1558 782 1624 disserendum.

677 1735 689 1793 1

317 1875 353 1918 btt
370 1873 524 1917 EREGTIONE
534 1872 727 1916 esaocnmuuu
737 1873 789 1915 PER
804 1871 869 1922 VlAM
884 1868 1056 1914 carantomo.

242 2009 310 2068 338.
323 2004 400 2066 Nihil
410 2003 538 2086 speciale
550 2003 714 2065 dicandum
729 2007 774 2064 est
787 2001 824 2064 de
838 2000 897 2064 boc
910 1999 1001 2061 modo
1017 1997 1175 2079 parochias

206 2093 360 2175 erigendi,
386 2093 442 2154 nisi
463 2092 565 2175 quod,
589 2093 658 2172 juro
682 2089 857 2166 communi,
881 2086 989 2150 debeat
1009 2088 1176 2168 Episcopus

206 2182 376 2264 providere,
394 2182 424 2243 in
441 2183 590 2263 quantinn
606 2179 670 2242 ficri
688 2186 800 2262 potest,
820 2176 859 2240 de
879 2175 1038 2240 sufficienti
1056 2174 1176 2258 parochi

206 2271 496 2334 sustentatione:du0
508 2277 610 2332 tamen
624 2276 696 2331 sunt
708 2269 758 2331 hic
772 2265 978 2349 expendenda.

245 2364 314 2424 339.
338 2359 460 2433 Quaerit.
479 2364 509 2422 1⁰
534 2357 692 2432 Quomodo
712 2358 742 2420 in
762 2356 856 2420 Gallia
877 2355 1026 2438 parocbia
1048 2353 1108 2418 sint
1120 2354 1177 2418 eri·

207 2449 340 2531 gendo?

247 2542 336 2620 Resp.
352 2539 398 2598 Ex
412 2535 571 2598 articu109
586 2533 764 2598 Concordati
780 2537 873 2612 tant,
890 2551 975 2597 suam
989 2539 1105 2615 partem
1122 2533 1180 2595 Gu-

208 2625 347 2688 bernium
363 2625 472 2687 babere
486 2623 576 2686 dcbct
589 2623 619 2684 in
632 2624 784 2685 erectione
798 2641 942 2686 novarum
953 2622 1177 2704 parochiarum3

208 2713 257 2775 bie
272 2721 316 2775 est
334 2713 415 2776 onim
436 2719 524 2775 tenor
544 2711 671 2792 hujusce
688 2711 855 2776 articulitt:
876 2733 892 2771 o
912 2699 1058 2794 Episcopi
1073 2712 1104 2773 in
1127 2713 1179 2774 sut

209 2823 224 2860 o
249 2801 378 2882 quisque
392 2801 533 2878 diocesi,
559 2819 650 2864 novas
669 2801 813 2882 paroecias
827 2799 1075 2863 circumscribent
1090 2819 1097 2862 :
1113 2818 1180 2881 qua

209 2912 224 2948 o
249 2889 489 2971 circumscriptio
509 2908 601 2953 suum
621 2907 683 2952 non
702 2889 843 2952 sortietur
862 2889 1017 2966 effectum,
1033 2889 1090 2952 nisi
1105 2896 1181 2972 post·

210 2999 225 3037 n
250 2997 343 3058 quam
358 2977 499 3040 Gubornii
520 2997 686 3042 consensus
700 2979 868 3042 accesserit.
884 3001 900 3039 r

249 3069 284 3127 ln
299 3067 392 3128 Gaiiir't
410 3067 559 3148 parochiae
578 3067 806 3150 distinguuntur
824 3067 855 3129 in
876 3077 994 3130 curatos
1007 3067 1115 3148 (cures)
1129 3087 1179 3130 sou

211 3155 331 3237 proprio
342 3155 447 3229 (licias,
463 3175 594 3238 quarum
607 3157 742 3220 titularcs
757 3155 964 3220 inamovibiles
974 3165 1063 3234 sunt;
1079 3163 1180 3220 etrur-

211 3243 337 3305 rursotrs
346 3263 414 3325 quae
429 3247 446 3306 a
459 3246 579 3326 proprie
593 3245 680 3309 dictis
695 3246 725 3308 in
739 3245 798 3307 boo
811 3247 930 3309 tantbm
944 3245 1044 3328 quoad
1058 3251 1182 3328 potcsta-

122 3417 125 3422 μ
214 3339 272 3394 tom
288 3333 473 3414 spiritualem
486 3332 644 3412 differunt,
661 3334 743 3417 quod
763 3335 896 3416 ipsarum
914 3335 1048 3398 titulares
1071 3337 1182 3417 possint

213 3421 362 3498 retorsum
381 3429 453 3484 suot
472 3423 595 3505 insuper
614 3423 755 3506 cappella
773 3441 902 3505 quarum
925 3424 1028 3488 multa
1041 3433 1181 3487 vocantur

214 3509 383 3586 virorioles,
400 3511 470 3573 licet
483 3511 601 3574 illarum
619 3512 753 3574 titulares
768 3513 799 3574 in
814 3513 917 3575 multis
934 3515 1040 3576 saitem
1053 3511 1182 3576 dioecosi·

214 3597 270 3658 bus
293 3597 461 3662 habeantur
484 3605 518 3661 ut
536 3601 596 3661 veri
615 3601 752 3681 parochi,
773 3607 803 3663 et
823 3619 929 3664 ornnes
955 3601 1060 3665 saitem
1082 3619 1180 3666 essen·
