2578 4008
14 221 33 256 ν’
61 203 63 210 '
191 213 251 270 344
410 225 546 272 nisurus
566 225 668 271 rorrus
687 225 769 271 sonis
789 221 937 270 cruorum.

6 301 25 426 κ’
52 299 56 310 ’
78 335 79 338 ’
191 329 220 382 et
234 327 334 402 postca
348 321 450 384 addit:
471 325 560 384 «Nec
573 320 732 383 verisimile
748 319 780 382 lit
798 326 843 388 ut.
861 337 927 382 rem
945 323 1009 381 lam
1023 336 1159 382 necessa-

191 431 204 470 n
230 411 304 472 riom
319 410 357 472 cd
372 411 511 474 Ecclesiae
523 411 667 473 unitatem
679 407 1163 483 continendam,Christusllomi·

157 541 161 556 .
190 520 204 559 n
229 517 286 561 nus
314 501 463 582 Apostolis
484 500 548 564 suis
569 517 632 563 non
645 497 825 576 reveltrits;
843 495 926 580 qudd
944 495 1051 579 probat
1072 499 1161 560 variis

189 587 276 649 analo
299 587 344 650 is.

228 695 260 752 2⁰
278 607 342 754 {tsi
356 710 392 754 ex
411 693 475 756 solo
489 711 546 756 suo
566 692 689 756 arbitrio
702 693 808 755 Petrus
820 693 925 754 llomae
936 689 1060 766 sederit,
1074 693 1104 751 el
1118 688 1158 752 ibi

189 788 393 843 commoratus
407 781 495 844 luerit
508 801 604 864 usque
615 781 653 844 ad
663 787 807 856 mortem,
818 780 921 862 sicque
936 779 1029 860 ipsius
1038 781 1159 841 Succos

34 901 81 932 ι,
188 886 238 930 sor
249 869 424 932 inllomand
434 871 510 933 Sede
521 871 682 956 primatum
693 870 723 931 in
734 875 826 931 totam
836 867 1158 946 uccloiamhanuerit

189 975 249 1018 non
271 958 339 1020 ideo
360 960 532 1040 negandum
558 958 598 1021 de
620 959 680 1020 tide
704 977 770 1020 esse
792 960 963 1020 Romanum
982 954 1158 1019 Pontificem

186 1045 298 1108 habere
322 1047 479 1128 praefutum
503 1048 691 1126 Primatum3
716 1065 807 1126 nom,
832 1047 930 1129 inquit
957 1045 1156 1120 irremotam,

187 1134 344 1198 sciendum
358 1159 375 1196 s
388 1140 453 1200 Non
468 1137 541 1202 illud
557 1137 647 1198 modo
661 1135 698 1199 od
712 1136 880 1200 doctrinam
899 1134 1073 1197 catholicam
1088 1153 1158 1216 per·

186 1245 202 1283 i>
226 1223 321 1286 tinere
336 1274 343 1297 ,
360 1225 442 1307 quud
461 1227 609 1310 Apostolis
627 1227 766 1309 expresse
787 1225 951 1288 revelatum
969 1229 1036 1294 est:
1051 1225 1155 1287 verium

186 1335 201 1370 o
228 1312 285 1374 hoc
299 1314 386 1376 etism
404 1315 485 1397 quod
501 1316 593 1379 ellerd
607 1334 644 1378 ex
658 1315 862 1397 propositione
884 1313 1010 1376 revelato
1023 1323 1052 1374 et
1066 1313 1157 1376 altero

186 1424 201 1460 u
225 1407 305 1465 certi
320 1404 349 1465 in
365 1405 479 1470 lumine
493 1405 637 1481 naturali,
652 1403 825 1486 syllogismo
846 1403 1082 1483 collectioncque
1099 1403 1158 1465 ovi-

186 1513 200 1548 »
226 1491 306 1554 denti
319 1493 476 1571 coniicitur
489 1517 504 1554 n
516 1495 598 1576 quod
612 1493 749 1575 pluribus
763 1493 888 1575 explicat
899 1541 906 1564 ,
918 1499 948 1554 et
960 1492 1017 1554 hoc
1031 1510 1155 1573 praeser-

186 1582 238 1640 tim
254 1581 344 1644 modo
358 1583 410 1666 qui
425 1584 520 1664 nrugis
534 1583 690 1664 questioni
706 1583 843 1664 praesenti
853 1599 1020 1662 congruere
1028 1581 1154 1662 videtur,

185 1668 337 1731 videlicet:
358 1672 552 1734 «Concilium
567 1673 723 1733 Nicaenum
736 1719 744 1750 ,
759 1673 791 1739 in
806 1670 865 1733 irdc
880 1691 941 1733 non
956 1689 1084 1743 errasse,
1104 1677 1156 1734 aut

185 1780 199 1813 »
224 1758 465 1821 Clralcedoncnsc
479 1767 529 1822 aut
545 1759 744 1841 Ephesinum‚
760 1777 816 1822 nec
830 1761 861 1822 in
876 1762 968 1822 sacris
982 1760 1083 1837 libris,
1099 1780 1156 1824 nec

184 1869 198 1903 o
224 1846 254 1907 in
287 1847 497 1928 Apostolorum
524 1849 734 1912 traditionibus
757 1849 938 1931 explicatum
959 1855 1024 1922 cst3
1048 1848 1101 1910 sed
1125 1851 1154 1912 id

184 1958 197 1992 l
224 1935 339 2010 solum,
362 1937 493 2000 Concilio
515 1939 546 2000 in
567 1937 679 2020 Spiritu
694 1941 803 2002 Sancto
828 1939 959 2020 legitime
973 1945 1153 2020 congregate

183 2047 198 2082 l>
222 2043 322 2088 errare
336 2045 397 2088 non
407 2045 510 2108 possm
523 2033 553 2088 nt
561 2027 642 2108 qudd
657 2029 822 2090 Concilium
839 2029 1012 2103 Nicaenum,
1029 2028 1154 2090 Choloe-

183 2137 197 2170 »
221 2113 371 2186 nonense,
388 2116 587 2198 Ephesinum‚
603 2115 735 2198 legitime
749 2117 988 2194 luerintcoccta‚
1003 2136 1039 2178 ex
1053 2115 1153 2180 divino

7 2193 69 2278 ζ..-
80 2179 94 2210 '‘
112 2219 116 2230 ·
176 2211 196 2262 'o
222 2205 400 2267 revelatione
415 2224 475 2267 non
489 2206 630 2278 creditur,
641 2207 772 2269 creditur
783 2215 881 2268 tamen
897 2227 932 2270 ex
946 2207 1079 2269 humant
1093 2206 1152 2270 irde

181 2316 196 2350 »
221 2300 250 2354 et
259 2294 416 2358 traditione
433 2294 563 2358 historiae
578 2294 637 2357 lide
651 2294 801 2377 dignae...
818 2299 979 2374 (Attamen)
994 2296 1152 2360 haerelicus

181 2405 195 2440 u
220 2383 276 2444 erit
290 2385 340 2464 qui
357 2385 475 2464 negorit
487 2401 592 2448 carum
607 2385 792 2466 spnodorum
807 2386 881 2448 scite
894 2405 929 2448 cc
942 2386 1076 2463 decreta,
1089 2405 1150 2449 non

180 2494 195 2529 »
220 2471 305 2534 aliter
318 2491 354 2535 ec
367 2473 392 2536 si
405 2480 527 2554 negaret
540 2473 785 2556 Evangelium....
803 2475 848 2538 nd
862 2476 1002 2538 eumdem
1017 2477 1151 2557 prolecto

181 2583 195 2616 ¹>
221 2561 363 2640 modum,
379 2562 432 2644 qui
455 2565 605 2642 negaverit
628 2567 800 2627 Romanum
819 2564 998 2627 Pontificem
1011 2565 1151 2628 eanrdem

181 2672 194 2706 l
220 2649 329 2712 habere
345 2657 520 2732 potestatem
534 2669 626 2732 quom
650 2655 755 2715 Petrus
769 2671 785 2714 a
800 2653 915 2715 Christo
934 2655 1063 2734 accepit,
1080 2653 1150 2718 ndei

179 2759 194 2796 c
220 2738 407 2802 adversarius
419 2740 679 2803 censendusest.n
696 2741 890 2804 lthelchior
904 2744 984 2805 Cano
996 2742 1102 2823 (ibid).

218 2839 418 2903 Nihilominus
432 2842 469 2903 de
481 2841 538 2905 htc
552 2844 698 2905 sententio
707 2845 788 2905 Cano
801 2839 844 2906 sic
854 2843 944 2906 habet
958 2844 1080 2908 Billusrt
1094 2845 1150 2924 (Dc

179 2927 262 3002 Fide,
271 2928 332 2990 diss
350 2932 1144 3015 l,art.l‚supponot⁰):oltocsoltonestprobobilius.»

180 3052 214 3064 -
228 3019 336 3080 Suarez
348 3019 418 3080 verd
428 3019 483 3097 (De
495 3019 583 3095 Fide,
593 3021 665 3084 diss.
678 3026 728 3098 10,
740 3031 812 3084 sect.
824 3025 842 3084 3
853 3041 897 3099 ‚v.
908 3025 954 3102 9l²
975 3045 990 3082 c
1004 3023 1094 3086 Nihil
1105 3033 1148 3085 est

177 3127 193 3165 n
216 3105 664 3187 defidecertcm.nDll.cutem
674 3111 870 3192 couvierlne
879 3111 1145 3194 Ecclesid‚par·s3,

179 3287 190 3316 s
207 3266 352 3333 Apostolice
364 3265 435 3319 Sedis
447 3283 536 3320 arcens
551 3268 694 3332 consulitis,
707 3271 815 3337 antique
831 3271 922 3338 regule
940 3270 1043 3321 lormam
1053 3279 1143 3336 seculi,

179 3358 189 3386 ι
206 3353 280 3405 quam
293 3345 345 3389 toto
356 3353 453 3404 semper
466 3339 497 3390 ab
506 3339 581 3400 orbo,
595 3339 673 3390 nostis
684 3349 883 3402 esseserrstsm,
897 3341 1030 3407 prasertim
1048 3349 1146 3408 quoties

179 3429 189 3457 i
206 3411 267 3460 ratic
280 3409 336 3460 lidci
349 3411 489 3460 ventilatur.
505 3429 516 3458 ι

114 3543 118 3550 ,
207 3480 335 3532 Secundus
351 3488 433 3530 sutem
452 3480 478 3530 in
497 3479 591 3532 Concil.
612 3479 723 3533 Romano
743 3481 779 3533 sic
795 3481 890 3535 habet:
906 3501 916 3530 ι
931 3483 1020 3535 Sancta
1033 3483 1144 3536 Romans

178 3572 188 3598 ι
206 3552 322 3612 Ecclesia,
336 3551 411 3601 nullis
423 3551 546 3616 synodicis
561 3551 701 3602 constitutis
710 3553 928 3606 ceterisllcclesiis
939 3554 1037 3620 prolata
1046 3561 1091 3616 est,
1100 3555 1144 3607 sed

179 3643 188 3667 a
207 3623 343 3684 cocnpelicd
354 3635 411 3672 occe
423 3621 521 3671 Domini
532 3627 556 3670 et
568 3619 704 3673 Salvatoris
716 3624 794 3674 nostri
808 3625 940 3675 Primatum
953 3624 1067 3676 obtinuit.
1084 3643 1094 3672 ι
