2496 3992
442 199 526 246 asena
547 198 668 248 aarum.
979 180 1037 246 679

85 317 177 380 ahquid
191 331 388 380 unumquemque
402 317 515 372 cessisse.
528 320 553 366 et
563 317 688 367 voluntate
700 318 811 382 singulos
827 317 852 367 in
865 317 920 382 ejus
935 332 960 368 se
977 331 1022 367 con

86 390 175 440 tulisse
185 394 338 452 potestatem,
357 392 386 438 ad
402 401 476 450 quem
490 403 587 438 summe
602 389 700 438 illorum
714 390 803 452 jurium
819 390 978 453 pervenisset.
990 391 1035 439 Sed

87 475 191 525 magnus
202 467 314 512 esterrnr
326 476 375 510 non
385 461 476 517 ridere,
492 460 516 508 id
529 462 593 522 quod
606 461 763 510 mnnitestum
777 465 825 518 est,
846 462 968 520 homines,
980 475 1036 512 cum

86 549 135 582 non
148 534 196 582 sint
207 533 344 595 solivagum
370 547 457 597 genus,
469 532 531 581 citra
545 533 645 582 liberam
659 533 768 595 ipsorum
783 533 933 582 voluntatem
945 535 975 582 ad
991 547 1037 583 nn-

85 606 191 656 turalcm
206 605 407 656 communitatem
430 619 486 654 esse
501 608 574 652 natos
592 617 641 652 :ac
655 610 884 666 preterenpactum,
896 605 962 668 quod
973 619 1037 668 pre·

86 678 177 734 dicant,
199 681 239 726 est
252 681 333 738 aperte
347 675 540 726 commentitium
553 681 578 726 et
593 677 683 735 lictum,
706 691 785 739 neque
802 678 833 725 ad
847 677 1037 738 impertiendum

85 750 151 798 velet
160 749 264 812 politice
278 749 395 811 potestati
407 753 497 796 tuntum
511 747 606 806 virium,
623 747 758 812 dignitatis.
776 747 941 806 llrmitudinis,
959 763 1037 812 quen·

87 825 136 870 tum
154 821 231 870 tutela
249 820 391 884 reipublicae
407 831 430 868 ct
445 833 587 868 communes
600 819 688 868 civium
709 819 830 868 utilitates
850 821 984 882 requirunt.
1004 823 1038 871 Ee

87 897 169 942 autem
188 894 275 942 decora
291 896 316 940 et
329 890 445 954 praesidia
457 891 570 940 universa
594 895 653 940 tunc
665 890 744 939 solum
759 895 796 940 est
807 892 934 942 habiturus
948 893 1037 956 princi·

87 973 167 1028 patus,
179 964 200 1012 si
213 977 227 1012 a
242 965 290 1012 tien
304 967 408 1025 augusto
422 963 625 1024 sanctissimoque
640 961 705 1012 tonte
716 977 815 1012 manare
829 963 991 1029 intelligatur.

118 1036 170 1094 Qun
183 1035 305 1084 sententia
321 1048 370 1083 non
383 1034 453 1084 modo
468 1033 555 1092 verior,
567 1037 652 1083 sedne
666 1035 749 1084 utilior
761 1036 860 1098 quidem
876 1038 978 1099 reperiri
991 1037 1038 1088 nlla

87 1111 174 1170 potest.
192 1105 286 1155 Etenim
301 1108 546 1166 potestasrectorum
558 1105 674 1162 ciuitatis,
688 1107 708 1154 si
719 1109 831 1168 quaedam
844 1111 879 1156 est
894 1107 982 1158 dirime
998 1125 1037 1172 po·

88 1179 182 1231 testatis
193 1177 389 1230 communicatio.
405 1177 435 1224 ob
447 1178 510 1225 hanc
519 1177 595 1238 ipsam
607 1191 706 1226 causam
721 1179 836 1226 continuo
850 1180 1039 1242 adipisciturdi·

88 1252 203 1314 gnitatem
215 1249 443 1310 hunranamajorem
458 1262 463 1296 :
477 1263 525 1296 non
535 1249 601 1296 illam
613 1249 713 1310 quidem
722 1249 1037 1312 impiametpcrahsurdam,

89 1321 278 1382 imperatoribus
292 1321 397 1370 ethnicis
414 1319 510 1368 divinos
524 1320 630 1368 honores
645 1319 815 1370 affectantibus
827 1321 955 1382 aliquando
965 1337 1039 1386 expe-

88 1393 167 1446 titam,
183 1394 226 1440 sed
241 1405 324 1442 reram
340 1397 363 1442 et
377 1391 489 1448 solidam,
505 1406 609 1453 eamque
623 1393 687 1440 donn
703 1393 809 1455 quodam
826 1401 949 1457 acceptam
964 1397 1039 1444 hene-

88 1463 195 1524 ilcioque
207 1463 299 1511 divino.
325 1464 417 1524 Exque
433 1463 536 1511 subesse
546 1462 611 1512 cives
627 1469 650 1511 et
665 1465 730 1512 dicte
743 1465 870 1512 arrdientes
884 1479 937 1514 esse
948 1466 1040 1528 princi-

89 1536 172 1597 pibus,
189 1535 227 1582 uti
241 1535 298 1594 heo,
322 1535 443 1598 oportebit
464 1549 513 1582 non
527 1539 574 1584 tam
588 1549 716 1597 poenarum
731 1535 871 1596 tormidine,
887 1549 960 1598 quam
973 1553 1039 1586 vere·

88 1608 181 1656 cundia
192 1607 336 1668 mejestatis,
352 1621 430 1669 neque
449 1607 626 1656 assentationis
638 1621 720 1664 causa,
732 1609 774 1656 scd
789 1607 938 1658 conscientia
954 1609 1039 1660 olhcii.

89 1679 141 1736 Qun
158 1693 183 1728 re
206 1679 280 1727 stabit
293 1677 319 1726 in
329 1692 373 1726 suo
387 1680 465 1741 gradu
479 1679 551 1742 longe
562 1677 656 1726 llrmius
670 1679 813 1728 collocatum
828 1678 968 1741 imperium.
988 1683 1040 1730 Ete-

90 1752 139 1800 nim
154 1751 225 1799 istius
242 1749 288 1798 rim
304 1749 380 1799 olticii
401 1751 538 1800 sentientes
555 1751 627 1810 cives,
644 1750 739 1814 lupiani
754 1763 853 1800 neeesse
867 1755 904 1800 est
921 1751 1041 1814 improbi-

91 1828 165 1872 tatem
192 1827 215 1871 et
229 1821 417 1882 contumaciam,
433 1823 490 1885 quia
505 1822 553 1870 sihi
563 1836 706 1884 persuasum
722 1823 867 1878 essedebet,
882 1825 924 1884 qui
937 1825 1041 1888 politicas

91 1894 204 1957 potestati
212 1895 341 1954 resistunt,
351 1895 395 1942 hos
406 1894 496 1943 divinae
509 1894 629 1943 voluntati
640 1893 754 1944 resistere
765 1909 772 1952 ;
785 1893 827 1956 qui
840 1895 955 1945 honorem
970 1911 1040 1946 recu-

91 1971 147 2015 sant
156 1965 312 2030 principibus,
329 1965 377 2027 ipsi
391 1966 439 2014 [leo
454 1979 576 2014 recusare.

121 2038 156 2087 td
171 2038 235 2086 hanc
247 2036 400 2097 disciplinam
409 2037 498 2084 Paulus
509 2037 639 2098 Apostolus
652 2038 773 2085 Romanos
784 2039 926 2086 nominatim
937 2041 1040 2093 erudiit:

90 2111 120 2158 ad
143 2122 202 2172 quos
217 2107 247 2155 dc
261 2106 401 2154 adhihenda
425 2106 526 2154 summis
543 2105 695 2168 principibus
708 2109 845 2157 reverentia
860 2110 959 2172 scripsit
975 2115 1042 2160 tanta

91 2195 144 2230 cum
159 2179 304 2228 auctoritate
327 2181 352 2226 et
365 2177 480 2240 pondere,
495 2181 522 2226 ut
536 2177 597 2226 nihil
607 2177 705 2240 gravius
717 2180 818 2242 practpt
833 2195 904 2243 posse
915 2182 1039 2236 rideatur.

94 2252 180 2302 Omnis
204 2251 289 2300 aalma
301 2248 465 2312 potestatibus
483 2249 671 2299 sullimioribus
680 2249 782 2300 subdito
795 2253 828 2300 stt
841 2267 846 2300 ι
863 2265 912 2301 non
927 2259 963 2303 eet
973 2259 1041 2304 entre

91 2324 199 2388 potestur
214 2321 264 2370 nisi
278 2334 293 2368 a
305 2319 371 2369 Deo:
387 2323 537 2382 poenatem
549 2325 617 2378 erent,
635 2321 712 2371 cDeo
727 2321 854 2372 ordinatae
868 2327 937 2374 sunt.
955 2324 1042 2388 ltaque

92 2395 133 2458 qut
146 2395 241 2442 resistit
249 2395 380 2456 potestati,
395 2391 442 2441 Det
453 2391 616 2442 ordinationi
629 2393 734 2442 resistit.
750 2390 796 2454 Qut
813 2396 896 2444 cutem
910 2397 1042 2459 resistunt,

93 2467 142 2529 ipat
156 2465 203 2514 etot
218 2463 409 2514 donrncttonem
430 2464 597 2526 acquirunt...
616 2462 672 2512 idco
689 2465 839 2514 necessitate
851 2465 946 2515 subditi
964 2470 1042 2518 estote

94 2551 145 2586 non
160 2537 240 2587 sotum
253 2540 354 2598 prepter
369 2535 443 2595 irem,
457 2533 502 2584 reti
516 2536 597 2584 etiam
612 2537 798 2586 conscientiam
808 2538 827 2584 ¹.
844 2538 873 2586 Et
885 2539 1042 2590 consentiens

94 2613 131 2658 est
142 2607 259 2671 Principis
270 2606 440 2669 apostotorum
456 2605 519 2654 Petri
530 2605 556 2654 in
567 2607 653 2656 eodem
667 2621 758 2670 genere
770 2609 891 2669 preclare
903 2609 1038 2660 sententia:

94 2680 204 2744 Sutrjectt
229 2681 306 2728 estote
327 2678 399 2728 orent
422 2678 674 2727 tumanaecrentnrre
688 2684 785 2742 propter
803 2679 897 2740 Deum,
911 2682 965 2731 stne
989 2683 1042 2744 rapi

93 2753 165 2817 quart
175 2748 340 2813 precellentt,
355 2750 406 2798 eloe
415 2749 517 2799 ducibus
528 2754 655 2812 tamqnam
665 2763 680 2799 a
692 2749 743 2799 Deo
758 2751 845 2799 missis
860 2751 892 2800 nd
902 2766 917 2799 n
928 2751 1041 2804 ndtctom

95 2823 162 2874 mtrie
172 2823 308 2884 sectoriam,
323 2821 422 2870 laudem
436 2835 496 2872 nero
516 2822 646 2881 benonim,
660 2822 717 2884 qula
735 2823 772 2868 sic
784 2828 821 2870 ert
834 2822 952 2872 volontas
966 2825 1014 2874 Dei
1023 2827 1042 2877 ².

126 2897 177 2944 Una
186 2893 227 2942 illa
243 2891 383 2940 hominibus
395 2906 469 2942 caasa
480 2898 518 2941 est
527 2907 576 2942 uon
586 2893 695 2956 parendi,
709 2893 729 2941 si
744 2893 801 2954 quid
811 2894 842 2942 nh
862 2893 891 2943 iis
904 2897 1042 2958 postuletur

95 2968 159 3030 qrrod
176 2979 231 3015 cum
243 2963 347 3013 naturali
362 2968 404 3012 aut
417 2963 501 3013 dimne
514 2964 571 3025 jure
586 2971 668 3024 aperte
682 2970 818 3027 repugnet:
834 2967 916 3016 omnis
928 2969 1002 3024 enim,
1017 2969 1041 3018 in

95 3041 183 3102 quibus
193 3041 287 3086 nature)
302 3037 342 3084 lex
351 3038 390 3084 vel
405 3035 448 3084 Dei
460 3036 573 3084 voluntas
586 3035 697 3098 violatur,
708 3049 778 3098 aeque
789 3037 857 3086 netas
872 3043 909 3086 est
920 3039 1041 3102 imperare

96 3119 119 3160 et
135 3111 226 3160 lucere.
247 3107 271 3156 Si
285 3107 324 3156 cui
338 3107 413 3172 igitur
424 3121 471 3155 usu
482 3109 571 3166 venial,
588 3112 615 3156 ut
625 3109 771 3156 alterutrum
786 3109 859 3157 malle
872 3116 980 3175 cogntus.
997 3111 1041 3160 sci·

96 3185 153 3232 licet
165 3185 207 3232 aut
223 3179 264 3229 liei
278 3183 320 3228 aut
333 3177 469 3242 principum
487 3179 557 3241 jussa
572 3179 708 3242 negligere,
722 3180 781 3229 Jesu
799 3179 893 3230 Christo
906 3183 1040 3244 'terendum

95 3259 133 3306 est
146 3253 247 3304 reddere
261 3251 357 3313 jubenti
371 3261 428 3314 quse
442 3253 500 3300 eunt
518 3249 739 3312 carnonensi,
755 3263 807 3315 pue
827 3257 888 3302 sunt
901 3253 946 3303 Dei
957 3254 1007 3303 Deo
1017 3255 1040 3316 ³,

120 3437 182 3482 t.Ad
192 3437 309 3488 Romam,
323 3433 372 3489 t,t,
383 3435 404 3481 5.

120 3493 140 3534 Ι.
155 3493 232 3536 lPerr.
245 3499 269 3538 tt.
280 3489 350 3536 teto.

121 3545 141 3588 ³.
152 3546 224 3589 ltatttr.
237 3553 290 3596 un,
301 3543 336 3589 il.
