2578 4008
226 196 285 256 318
450 213 587 259 annuam
607 213 709 259 renus
728 211 809 258 sums
830 210 978 258 cauomcr.

266 307 394 381 Quidam
407 313 507 371 mmen
523 311 601 372 inter
615 313 815 372 protestantes
828 307 940 370 audent
954 325 1064 389 negare
1077 307 1200 373 Petrum

226 397 354 460 Romam
380 397 497 460 venisse
519 398 592 460 :alii
615 398 700 461 illum
723 399 849 460 Romam
872 397 988 460 venisse
1010 398 1198 478 concedunt,

227 485 280 548 sed
292 487 593 570 negantEpiscopum
604 486 696 550 luisse
703 489 890 564 Romanum3
905 485 955 549 alii
966 485 1087 548 landem
1096 487 1202 552 dicunt

227 574 309 656 qubd
325 595 386 638 non
411 577 520 638 rexerit
534 577 643 640 sedem
665 579 834 639 Romanam
856 593 954 660 usque
973 575 1013 639 ad
1026 594 1117 640 suum
1138 579 1202 640 obi-

226 669 302 727 tum.
319 663 395 728 Vide
409 665 545 744 Billuart,
560 673 708 747 utsupra.
1045 665 1049 674 '

269 757 337 818 619.
354 755 475 826 Ouaerit.
492 758 524 816 3⁰
538 757 646 820 Utrum
660 755 763 817 omnia
775 772 844 836 queo
857 752 961 818 fiuntd
974 755 1111 819 Romano
1126 758 1201 820 Pon«

228 842 326 919 tilica,
342 849 486 923 tanquam
500 861 518 905 a
532 843 632 924 Capite
646 841 744 905 dant?

268 930 449 1012 Respondeo
470 932 604 1014 negative
617 950 688 995 cum
702 931 864 995 Benedicto
884 934 951 995 XIV
969 933 1020 1014 qui
1036 931 1150 1012 (Troet.
1166 934 1202 997 de

228 1019 304 1102 Syn.
321 1019 444 1092 dioeees..
461 1020 514 1083 lib.
530 1024 560 1097 2,
575 1039 642 1104 cap.
660 1022 689 1099 l)
712 1023 775 1084 ait:
795 1043 810 1082 ι
829 1024 895 1084 Νοιι
910 1020 980 1084 inde
993 1027 1095 1084 tamen
1118 1023 1203 1105 quod

228 1113 423 1174 »Romanus
447 1109 584 1174 Pontifex
608 1111 730 1173 insitam
750 1110 806 1172 sibi
833 1109 941 1172 babeat
966 1109 1143 1192 dignitatem
1171 1119 1203 1174 at

229 1220 245 1258 r
268 1192 495 1281 praerogativam
518 1199 658 1282 supremi
677 1199 787 1282 Capitis
807 1199 897 1262 lolius
918 1199 1074 1272 Ecclesiae,
1097 1219 1206 1264 conse-

230 1308 245 1346 a
270 1289 373 1369 quitur
386 1287 488 1351 omnia
508 1307 578 1370 quae
591 1288 629 1350 ab
643 1307 679 1352 eo
699 1289 792 1364 liunt,
808 1287 873 1350 lieri
886 1293 1031 1370 tanquam
1045 1288 1084 1350 ab
1101 1290 1205 1353 Eccle

231 1400 245 1437 a
270 1377 321 1440 siae
345 1376 461 1458 Capite,
499 1377 647 1459 siquidem
670 1377 833 1459 aliquando
854 1377 971 1460 operari
989 1384 1123 1458 potest...
1139 1398 1205 1442 non

231 1489 246 1528 r
270 1473 414 1548 tanquam
428 1466 535 1529 Gbristi
548 1466 701 1544 vicarius,
717 1466 770 1530 sed
783 1473 926 1548 tanquam
939 1466 1109 1530 Patriarcba
1119 1469 1206 1532 Occi·

231 1579 246 1616 a
270 1555 389 1632 dentis,
405 1555 456 1617 illa
475 1555 620 1619 duntaxat
634 1557 701 1636 jura
720 1555 906 1632 exercendo,
922 1574 991 1636 quae
1008 1556 1124 1619 caeteris
1144 1560 1205 1622 Pa·

231 1666 246 1704 a
270 1644 408 1706 triarchis
426 1651 621 1724 otrmpelunt3
645 1643 807 1725 aliquando
825 1644 923 1706 solbm
944 1645 1020 1725 gerit
1042 1664 1205 1726 personam

231 1755 246 1792 r
270 1732 316 1794 vel
331 1733 470 1794 Primatis
483 1733 585 1809 ltaliae,
600 1732 646 1794 vel
661 1731 856 1814 Metropolitae
869 1733 1012 1796 Romanae
1026 1735 1203 1815 Provinciam

232 1845 246 1878 u
272 1821 454 1902 quandoque
468 1839 500 1883 se
509 1823 625 1883 lantbm
640 1821 759 1884 exhibet
769 1821 952 1904 Episcopum
966 1821 1049 1884 urbis
1058 1824 1204 1890 Romae...

232 1933 247 1968 r
275 1909 443 1990 Aliquando
471 1909 595 1972 dembm
621 1928 707 1973 suam
727 1927 900 1992 supremam
922 1911 1050 1993 explicat
1066 1913 1206 1995 Dignita-

233 2021 247 2058 ι
272 2005 371 2060 tem...
387 2004 420 2062 ut
431 1997 539 2062 ¹Christi
550 1999 581 2060 in
595 1999 682 2061 terris
695 1998 842 2062 Vicarius.
857 2021 873 2060 a

272 2089 364 2150 Porro
390 2087 612 2169 «Episcopalis
643 2087 805 2151 tartaron
837 2089 913 2152 ultra
935 2090 1133 2152 centesimum
1166 2093 1205 2157 ab

233 2178 312 2242 Urbe
333 2175 464 2258 lapidem
484 2177 516 2238 in
536 2177 652 2240 ambitu
671 2183 807 2260 porrecta
830 2185 875 2241 est
903 2199 910 2239 :
934 2177 1205 2262 archiepiscopalis

232 2265 453 2330 suburbicarias
466 2265 572 2329 decem
580 2267 748 2349 provincias
757 2267 964 2349 complectitur
975 2288 983 2345 ;
995 2269 1205 2333 Patriarehalis

231 2375 285 2438 per
299 2356 491 2420 Occidentem
503 2355 560 2419 late
569 2356 764 2434 diffunditur3
776 2375 916 2438 suprema
926 2355 1056 2440 denique
1067 2358 1205 2439 Dignitas

231 2445 370 2506 universo
392 2445 558 2508 Christiano
578 2445 643 2508 orbi
663 2445 813 2528 praesidet.
837 2448 910 2508 all.
933 2447 1132 2526 Piacewilcb‚
1157 2449 1205 2512 De

232 2533 372 2595 Primulo
394 2533 532 2596 Romae
552 2535 696 2596 Ecclesiae
721 2533 847 2615 (Curata
869 2535 1005 2618 complet.
1029 2535 1128 2609 theol„
1162 2539 1202 2602 Ι).

159 2677 164 2688 .
232 2621 373 2702 ilignei.
389 2626 420 2700 5,
435 2623 493 2686 eol.
509 2625 588 2704 193).
604 2624 831 2702 —Devoti‚lib.
843 2628 872 2698 l,
886 2625 932 2686 tit.
947 2629 978 2703 3,
993 2625 1010 2706 ἓ
1023 2629 1074 2706 al,
1090 2632 1153 2689 not.
1171 2631 1201 2703 l;

231 2711 391 2775 —Bened
407 2715 485 2791 XIV,
500 2713 551 2776 lib.
566 2717 601 2792 2,
616 2731 682 2796 cap.
699 2717 729 2790 2,
747 2713 791 2774 be
803 2711 879 2796 Syn.
895 2713 1006 2777 dioeces.

270 2803 339 2862 680.
357 2803 479 2874 Quaerit.
494 2809 527 2865 4⁰
534 2805 641 2868 Utrum
653 2801 819 2882 jurisdictio
834 2805 865 2864 S.
881 2803 1073 2867 Pontificisiu
1083 2803 1203 2870 univer·

232 2887 324 2950 salem
340 2891 503 2954 Ecclesiam
517 2893 556 2955 sit
568 2891 698 2954 mediata
710 2891 757 2954 vel
772 2892 967 2956 immediata?

271 2978 361 3060 Resp.
378 2979 524 3060 quosdam
540 2999 599 3044 non
613 2999 774 3062 agnoscere
784 2981 816 3043 in
830 2983 861 3044 S.
875 2979 1018 3045 Pontifice
1034 2981 1090 3046 nisi
1104 2989 1201 3064 poles·

232 3070 322 3128 talem
344 3067 505 3131 mediatam
527 3071 559 3132 in
585 3069 690 3134 lideles
717 3070 782 3133 aliis
805 3071 959 3153 Episcopis
981 3071 1126 3135 subditos.
1155 3075 1198 3136 Ila

232 3155 399 3218 Febronius
413 3157 649 3238 (dntisedronius
661 3159 835 3236 vindicatus,
845 3159 919 3223 diss.
933 3164 1048 3242 hosp.
1062 3166 1093 3238 l,
1109 3170 1143 3222 ιι1
1158 3163 1196 3243 l),

233 3244 360 3306 etmulti
375 3245 529 3308 Gallicani.
543 3247 618 3310 Vide
631 3249 785 3330 Laqueus,
800 3248 840 3311 n¹¹
855 3253 892 3312 65
907 3256 935 3312 el
951 3254 1018 3311 lla.
1034 3252 1084 3314 Sic
1096 3257 1198 3314 autam

233 3333 364 3413 loquitur
376 3334 479 3415 Bailly,
495 3334 592 3397 Trect.
607 3337 641 3398 de
656 3336 832 3401 Paenitentid
846 3341 941 3422 (resp.
956 3338 993 3401 ad
1008 3343 1058 3401 2¹¹²
1073 3339 1196 3418 object,

233 3423 376 3504 proposit.
391 3427 426 3496 Ξ,
441 3430 496 3486 art.
508 3428 539 3501 Ξ,
553 3423 588 3486 cle
597 3435 740 3508 precepto
753 3429 954 3510 confessionis)
971 3447 979 3489 ε
996 3429 1086 3490 eNon
1101 3436 1198 3508 potest

232 3533 248 3571 r
271 3511 422 3574 ordinarie
436 3513 467 3575 S.
484 3513 635 3592 Pontifex,
650 3515 752 3578 inue'tis
766 3516 936 3600 Episcopo,
950 3523 1093 3579 consueta
1109 3518 1197 3600 Epis·

233 3621 248 3659 r
271 3617 418 3680 caporum
439 3617 567 3666 munera
588 3604 620 3664 in
642 3621 748 3668 earum
764 3604 943 3674 dioeeesibus
964 3621 1123 3688 exercere,
1140 3625 1195 3671 nec
