2570 4006
470 199 556 246 ruera
576 199 694 248 antuus.
1010 182 1067 245 dil

52 299 54 304 ’
92 300 319 385 deprecatoriis,
332 297 379 360 vel
388 317 443 380 pro
452 296 600 360 habendis
614 297 751 362 oratoriis
764 298 901 380 privatis,
911 303 963 360 eut
973 297 1072 379 proli·

95 392 196 454 centia
215 388 302 452 iniis
324 385 510 460 celebrandi,
530 385 775 449 communicandi
796 393 825 449 et
841 385 1073 450 sanctissimum

96 482 325 542 Sacramentum
339 475 520 538 asservandi.
534 477 610 536 Item
624 477 641 535 b
656 476 822 538 secretaria
836 475 976 538 Brevium
986 494 1074 557 anpe-

94 569 221 630 diuntur
235 566 378 649 pleraque
391 571 535 646 rescripta
550 565 712 644 gratiarum
723 583 792 645 quae
806 567 824 626 b
837 565 956 627 Datarib
970 564 1043 626 cont
1059 598 1073 611 -

96 663 222 731 runtur;
234 655 353 718 [letaris
362 655 444 715 enirn
459 652 692 735 supplicationes
706 653 840 736 suscipit,
850 671 900 715 eas
910 653 1072 730 examinat,

60 771 63 775 ·
96 741 1072 826 gratiamqueoontert,sedejusexpeditionemadGancellariam,

97 833 144 895 vel
159 831 375 909 secretariam,
399 849 455 912 pro
476 831 579 912 gratiae
594 836 715 907 natura,
731 831 872 908 remittit;
887 849 950 894 uno
963 831 1072 908 verbo,

97 939 205 984 ornnes
225 921 426 1004 provisiones,
450 919 568 1001 gratim,
591 919 810 996 absolutiones,
834 919 1075 1002 dispensationes

97 1013 114 1072 b
136 1013 217 1094 Papa
236 1028 409 1086 concessae,
424 1027 494 1090 quae
513 1007 659 1070 directed
679 1010 768 1072 certis
786 1009 1075 1091 Congregationibus
1168 1047 1175 1056 ·

98 1119 161 1161 non
176 1099 388 1182 expediuntur,
399 1097 522 1179 quando
536 1115 589 1177 per
602 1097 718 1160 Bullam
730 1098 861 1181 expediri
878 1117 939 1160 non
951 1097 1072 1178 debent,

98 1187 300 1269 expediuntur
322 1188 354 1248 in
381 1185 478 1248 torma
506 1185 607 1247 Brevis
629 1204 684 1266 per
708 1187 906 1250 Secretariam
933 1188 1074 1251 Brevium

98 1277 263 1355 (Stremler,
279 1275 378 1354 itta).

140 1366 311 1429 Generatim
331 1366 369 1428 ad
382 1365 535 1428 vitandam
548 1384 673 1429 omnem
686 1365 926 1429 falsificationem
940 1370 993 1428 aut
1006 1384 1075 1448 sup

100 1455 297 1536 positionem,
314 1461 476 1537 antequam
495 1455 670 1538 expediatur
686 1456 777 1517 Breve
792 1455 1021 1536 quodcumque,
1042 1456 1074 1518 in

99 1551 165 1606 acta
177 1543 305 1606 refertur
321 1551 350 1606 et
363 1547 396 1605 in
417 1544 542 1607 archivis
560 1549 695 1606 servatur
706 1543 773 1607 baec
786 1545 885 1626 prima
897 1545 1074 1626 perscriptio

99 1633 265 1710 (Stremler,
281 1631 368 1710 itio,
385 1653 417 1715 p.
434 1635 514 1714 625).

5 1747 6 1750 ¹
141 1723 322 1784 Secretarius
339 1723 477 1785 Brevium
496 1729 542 1788 est.
559 1741 678 1807 semper
691 1724 805 1787 unusb
826 1721 971 1788 membris
990 1723 1072 1787 Sacri

99 1809 223 1891 Collegit
238 1811 403 1890 (Siremler,
419 1811 516 1894 tuido.

569 1999 592 2054 ll

506 2131 664 2178 narrare.

138 2268 209 2328 791.
242 2263 288 2327 lld
310 2261 456 2345 epocham
484 2265 721 2326 reservationum
745 2265 776 2327 in
804 2266 930 2330 materitl
954 2265 1074 2328 beneti-

98 2356 229 2431 ciorum,
245 2352 275 2414 id
289 2359 345 2424 est,
359 2351 397 2414 ad
411 2359 532 2434 tempus
545 2371 607 2434 quo
619 2353 773 2416 dvenione
787 2355 983 2418 morabantur
998 2358 1074 2416 Pon-

95 2445 194 2508 titices
233 2441 390 2505 referenda
407 2441 525 2505 videtur
545 2443 680 2505 Datame
702 2442 848 2507 institutio
868 2464 876 2504 ι
895 2447 967 2506 clun
990 2445 1073 2508 enim

97 2532 332 2615 supplicationes
375 2549 431 2613 pro
474 2531 649 2594 obtentione
686 2531 906 2595 beneficiorum
947 2533 1074 2614 singulis

98 2623 260 2684 momentis
273 2621 411 2702 privatim
425 2620 657 2702 obsignarentur
667 2623 684 2682 t
693 2623 786 2703 Papt,
798 2627 827 2684 et
840 2621 971 2684 multbm
986 2639 1073 2703 expe-

97 2711 174 2772 diret
194 2710 233 2772 ad
249 2709 385 2772 vitandas
407 2709 490 2788 lites,
509 2727 627 2772 servare
647 2709 746 2770 datam
760 2709 934 2789 huiusmodi
947 2727 1072 2774 conces·

97 2799 235 2874 sionum,
268 2797 338 2860 ideb
371 2797 505 2861 otiicium
532 2797 589 2860 tuit
621 2798 792 2860 institutum
825 2799 914 2878 cujus
944 2799 1073 2864 titularis

97 2887 245 2963 llatarius,
254 2903 307 2948 seu
321 2885 404 2949 datas
418 2887 561 2964 referens,
575 2895 699 2950 vocatus
709 2887 774 2950 fuit..
783 2887 842 2968 Ipsi
858 2887 1072 2970 multiooadju·

98 2981 179 3036 tores
201 2980 230 3036 et
257 2975 387 3036 ministri
414 2975 547 3057 adJuncti
574 2983 663 3054 sunt,
693 2982 724 3038 et
746 2975 835 3039 hodie
857 2975 916 3040 hoc
941 2979 1072 3042 tribunal

97 3069 262 3125 constater
286 3063 411 3125 Haterio
425 3066 477 3146 qui
495 3065 693 3127 Prodatarr'us
716 3073 908 3148 nuncupatur
922 3068 946 3131 si
968 3070 1023 3140 sit,
1040 3077 1073 3133 ut

96 3152 160 3215 fert
174 3169 294 3234 semper
301 3151 417 3225 accidit,
429 3153 468 3216 de
478 3153 679 3216 Cardinalium
690 3173 832 3233 numero;
850 3154 1073 3222 Sabdatan'oac

5 3265 7 3272 ,
96 3242 240 3306 Praefecto
263 3243 407 3304 vocontio
424 3261 479 3324 per
494 3242 623 3320 obitum,
648 3243 851 3326 pluribusque
875 3246 941 3310 aliis
955 3247 1073 3310 Officia·

96 3330 176 3392 libus
190 3329 394 3394 inferioribus.
411 3331 468 3407 Hi,
485 3331 575 3392 mane
589 3331 716 3412 singulis
726 3333 835 3396 diebus
847 3337 1071 3418 convenientes,

95 3420 271 3501 expendunt
301 3420 421 3500 negotia
447 3419 479 3481 S.
514 3418 652 3482 Pontifici
679 3423 892 3504 proponenda,
922 3427 1072 3508 supplica-

96 3511 252 3588 tionesque
266 3509 283 3569 t
297 3507 459 3570 Sanctitate
476 3507 723 3586 subscribendae
741 3530 803 3592 quo
817 3519 955 3595 peracto,
970 3514 1072 3578 omnia

96 3597 233 3659 berarius
252 3595 290 3658 ad
309 3599 421 3679 Papam
441 3597 550 3678 refert,
565 3603 600 3662 ut
613 3598 758 3680 approbet
776 3605 807 3664 et
826 3600 973 3664 concedat
986 3603 1071 3680 (Vide
