2496 3992
201 317 260 380 690
403 335 541 382 ιιιιιιιιιι
563 335 668 381 roaros
689 335 771 382 sunu
793 335 947 382 canonici.

201 450 315 511 opinione
326 453 350 498 el
364 464 391 499 re
401 452 512 500 eamdem
524 452 655 514 probarunt
669 449 715 512 ipsi
726 450 771 498 viri
786 451 910 514 principes
925 465 1062 514 rerumque
1076 457 1157 518 publi·

200 537 283 570 curum
298 524 479 584 girbernatores,
506 524 586 584 utqui
606 524 754 584 paciscendo
771 524 939 583 transigendis
958 527 1076 586 negotiis,
1102 530 1158 575 mit·

200 594 279 641 tendis
292 595 448 654 vicissimque
463 595 614 655 accipiendis
626 596 724 656 legatis,
740 602 814 655 atque
827 596 934 644 aliorum
950 598 1087 646 mutatione
1101 601 1155 646 olli·

200 669 300 720 ciorum,
330 680 402 725 agere
430 679 486 714 cnm
515 666 626 714 Ecclesia
650 670 776 726 tamquam
803 679 859 714 cnm
886 681 1002 726 suprema
1031 677 1156 730 potestate

201 739 308 797 legitima
323 741 515 784 consueverunt.
534 763 563 772 -
578 738 662 797 Neque
680 739 787 798 prolecto
799 737 852 785 sine
863 737 981 801 singulari
998 742 1157 800 providentis

202 810 242 855 bei
255 810 356 855 consilio
368 812 456 855 tactum
468 823 521 856 esso
536 810 688 856 censendum
703 813 748 868 ast,
762 815 788 856 ut
801 809 852 858 baec
867 810 924 871 ipsa
940 817 1049 870 potestas
1060 812 1156 872 princi-

202 885 257 943 patu
269 881 343 933 cirili,
359 882 425 927 velut
440 880 531 939 optima
543 880 663 927 libertatis
673 893 724 928 snae
745 882 820 928 tutela
835 881 981 930 muniretur.

232 953 315 1010 ltaque
330 952 392 998 Deus
409 950 509 997 brrrnani
533 951 631 1011 generis
646 955 843 1012 procurationem
861 953 928 1000 inter
943 954 1005 1000 duas
1019 959 1154 1015 potestates

202 1025 305 1085 partitus
319 1027 371 1082 est;
388 1024 483 1069 seilicet
495 1023 688 1070 ecclesiasticam
704 1029 728 1071 et
741 1023 847 1080 civilem,
859 1023 961 1072 alteram
977 1025 1081 1085 quidem
1095 1029 1154 1074 diri·

201 1096 248 1150 nis,
265 1095 368 1141 alteram
384 1095 497 1140 burrrnnis
513 1096 586 1141 rebus
597 1095 766 1156 praepositam.
782 1095 889 1155 Utraque
903 1101 940 1144 est
957 1095 981 1143 in
1000 1111 1045 1142 suo
1063 1113 1154 1160 genere

201 1165 307 1213 maxima
323 1181 328 1212 ε
348 1166 420 1212 babet
435 1169 539 1226 utraque
552 1171 643 1221 certos,
661 1167 752 1227 quibus
770 1167 935 1226 contineatur,
955 1169 1085 1222 terminos.
1101 1187 1155 1218 eur.

202 1253 249 1299 que
263 1251 304 1284 sna
326 1238 444 1297 cujusque
464 1243 551 1284 tratura
568 1251 703 1297 caussaquc
713 1238 827 1298 ‘bronium
840 1237 971 1296 delinitos;
985 1241 1054 1288 uude
1067 1242 1153 1303 aliquis

200 1311 269 1357 velut
283 1309 347 1356 orbis
362 1309 584 1364 circumscribitur,
598 1309 622 1355 iu
647 1323 695 1369 quo
713 1323 756 1356 sua
771 1308 892 1370 cujusque
908 1310 971 1357 actio
983 1310 1040 1370 jure
1058 1319 1154 1375 proprio

200 1388 319 1428 iamenu.
340 1382 386 1427 Sed
397 1381 454 1440 qnia
465 1380 592 1440 utriusque
603 1379 734 1441 imperium
746 1385 782 1427 est
793 1379 937 1435 mecedem,
954 1395 1064 1429 crrnrusu
1073 1387 1153 1432 venire

201 1454 281 1514 possit,
298 1456 324 1499 ut
344 1466 382 1499 res
405 1466 453 1498 uua
471 1457 544 1511 atquo
560 1453 658 1504 eadem,
676 1466 824 1512 quiunquam
840 1452 995 1512 aliteratque
1013 1455 1097 1506 aliter.
1112 1468 1152 1504 sca

202 1537 281 1578 tamen
294 1525 378 1570 cadem
396 1537 434 1569 res
445 1524 474 1569 ad
488 1523 614 1582 utriusque
630 1523 669 1584 jus
683 1523 853 1582 judiciumque
866 1525 996 1584 pertineat,
1008 1527 1082 1575 debet
1098 1545 1152 1589 pro-

203 1596 384 1643 videntissimus
405 1596 475 1653 licua,
490 1609 504 1641 a
517 1609 565 1654 quo
580 1601 638 1643 sunt
657 1597 736 1642 anrbte
753 1595 902 1654 constituite,
918 1597 1048 1656 utriusque
1067 1598 1152 1647 itinera

202 1675 265 1717 recto
279 1674 352 1727 alque
366 1667 451 1714 ordine
462 1667 640 1726 composuisse.
660 1670 720 1728 Quen
738 1674 820 1715 antem
834 1673 898 1724 snat,
915 1681 930 1713 a
949 1667 1001 1716 beo
1026 1670 1151 1719 ordmotir

200 1745 258 1787 srrnt
278 1741 295 1787 ¹.
314 1740 383 1796 erod
401 1739 425 1785 ni
442 1739 564 1790 iterasset,
582 1739 736 1786 lunestnrnm
751 1753 815 1800 saepe
830 1738 1013 1787 contentionum
1027 1751 1152 1790 concerta·

201 1814 341 1869 tionumquc
357 1823 449 1856 caussae
469 1816 645 1862 nascerentur;
664 1825 710 1858 nec
725 1825 778 1857 raro
795 1810 914 1858 sollicitus
936 1810 1023 1871 antimi,
1044 1817 1111 1860 vetut
1130 1816 1151 1862 in

200 1885 238 1931 via
252 1882 359 1942 ancipili.
376 1882 468 1928 haerere
484 1882 556 1928 borno
571 1881 680 1938 deberet,
694 1883 782 1929 ansius
798 1883 854 1942 quid
865 1883 928 1929 lacto
942 1897 1001 1943 opus
1012 1891 1086 1938 esset.
1100 1901 1151 1933 corr·

201 1955 272 2002 traria
285 1952 429 2013 jubentibus
445 1951 510 1999 binis
522 1952 681 2013 potestatibus
693 1967 794 2013 quarunt
807 1967 921 2002 recusare
931 1953 1076 2014 imperium.
1089 1959 1151 2006 salso

199 2026 288 2082 allicio,
307 2038 354 2071 non
374 2028 460 2083 potest.
479 2025 549 2083 atqui
568 2025 672 2071 maxime
688 2025 751 2072 istud
764 2029 884 2088 repugnat
902 2025 933 2074 de
947 2025 1072 2086 sapientia
1089 2030 1150 2090 engi-

201 2105 251 2146 tare
264 2102 287 2146 ct
300 2097 406 2148 bonitate
419 2095 468 2152 liei,
482 2097 521 2155 qui
537 2096 575 2143 vel
591 2097 614 2142 in
628 2097 702 2143 rebus
713 2097 829 2158 pbysieis,
843 2109 989 2157 quamquam
1008 2105 1067 2146 sunt
1081 2101 1150 2162 louge

201 2169 322 2217 inferioris
340 2167 442 2220 ordinis,
460 2174 541 2215 tamen
559 2169 683 2214 naturales
701 2168 763 2216 vires
777 2182 927 2229 caussasque
944 2168 1051 2216 invicem
1069 2175 1150 2220 conri-

200 2240 402 2290 liar-itmoderata
420 2239 515 2285 ratione
538 2243 562 2285 et
588 2239 694 2298 quodam
711 2241 778 2286 velut
802 2244 923 2287 concentu
946 2239 1111 2298 mirabili‚ita
1127 2246 1152 2289 ut

201 2314 266 2361 nulla
278 2324 362 2359 carum
379 2309 495 2370 impediat
508 2314 623 2364 caeteras,
646 2314 790 2371 cunetaeque
807 2311 880 2358 simul
892 2311 953 2368 illae,
972 2325 1021 2372 qno
1043 2316 1151 2363 mundns

200 2389 301 2448 spectat.
317 2382 493 2429 eonvouientcr
507 2381 683 2442 aptissimeque
699 2382 853 2443 conspirent.

233 2457 316 2514 ltaque
331 2453 396 2499 inter
407 2457 538 2512 utramque
552 2457 695 2513 potestatem
708 2454 820 2512 quaedam
835 2452 970 2502 intercedat
983 2468 1088 2505 necesse
1114 2463 1151 2506 est

201 2528 309 2575 ordinata
325 2524 446 2585 colligatio
461 2538 467 2571 :
482 2537 537 2583 quae
551 2523 650 2584 quidem
666 2522 831 2585 conjunctioni
856 2539 904 2572 non
918 2524 1038 2574 immerito
1054 2541 1152 2590 compa·

200 2605 273 2653 ratur,
287 2609 410 2658 perquam
425 2596 508 2642 anima
519 2601 542 2642 et
553 2609 639 2656 corpus
655 2595 677 2642 in
692 2596 790 2644 homine
806 2597 957 2658 copulantur.
972 2598 1054 2655 Qualis
1069 2606 1150 2648 nartem

199 2675 329 2730 etquanta
348 2682 377 2715 ea
399 2667 440 2727 sit,
468 2667 657 2728 aliterjudicari
679 2682 724 2715 non
741 2672 828 2729 potest,
853 2668 1085 2728 nisirespiciendo.
1114 2674 1150 2720 nti

199 2742 314 2798 dixiuurs,
329 2741 358 2787 ad
377 2739 505 2798 utriusque
522 2743 642 2794 naturam,
659 2739 821 2799 habendaque
838 2739 933 2788 ratione
954 2742 1111 2790 excellentiae
1125 2750 1149 2791 et

198 2811 333 2862 nobilitatis
350 2824 516 2868 carissarum;
535 2824 590 2856 cum
605 2809 675 2857 altori
689 2811 799 2872 proxime
824 2811 978 2872 maximeque
999 2815 1150 2874 propositum

199 2886 234 2933 sit
245 2897 325 2931 rernm
346 2884 486 2929 mortalium
496 2896 582 2929 curare
594 2883 731 2939 commoda,
746 2881 820 2930 alteri
836 2882 944 2930 coelestia
957 2897 986 2931 ao
1000 2886 1151 2947 sempiterna

199 2957 262 3003 bona
279 2968 427 3013 comparare.
444 2980 474 2988 —
492 2952 616 3012 Quidquid
634 2954 760 3014 igiturest
783 2951 815 3000 in'
831 2955 905 3001 rebus
921 2955 1033 3002 humanis
1055 2973 1150 3018 quoquo

199 3028 269 3074 modo
285 3039 390 3074 sacrum.
403 3024 522 3084 quidquid
539 3026 570 3072 nd
581 3025 683 3071 salutern
693 3025 829 3072 animarum
843 3027 965 3074 cultumve
975 3026 1017 3074 Dci
1035 3031 1151 3090 pertinet,

198 3098 248 3146 sire
263 3097 310 3143 tale
336 3095 396 3142 illud
414 3095 445 3143 sit
460 3102 547 3143 natura
573 3110 626 3155 sua,
640 3097 690 3143 sive
711 3110 796 3144 rursus
819 3099 867 3145 tale
882 3097 1036 3158 intelligutur
1052 3107 1151 3162 propter

198 3181 310 3216 earrssam
323 3168 352 3212 ad
367 3181 440 3226 qunm
457 3169 568 3227 retertur,
587 3169 610 3213 id
626 3171 664 3215 cst
678 3181 751 3216 omne
766 3167 790 3215 iu
804 3173 922 3230 potestate
939 3171 1090 3230 arbitrioque
1111 3173 1151 3220 Ee

199 3239 282 3288 clesire
299 3254 304 3286 :
320 3245 406 3286 coetera
433 3253 497 3298 vero,
520 3252 574 3299 qute
599 3239 670 3287 civile
683 3243 707 3287 et
723 3239 850 3300 politicum
876 3253 954 3302 genus
970 3243 1148 3302 complectitur,

198 3317 291 3360 rectum
304 3317 340 3358 cst
354 3310 419 3358 cirili
443 3311 582 3358 auctoritati
598 3325 651 3358 esse
663 3311 780 3371 subjecta,
794 3325 848 3359 cunr
859 3311 929 3360 lesus
947 3312 1057 3368 cbristus
1068 3313 1149 3374 jusse-

198 3385 237 3438 rit,
254 3397 308 3443 qum
321 3382 422 3430 Censoris
434 3383 491 3436 sint,
506 3383 575 3429 reddi
592 3382 688 3440 Caesari,
700 3397 755 3443 quta
771 3382 820 3442 Dei,
836 3385 892 3431 beo.
904 3409 933 3418 —
943 3384 1148 3434 lucidantautem

199 3455 344 3520 quandoque
361 3457 476 3513 tempora,
491 3466 547 3499 cnm
564 3453 876 3514 aliusquoqueooncordiae
885 3455 970 3503 modus
985 3457 1015 3502 sd
1030 3458 1148 3517 tranquil·

222 3662 247 3708 l.
261 3663 314 3706 nom
325 3694 331 3716 ,
341 3671 390 3715 xru,
401 3664 420 3706 t.
