2546 3992
216 224 273 286 488
427 223 562 293 aaronis
583 250 683 294 cortus
704 249 785 294 suuis
806 247 954 294 canonici.

626 381 758 442 Scholia.

248 510 316 570 880.
340 515 372 568 t·
386 509 430 570 Ex
442 507 530 570 dietis
549 508 580 570 in
595 505 792 589 responsione
806 506 843 568 ad
857 507 1024 570 secundam
1038 509 1185 588 obiectio-

210 614 280 656 nem
303 599 477 678 quaestionis
495 602 550 664 3⁰.
568 595 701 659 Christus
719 614 805 658 suam
819 595 985 658 Ecclesiam
998 599 1186 660 constituens

209 684 301 746 voluit
323 693 355 748 ut
378 687 466 748 variae
487 685 580 768 ipsius
597 691 713 767 partes,
730 684 907 766 regulariter
923 687 1187 749 committerentur

210 774 350 852 regendae
379 775 535 856 Episcopis
565 775 717 836 ordinarit
750 779 895 855 potestate
924 773 1120 854 pollentibus,
1154 776 1186 838 ld

210 869 326 924 constat
340 883 377 926 ex
397 864 509 925 Concil.
534 862 615 925 Trid.
639 865 723 940 (sess.
745 866 802 940 23,
818 880 885 944 cap.
900 863 946 941 t),
961 862 1015 925 ubi
1029 863 1061 924 iu
1075 864 1187 946 proba-

211 952 325 1013 tionem
338 951 623 1015 adducunturverba
636 953 786 1034 Apostoli:
803 953 862 1012 oln
876 970 939 1034 quo
948 971 1001 1014 vos
1010 953 1143 1034 Spiritus
1154 956 1185 1015 S.

211 1063 227 1099 n
251 1041 352 1120 posuit
364 1040 529 1123 Episcopos
543 1060 647 1122 regere
661 1041 827 1102 Ecclesiam
835 1041 901 1102 Dei.
916 1062 932 1100 o
945 1040 1021 1102 Vide
1032 1041 1188 1124 alieargu·
1254 1055 1255 1058 ’

211 1131 424 1212 mentcap.1).
442 1131 555 1200 Bouix,
568 1129 655 1203 idid,
666 1137 741 1191 tom.
758 1135 787 1205 t,
803 1150 833 1211 p.
850 1133 900 1192 82.

252 1217 389 1280 Diximus
398 1217 578 1300 reputoriter
588 1239 599 1280 .·
608 1236 678 1280 nem
691 1217 925 1280 extraordinarie
935 1223 965 1279 et
972 1219 1105 1296 justisde
1118 1241 1191 1285 cau-

212 1307 265 1385 sis,
281 1313 377 1388 potest
387 1307 418 1369 S.
435 1306 570 1370 Pontifex
583 1307 710 1389 simplici
721 1307 909 1388 Presbytero
925 1307 1044 1370 Vicario
1060 1313 1190 1391 Aposto-

213 1394 271 1458 lico
293 1401 345 1458 aut
363 1395 518 1478 Cupitum,
533 1396 612 1458 hanc
636 1395 682 1458 vel
699 1397 823 1458 atteram
848 1396 1007 1458 Dioeeesim
1022 1401 1190 1478 regendam

213 1485 400 1547 committere
417 1505 424 1546 :
441 1504 521 1567 saepe
541 1485 622 1547 enim
644 1486 784 1547 nocivum
812 1485 890 1546 toret
906 1485 950 1562 si,
966 1493 1086 1548 mortuo
1100 1490 1190 1569 Epis-

213 1591 307 1655 copo,
321 1575 421 1637 nullus
435 1575 644 1657 Episcopalem
660 1573 899 1652 jurisdictionem
912 1587 1051 1637 exercere
1064 1577 1189 1640 valeret.

217 1661 299 1726 Unde
313 1664 383 1724 clini
398 1663 505 1725 Christi
514 1663 649 1725 voluntas
659 1662 783 1743 intelligi
795 1681 855 1724 non
865 1662 972 1736 debeat
982 1681 1019 1724 eo
1033 1665 1126 1727 modo
1138 1670 1190 1748 qui
1254 1715 1255 1752 p

216 1749 327 1812 noxius
361 1752 502 1814 Ecclesiae
521 1759 618 1826 esset,
633 1750 796 1812 dicendum
815 1759 860 1814 est
875 1752 1004 1814 voluisse
1018 1760 1051 1814 ut
1068 1771 1147 1817 suus
1162 1761 1191 1818 iu

215 1844 301 1899 terris
315 1839 451 1900 vicarius
466 1840 575 1920 possit,
594 1839 838 1922 ecceptr'onotiter
850 1847 880 1902 et
889 1839 982 1922 justis
998 1841 1032 1904 de
1045 1845 1155 1924 cussis,
1175 1849 1191 1908 tr

215 1929 347 2008 generali
363 1927 552 1990 ordinatione
566 1929 717 1991 recedere.

256 2017 313 2079 Sed
329 2035 390 2080 non
405 2024 500 2099 potest
514 2019 545 2080 S.
563 2017 698 2080 Pontifex
712 2036 819 2080 omues
832 2017 922 2081 simul
945 2021 1052 2083 mundi
1067 2023 1191 2104 Episco-

216 2124 271 2187 pos
290 2106 441 2188 deponere
454 2115 484 2168 et
502 2125 608 2168 omnes
625 2107 769 2170 dioeceses
788 2125 893 2188 regere
911 2127 964 2190 per
978 2111 1131 2190 Vicarios,
1152 2117 1192 2177 ita

217 2205 249 2256 ut
259 2197 322 2274 jam
338 2214 399 2257 non
413 2197 473 2258 sint
482 2197 513 2258 in
524 2195 655 2258 Ecclesia
664 2195 803 2278 Episcopi
814 2197 866 2277 qui
881 2203 1026 2279 tanquam
1039 2201 1189 2268 ordinarii

216 2291 246 2347 et
259 2286 381 2366 proprio
396 2285 519 2347 nomine
532 2285 681 2346 Ecclesias
694 2291 814 2364 regant;
826 2285 897 2366 quia
911 2286 954 2348 sic
967 2288 1191 2357 subverteretur

216 2374 388 2436 constitutio
402 2373 542 2436 Ecclesia
565 2376 583 2435 t
603 2373 719 2435 Christo
739 2372 935 2437 determinata
955 2378 1077 2456 (Bouix,
1100 2381 1189 2460 tud..

218 2470 290 2531 tom.
308 2467 336 2539 t,
350 2483 380 2545 p.
398 2466 468 2533 109,
486 2465 566 2541 etc).

257 2556 325 2615 881.
357 2556 389 2612 2⁰
416 2551 587 2630 iurisdictio
617 2550 769 2615 ordinarie
794 2553 955 2634 cujuslibet
983 2556 1123 2641 Episcopi
1158 2563 1191 2625 in

217 2644 378 2703 commisse
398 2641 453 2702 sibi
468 2641 607 2716 dioecesi,
624 2659 685 2702 non
707 2641 838 2704 excludit
855 2643 1038 2706 ordinariam
1050 2647 1192 2724 jurisdic-

218 2731 330 2792 tionem
341 2733 369 2793 S.
385 2728 537 2792 Pontifrois
550 2729 581 2790 in
595 2729 699 2791 eidem
714 2729 834 2793 diecesi
848 2780 855 2808 ,
870 2739 900 2794 et
913 2732 953 2795 ita
966 2751 1086 2817 semper
1099 2737 1191 2804 debet
1254 2743 1255 2746 ’

219 2819 341 2900 intelligi
356 2827 390 2880 ut
404 2819 441 2882 sit
455 2819 586 2899 subjecta
597 2819 696 2900 Papali
708 2820 778 2882 huic
784 2819 1003 2900 jurisdictioni:
1019 2825 1092 2888 illud
1102 2845 1191 2891 cons-

218 2915 260 2969 tat
273 2927 309 2969 ex
322 2908 408 2970 dictis
421 2927 511 2990 supra
521 2907 558 2971 de
569 2907 701 2971 Primatu
715 2909 746 2970 S.
763 2910 927 2973 Pontifiois.

258 2997 348 3058 Plura
360 2996 397 3058 de
411 2997 566 3078 Episcopis
578 2998 731 3059 tractanda
745 2999 925 3062 remittimus
938 3001 976 3063 ad
990 3005 1133 3084 speciales
1141 3027 1189 3069 ar·

219 3084 324 3146 ticulos
337 3085 369 3145 in
383 3083 512 3147 decursu
529 3086 629 3166 operis
648 3086 861 3166 inveniendos;
877 3091 920 3153 sio
936 3090 977 3152 nl·
992 3094 1188 3178 (rituum)

218 3172 400 3235 dicemusde
415 3174 595 3255 Episcopatu
608 3184 697 3256 prout
710 3183 755 3238 est
767 3176 853 3240 ordo.
1256 3241 1257 3274 p

260 3265 303 3323 De
313 3261 466 3324 Electione
479 3263 696 3345 Episcoporum
710 3265 842 3328 diximus
855 3286 944 3350 supra
961 3269 1114 3354 (taetro)
1125 3295 1134 3352 ;
1147 3275 1187 3340 de
1256 3283 1257 3342 l

221 3350 400 3413 Dimissrone
420 3355 505 3429 (499,
526 3355 621 3431 etc.);
644 3353 683 3418 de
702 3355 908 3420 Translaticne
927 3361 1017 3440 (520,
1036 3365 1108 3442 etc.)
1124 3385 1132 3440 ;
1147 3365 1186 3428 de
1256 3365 1257 3372 ’

223 3441 417 3503 ltevocatione
430 3441 593 3520 (arceto).
