2588 3994
480 269 702 320 rnonroounm.
1024 259 1082 322 tas

102 329 262 446 Potestati3
291 370 366 451 quin
391 371 496 447 etiam,
519 381 672 451 grassante
690 367 863 455 impietate,
887 372 944 436 sub
975 374 1083 438 umbra

100 457 264 522 Praetensae
277 457 494 541 Philosophiae,
514 460 596 520 illam
609 459 783 523 destruendi
800 482 807 522 :
825 461 898 525 binc
911 464 1082 545 suppressio

101 547 263 611 Societatis
274 550 360 626 lesu,
369 549 455 630 quasi
467 551 738 632 essetpraecipuum
752 551 940 614 obstaculum
953 555 1014 614 tarn
1029 571 1083 616 ne-

103 637 187 700 landi
202 637 335 702 consilii.

554 772 635 854 §itt

104 884 557 950 BeCorutr'tuta'ooeeioiliClod
568 885 729 958 Gallicani,
739 886 1081 954 deConcordotoetolr'is.

584 1035 606 1095 l.

284 1145 320 1190 n}
338 1145 552 1189 consumamus
562 1145 644 1189 ctvtct
656 1145 736 1190 cbuut
750 1147 904 1193 ottttctttt.

142 1265 217 1324 224.
239 1263 330 1324 Fetus
352 1261 408 1323 luit
433 1261 542 1323 erroris
562 1260 679 1340 jamdiu
709 1261 894 1324 disseminati
917 1264 1083 1326 mentibus-

103 1370 165 1434 que
188 1351 251 1413 lere
272 1349 411 1413 omnium
432 1350 590 1428 inoculati,
619 1350 785 1412 Ecclesiam
807 1369 974 1434 causasque
993 1355 1085 1415 eccle-

103 1441 241 1506 siasticas
268 1440 486 1504 submittendus
506 1458 572 1502 esse
595 1441 732 1523 potestati
756 1441 846 1503 cirili.
862 1443 916 1504 His
929 1442 1085 1524 principiis

104 1531 222 1594 imbuta
237 1530 401 1594 conventio
414 1527 578 1592 Nationalis
594 1549 655 1592 non
669 1530 762 1592 verita
775 1537 821 1593 est
834 1530 964 1607 edicere,
978 1531 1083 1594 incon-

104 1621 184 1682 sulto
207 1621 270 1683 imd
285 1619 507 1683 contradicente
530 1620 562 1681 S·
587 1617 748 1696 Pontifice,
765 1619 1015 1684 Constitutionem
1030 1640 1084 1704 per

104 1727 198 1790 quam
217 1710 337 1793 penitus
350 1707 559 1772 destruebatur
573 1715 666 1770 status
679 1709 821 1772 Ecclesiae
837 1709 868 1771 in
884 1709 988 1771 Gallia.
1006 1712 1083 1794 Sup-

105 1799 315 1880 primebantur
323 1799 520 1861 enimomnes
533 1795 680 1860 dioeccses
689 1804 717 1860 et
727 1797 870 1861 Ecclesiae
880 1799 1081 1880 parochiales;

105 1887 344 1951 destituebantur
359 1885 476 1950 illorum
488 1886 640 1962 titulares3
652 1887 782 1968 eligendi
792 1888 1083 1970 Episcoposetinsti-

106 1977 208 2039 tuendi
226 1977 372 2060 parochos
386 1995 480 2038 novus
496 1974 605 2038 modus
619 1977 872 2054 constituebatur,
882 1977 915 2037 in
929 1995 991 2059 quo
1009 1977 1082 2039 nihil

105 2065 149 2128 rel
166 2066 228 2128 lere
243 2066 316 2128 nilril
335 2065 519 2128 tribuebatur
538 2066 703 2126 auctoritati
718 2065 941 2144 ecclesiasticae,
952 2066 1082 2129 multum

104 2157 175 2218 verb
186 2155 297 2239 impiis,
310 2153 519 2232 heterodoxis,
529 2153 803 2216 Protestantibuset
816 2157 832 2216 l
836 2153 939 2231 odeis,
947 2161 1005 2217 etc.
1022 2162 1079 2219 etc.

104 2247 176 2308 Hac
196 2245 372 2308 (bostitutio
390 2243 509 2306 decreta
531 2241 587 2306 luit
610 2247 646 2305 ts
663 2241 730 2322 iulii
750 2245 849 2320 1790,
874 2243 1082 2326 mendosbque

103 2335 160 2396 luit
180 2341 284 2398 vocata
305 2332 421 2412 civilia,
446 2333 530 2415 quasi
545 2351 607 2394 non
624 2332 783 2413 attingeret
802 2331 870 2410 jora
893 2331 970 2393 Cleri
995 2334 1082 2415 spiri-

104 2425 177 2488 tulra
197 2424 251 2486 sed
271 2424 335 2488 solo
359 2421 547 2505 temporalia.
572 2424 630 2483 Per
652 2419 736 2483 aliud
759 2419 914 2483 decretum
942 2424 981 2482 Et
1012 2439 1080 2484 nor.

103 2512 241 2594 ejusdem
254 2514 344 2590 anni,
359 2511 469 2574 astricti
485 2509 569 2573 lucre
582 2511 723 2592 Episcopi
748 2517 776 2573 et
790 2509 914 2592 parochi
929 2509 967 2572 ad
978 2511 1082 2592 juran-

103 2602 174 2666 dam
188 2603 274 2666 istius
287 2601 513 2666 constitutionis
527 2601 778 2663 observationem.

144 2694 290 2758 Praeclare
303 2699 404 2754 autom
424 2697 454 2752 et
473 2691 594 2771 egregie
619 2689 778 2752 nebulosas
791 2689 846 2752 has
859 2691 1039 2754 tentationes
1053 2699 1082 2755 et

103 2783 195 2848 duras
216 2781 410 2866 probationes
431 2779 573 2842 sustinuit
595 2779 698 2842 Clarus
725 2779 905 2843 Gallicanus.
940 2781 1080 2864 Episcopi

104 2875 187 2936 enim
213 2872 276 2935 lere
302 2888 409 2933 omnes
436 2871 575 2950 (quatuor
601 2870 719 2930 tantbm
747 2875 817 2931 sunt
839 2870 1037 2954 excipiendi),
1053 2878 1082 2933 et

104 2964 200 3042 major
220 2979 289 3045 pars
303 2958 494 3022 sacerdotum
509 2957 634 3021 secundi
654 2957 769 3020 ordinis
796 2959 1002 3040 supradictum
1024 2959 1080 3022 im-

105 3053 189 3134 pium
199 3051 407 3132 juramentum
422 3056 619 3128 respuerunt:
635 3047 777 3109 ‹lamnata
800 3046 855 3110 fuit
870 3049 1081 3112 Constitutiol

105 3143 136 3204 S.
163 3140 307 3203 l‘ontilrce
328 3140 384 3200 Pio
397 3140 454 3214 Vl,
471 3138 503 3198 in
525 3136 645 3200 duobus
665 3135 830 3213 brevibus,
846 3155 909 3200 uno
925 3142 965 3201 lo
984 3139 1080 3203 Martii

106 3236 178 3294 {791
194 3229 230 3294 ad
241 3230 407 3312 Episcopus
421 3228 593 3289 Conventus
606 3225 770 3289 Nationalis
781 3275 788 3302 ,
800 3232 830 3289 ct
839 3227 933 3290 altero
947 3229 985 3291 ta
999 3229 1080 3311 apri·

6 3389 7 3392 Ἴ
105 3319 141 3383 lis
154 3319 291 3398 ejusdem
305 3317 377 3381 anni
392 3317 430 3380 ad
440 3316 560 3378 Clernm
572 3321 602 3378 et
617 3313 721 3377 fideles
731 3315 834 3377 Galliae
846 3315 978 3380 directis.

143 3413 214 3478 225.
236 3407 439 3471 Nihilominus
451 3405 606 3468 efformata
613 3403 669 3468 luit
681 3405 713 3465 in
724 3404 818 3466 Gallia
827 3406 966 3486 quaedam
981 3407 1080 3469 Eccle-

105 3500 148 3564 aia
161 3498 240 3561 dicta
255 3495 523 3567 Constitutionolis,
538 3495 624 3574 cujus
644 3493 734 3576 primi
757 3494 929 3574 antistites,
945 3492 1079 3556 videlicet

104 3589 167 3652 bb.
179 3586 287 3669 Expilli
295 3583 483 3662 etblarollcs,
491 3584 656 3646 consecrati
665 3582 748 3646 luere
759 3581 798 3644 ab
806 3582 956 3664 Episcopo
967 3584 1081 3661 Augus

106 3675 267 3742 todunensi
292 3677 329 3740 D.
350 3673 544 3757 l'alleyrand3
566 3672 661 3750 prior,
683 3689 741 3744 pro
767 3669 905 3732 districtu
928 3669 1078 3750 (departe-
