2578 4008
529 277 614 322 arran
636 279 754 326 ramus.
1076 267 1134 328 365

154 391 171 430 o
197 371 235 434 ad
250 377 358 436 nutum
372 377 403 436 et
419 374 594 456 patientiam
608 378 788 454 sacerdotis;
804 399 819 438 a
838 377 939 458 adjicit
955 397 962 440 ε
983 400 998 438 a
1012 381 1135 461 Oportet

154 481 171 519 a
195 467 296 523 antem
316 462 449 544 gladium
464 483 528 526 asse
543 465 600 527 sub
613 465 727 546 gladio,
743 475 773 530 et
786 467 983 548 temporalem
1004 471 1134 532 auctori·

154 569 170 607 n
189 557 281 613 tatem
296 551 442 634 spirituali
456 553 561 632 subjici
577 557 744 620 auctoritati
754 578 786 633 ,a
805 557 939 638 alioqum
954 563 1131 638 potestates,

155 637 254 719 inquit
269 639 416 717 Pontifex,
429 659 490 703 non
504 650 604 705 essent
616 645 633 706 d
649 647 711 707 lico
725 645 802 708 bene
816 645 971 722 ordinatam
984 646 1065 709 unda
1079 649 1132 708 nsi

154 749 170 786 r
194 726 292 790 deviat
305 736 424 792 terrena
437 736 577 812 potestas,
589 733 798 812 judicabituru
811 741 955 816 potestate
964 735 1130 817 spirituali3

154 837 169 874 n
194 816 248 878 sed
261 817 286 878 si
300 817 398 880 deviat
406 818 604 900 spiritualis...
620 840 798 903 suprema...
808 825 826 884 t
835 823 900 885 solo
914 823 1013 886 Deo...
1024 824 1133 904 poterit

153 927 169 964 o
192 905 339 985 iudicari,
365 913 492 970 testante
516 910 658 991 Apostolo
683 929 691 972 ε
715 911 884 996 spiritualis
906 909 989 972 torno
1011 910 1131 992 judicat

153 1016 169 1053 n
194 995 311 1072 omniu,
338 995 399 1078 ipse
422 1004 519 1058 autem
541 997 559 1058 ἁ
582 1000 695 1060 aemr'ne
709 1000 880 1081 judicatur.
903 1001 971 1064 alu
994 997 1055 1062 lino
1077 1001 1130 1062 ad·

153 1083 198 1146 dit
218 1102 225 1146 :
253 1085 473 1167 conicumque
493 1087 584 1167 igitur
612 1088 682 1151 huic
702 1089 839 1170 potestati
862 1091 881 1152 d
901 1089 963 1152 Deo
985 1089 1030 1152 sic
1048 1089 1130 1152 ordi-

153 1195 169 1232 a
196 1179 274 1236 natoe
288 1175 408 1247 resistit,
424 1176 477 1236 Dei
487 1175 668 1238 ordinationi
682 1178 807 1252 resistit,
822 1178 880 1240 nisi
894 1176 956 1241 duo
969 1179 1129 1257 (similla-

152 1283 168 1324 u
195 1261 341 1342 nichaeus)
352 1262 445 1345 lingat
454 1283 519 1326 esse
529 1266 676 1347 principia
689 1287 696 1327 :
708 1265 790 1348 quod
799 1266 907 1330 laisum
917 1274 946 1328 et
955 1266 1129 1330 haereticum

152 1374 168 1412 a
193 1353 402 1432 judicamus...
433 1354 525 1416 Porrd
549 1355 672 1416 subesse
698 1354 837 1418 Romano
864 1355 1020 1434 Pontifici,
1044 1358 1128 1420 omni

151 1463 168 1500 a
192 1441 333 1504 humanae
355 1449 500 1505 creaturae
519 1441 587 1523 (seu
608 1462 616 1504 ε
640 1463 751 1506 omnem
772 1445 929 1506 humanam
953 1449 1128 1526 mouturam)

152 1553 168 1590 n
192 1530 400 1610 declaramus,
423 1531 622 1609 desinimus...
650 1535 778 1596 omnino
797 1551 863 1597 esse
889 1532 928 1595 de
953 1536 1128 1602 necessitate

151 1621 331 1684 psalmis.»

192 1711 264 1773 Haec
285 1710 369 1774 Bulla
392 1730 454 1772 non
477 1711 534 1774 luit
555 1719 690 1775 revocata
705 1713 722 1775 a
736 1713 889 1776 Clemente
901 1715 939 1791 V,
963 1713 1016 1775 sed
1035 1713 1073 1776 dc
1092 1718 1128 1778 aa

151 1799 296 1863 duntaxat
315 1799 429 1862 dictum
451 1799 506 1864 luit
526 1802 558 1862 in
580 1803 724 1864 Decrelali
746 1804 877 1876 Meruit,
898 1802 932 1865 de
952 1802 1099 1886 Priuilep.
1114 1823 1127 1869 .·

154 1911 170 1948 a
191 1889 315 1952 Nullum
329 1889 467 1952 volumus
486 1890 534 1952 vel
549 1891 735 1954 intendimus
757 1891 965 1974 praeJudicium
989 1895 1126 1975 generari

150 2001 166 2038 r>
191 1980 264 2060 (regi
280 1987 310 2041 et
323 1985 466 2060 regno)...
483 1980 534 2042 sed
549 1983 650 2043 omnia
666 1981 868 2063 intelligantur
884 1983 914 2044 in
933 1981 1040 2044 eodem
1061 2002 1126 2046 esse

150 2091 166 2128 a
191 2076 269 2130 statu
283 2087 344 2150 quo
359 2075 444 2130 erant
455 2075 525 2131 ante
539 2069 746 2131 definitionem
760 2071 944 2152 praedictam.
955 2093 969 2128 a
979 2070 1011 2132 ld
1021 2082 1064 2133 est
1077 2091 1125 2134 re-

151 2175 221 2239 gem
248 2159 382 2220 Franciae
405 2165 435 2219 et
455 2159 622 2238 regnicolas
648 2177 709 2220 non
732 2159 829 2239 magis
852 2159 959 2238 subjici
986 2161 1126 2224 Ecclesiae

149 2249 295 2310 Romanae
309 2249 401 2328 quam
416 2246 500 2328 prius
513 2254 607 2308 erant.

194 2336 275 2398 Bulla
296 2343 396 2398 autem
425 2333 518 2400 Unum
538 2345 669 2397 sanctam
687 2338 799 2398 inserta
825 2335 881 2398 luit
905 2339 1025 2418 corpori
1049 2339 1125 2416 juris

151 2425 215 2504 lib.¹
232 2429 265 2500 l,
288 2425 322 2486 de
336 2423 442 2506 major.
459 2433 489 2486 et
501 2424 654 2496 obedient„
670 2428 788 2488 Extrav.
804 2443 916 2488 comm.
940 2427 1029 2487 Anno
1048 2430 1124 2488 luis

149 2517 247 2578 conati
268 2520 339 2576 sunt
357 2515 557 2576 Prolestantes
580 2515 716 2577 obtinere
736 2517 754 2577 a
775 2515 911 2578 comitiis
936 2513 1125 2594 generalibus

150 2605 252 2667 Galliae
270 2603 503 2666 declarationem
523 2607 584 2685 qua
603 2603 809 2666 admitteretur
822 2611 965 2684 tanquam
989 2603 1036 2662 lex
1059 2602 1126 2664 lun·

148 2693 328 2756 damentalis
342 2691 444 2772 regni,
455 2693 536 2774 quod
552 2699 682 2774 potestas
696 2693 846 2755 saecutaris
860 2697 936 2752 esset
951 2691 1123 2772 aspirituali

148 2784 274 2845 omnino
289 2781 514 2863 independens3
530 2781 582 2844 sed
596 2781 682 2843 Card.
699 2784 746 2844 Du
762 2785 891 2842 Perron:
908 2801 923 2838 u
940 2783 990 2842 Au'
1001 2799 1071 2841 nom
1086 2782 1125 2845 da

148 2895 165 2932 n
188 2879 253 2934 tout
272 2871 298 2934 la
319 2889 408 2953 corps
428 2869 466 2934 de
484 2869 593 2933 l’ordra
611 2870 833 2951 ecclesiastique
846 2876 876 2932 et
894 2867 934 2931 de
946 2869 1024 2931 celui
1045 2870 1082 2933 de
1096 2871 1124 2935 la

146 2983 164 3021 n
188 2960 326 3023 noblesse
345 2959 489 3036 (OEuvres
514 2959 548 3020 de
566 2959 616 3022 Du
635 2959 770 3036 Perroa,
799 2978 829 3041 p.
852 2960 922 3037 601)
950 2958 1052 3020 emolit
1065 2980 1124 3041 qua

147 3049 216 3112 ala
243 3049 379 3112 doctrine
413 3049 582 3125 contraire,
618 3047 727 3108 admisc
751 3067 812 3129 par
839 3055 930 3109 toules
958 3047 998 3109 lea
1026 3059 1124 3112 autres

148 3161 163 3198 a
182 3139 298 3221 parties
318 3137 352 3199 de
374 3137 504 3218 I'Eplise
528 3135 715 3220 Catholicae,
742 3137 821 3199 voire
839 3137 930 3198 meme
948 3136 983 3198 de
997 3135 1124 3218 I'Eplt'se

147 3248 163 3288 a
189 3227 353 3300 Gallicane,
368 3225 467 3307 depuis
479 3247 534 3310 que
549 3227 589 3288 les
602 3226 692 3288 aeoles
705 3223 739 3287 de
754 3225 893 3306 titolopie
906 3246 927 3307 y
941 3234 991 3286 ont
1004 3227 1049 3286 e'td
1063 3228 1123 3288 ins-

147 3337 163 3377 a
189 3317 290 3378 titades
304 3315 425 3398 jusqu'd
440 3315 469 3376 lo
484 3336 571 3378 omae
584 3315 618 3378 de
633 3316 658 3378 C
658 3315 739 3376 alvia
753 3315 818 3394 (iu,
833 3318 913 3392 593),
930 3317 1059 3397 reposuit
1073 3333 1124 3379 sur

146 3427 163 3466 a
187 3423 248 3468 une
261 3405 402 3468 tradition
417 3412 573 3468 constante
587 3413 616 3468 et
630 3405 815 3474 universalia.
833 3404 871 3466 de
886 3411 964 3466 sorte
979 3423 1052 3485 quc,
1067 3403 1124 3466 de-

146 3517 164 3556 »
187 3499 255 3580 puis
279 3513 353 3557 onze
375 3501 460 3556 cents
480 3513 550 3566 ans,
574 3493 726 3572 disait-il,
746 3494 767 3554 il
790 3495 840 3575 n'y
859 3511 876 3556 a
897 3511 936 3554 eu
954 3493 1045 3553 siecle
1068 3511 1123 3553 au·

146 3607 162 3645 a
188 3585 269 3665 quel,
285 3603 322 3647 en
340 3583 471 3647 diverses
485 3586 615 3662 nations,
626 3591 702 3647 celte
716 3583 851 3644 doctrina
867 3582 938 3642 n'ait
951 3583 997 3642 dte
1012 3587 1123 3643 crueet

147 3697 162 3742 ι
188 3676 342 3760 pratiqute
357 3673 424 3755 (id,
440 3693 470 3758 p.
487 3677 594 3754 602)...
611 3675 682 3736 Pois
699 3673 719 3738 il
741 3679 859 3746 montre
874 3688 933 3752 que
947 3669 976 3730 la
987 3667 1122 3744 doctrina
