2586 3988
444 236 705 289 'rnornoournu
1045 228 1082 290 ts

103 347 149 406 est
161 341 333 406 necessario
346 339 536 424 legislator,
553 343 666 406 scilieet
677 347 808 426 potestas
821 342 932 424 ligandi
947 343 1083 408 membra

103 437 135 495 et
141 431 295 514 dirigendi
308 431 347 494 ad
360 431 457 494 linem
472 431 620 496 societatis
634 449 840 496 communem.
856 433 937 514 Ergo
950 432 1008 496 hoc
1017 435 1083 516 ipso

105 520 188 603 qudd
211 523 318 586 Petrus
339 527 488 584 statuatur
509 521 649 586 Ecclesia
672 519 919 600 tundamentum,
944 523 1083 586 statuitur

105 611 197 674 simrd
206 617 239 674 et
252 611 396 676 Ecoiesiae
408 610 572 692 legislator.

143 709 222 772 item
241 715 374 792 potestas
395 707 528 791 ligandi,
553 709 619 772 sine
641 709 837 793 exceptione,
859 709 1002 793 supponit
1019 727 1080 774 evi·

105 797 215 864 denter
228 799 400 864 facultatem
412 796 526 881 ligandi
540 817 594 883 per
608 799 699 881 leges.

145 897 289 980 lienique
307 916 397 962 verus
412 897 518 960 Pastor
539 897 709 961 necessario
728 895 861 980 possidet
880 897 931 978 jus
951 897 1082 964 ducendi

107 1003 254 1067 gregem,
270 988 359 1050 etiam
374 987 519 1063 invitum,
530 985 568 1049 od
580 988 646 1050 loca
656 1005 725 1069 quae
739 985 854 1066 iudicat
867 989 1085 1068 opportuniore

109 1081 138 1136 et
150 1075 239 1138 illum
258 1075 428 1138 abducendi
442 1078 462 1138 d
476 1077 582 1139 noxiis.
600 1077 678 1154 Ergo
691 1077 807 1152 Petrus,
826 1081 860 1138 ut
877 1094 966 1139 verus
979 1077 1082 1140 Pastor

111 1163 262 1242 Ecclesiae,
277 1163 356 1228 hane
368 1164 460 1228 habet
473 1171 659 1247 potestatem,
668 1183 704 1228 ao
713 1163 840 1248 proinde
853 1163 1060 1248 legislativum.

145 1266 176 1324 2·
191 1261 318 1334 Certum
339 1269 385 1326 est
401 1255 515 1325 dietam
537 1268 713 1345 potestatem
733 1259 771 1324 ad
792 1263 871 1324 Petri
894 1275 1081 1328 successores
1117 1279 1122 1288 ·

108 1353 259 1451 monisse.
275 1350 309 1453 ld
323 1357 439 1454 oopstet
452 1355 513 1414 toti
531 1351 692 1414 traditione
708 1370 715 1411 :
732 1349 870 1433 quaedam
884 1353 1000 1414 tantiun
1012 1353 1084 1416 seli.

108 1457 209 1520 mmus
222 1447 405 1504 testimonia.

149 1559 166 1600 a
186 1539 270 1600 Nulli
289 1536 435 1617 dubium,
453 1539 551 1602 aiebat
566 1538 724 1621 Phiiippus
744 1539 775 1601 S.
793 1537 902 1600 Leonis
921 1538 1035 1620 legatus
1049 1539 1080 1602 in

106 1649 123 1686 ι
145 1629 250 1709 primo
262 1629 391 1691 coneilio
409 1587 583 1711 llphesino,
603 1629 666 1691 imd
689 1627 806 1691 saeculis
819 1626 960 1692 omnibus
975 1631 1080 1692 nolum

107 1737 123 1775 s
145 1715 231 1798 quod
246 1718 279 1778 S.
294 1718 414 1792 Petrus,
431 1716 469 1779 ad
483 1717 540 1782 hoe
553 1735 649 1802 usque
662 1723 782 1800 tempus
795 1724 825 1780 et
838 1734 958 1800 semper
972 1719 1003 1780 in
1017 1719 1080 1782 suis

106 1806 494 1870 »suecessoribusvivito
595 1835 600 1843 ·
702 1835 705 1842 ⁴

146 1904 268 1966 Similia
280 1903 430 1968 dicuntS
447 1907 553 1968 ielrus
564 1903 780 1986 Chrysologus
791 1905 822 1968 S.
838 1905 918 1966 Leo:
928 1903 1000 1967 luno
1011 1905 1081 1968 Bos·

108 1994 223 2056 metius
237 1993 317 2074 (Bes.
331 2001 355 2056 t.
371 1998 401 2073 Ξ)
413 1995 453 2056 ait
466 2013 474 2055 ι
489 1992 685 2075 «decipiendi
696 2011 768 2074 ergo
779 1993 903 2056 Romani
920 1993 1080 2060 Pontifices

108 2101 124 2140 v
147 2087 296 2164 tanquam
310 2102 372 2147 uns
384 2102 515 2168 persona
524 2083 614 2144 Petri.
630 2103 646 2143 n
664 2083 787 2161 (Bouix,
801 2082 862 2160 iu,
878 2101 908 2166 p.
927 2086 1080 2165 131-134.)

147 2181 185 2242 Et
198 2181 270 2244 verd
285 2181 341 2244 nisi
356 2183 457 2246 iteres
471 2200 503 2244 se
517 2180 659 2258 haberet,
673 2188 788 2244 caveret
801 2179 888 2242 hodie
903 2199 958 2243 suu
972 2181 1079 2244 lunda-

109 2275 214 2332 mento
228 2269 372 2348 Ecclesia,
383 2289 444 2333 non
457 2269 579 2332 liaberet
588 2269 822 2351 Pastorem‚ipsi
836 2269 975 2332 deessent
984 2271 1080 2334 claves

109 2359 194 2440 regni
208 2359 367 2421 uoelorum.
383 2360 476 2424 Poeni
487 2359 511 2422 si
521 2359 585 2421 haeu
599 2365 708 2433 essent,
725 2358 878 2440 quomodo
895 2375 956 2419 non
971 2378 1081 2439 pruva-

109 2445 237 2510 luissent
248 2447 389 2511 adversus
407 2448 572 2510 Ecclesiam
595 2455 689 2529 porte
706 2447 814 2524 inferi,
837 2453 866 2508 ot
880 2448 941 2528 qud
959 2447 1080 2510 tandem

109 2534 301 2600 devenissent
310 2537 524 2620 promissiones
535 2537 591 2618 ipsi
601 2540 618 2598 u
629 2536 744 2598 Christo
754 2535 858 2600 laetae?
872 2537 951 2618 Ergo
966 2544 1079 2600 eertum

110 2631 153 2687 est
165 2633 342 2708 potestatem
360 2626 554 2707 legislativum
568 2626 721 2688 transiisse
734 2626 771 2688 ad
786 2643 973 2690 successores
987 2627 1077 2691 Petri.

110 2715 188 2796 Ergo
202 2733 240 2777 ex
255 2715 408 2798 Scripturtt
421 2715 512 2778 thesis
525 2717 651 2778 omnino
665 2721 791 2778 constet.

147 2811 239 2875 Prob.
255 2817 288 2875 2⁰
308 2816 352 2876 lix
366 2813 502 2876 conciliis
518 2834 525 2875 :
543 2817 577 2876 ln
592 2813 801 2895 probationem
815 2811 1000 2877 adducemus
1012 2821 1077 2886 tan·

109 2905 173 2963 tum
186 2903 316 2965 eoncilia
329 2904 514 2966 oeoumenica
528 2901 667 2983 Lugdun.
682 2904 708 2964 ll
722 2901 975 2966 etFlorentinum.

149 3001 287 3062 Primum
309 3001 352 3064 sie
371 3003 404 3062 sie
425 2999 564 3064 haletin
585 2999 655 3063 fidei
673 2999 859 3082 prolessione
880 3002 1076 3068 Graecorum:

112 3111 128 3147 ι
148 3090 259 3152 Sanmn
273 3091 409 3153 Murano
420 3089 554 3152 Eurlesia
567 3107 722 3152 summum
735 3095 765 3151 et
777 3089 900 3171 plenum
917 3091 1075 3172 primatum

109 3197 124 3238 ι
147 3185 177 3240 et
185 3178 388 3260 principatum
398 3177 837 3260 superuuiversumlleelesiam
847 3177 1078 3262 obtinet:quenv

108 3289 123 3326 v
146 3266 224 3329 seeo
232 3267 512 3348 ipsollominoinB.
522 3268 610 3330 Petro
618 3267 829 3350 Apostolorum
839 3268 974 3350 principe
984 3277 1078 3332 etver·

109 3377 125 3416 ι
146 3356 217 3434 tice,
231 3355 316 3436 eujus
330 3355 477 3418 Romanus
485 3357 629 3438 Pontifex
636 3363 680 3418 est
691 3375 842 3433 memoror,
856 3376 919 3418 eom
927 3363 1079 3439 potestatis

110 3468 125 3505 ι
142 3443 330 3528 plenimdine
340 3445 488 3528 recepisse
502 3447 644 3508 veraciter
654 3453 683 3508 et
692 3445 843 3508 humiliter
853 3447 1076 3527 recognoscit...

112 3557 126 3596 ι
147 3533 291 3615 adquam
301 3541 396 3618 potest
405 3542 542 3617 gravatus
555 3534 682 3616 quilibet
692 3535 918 3615 supernegotiis
930 3533 969 3595 ad
982 3533 1078 3596 ecele-

113 3645 128 3682 ι
147 3621 1080 3705 siastiuutuiorumpertiuentibuoappellare...eteidemomnee
