2574 3994
521 279 604 325 arana
627 277 743 323 narnus.
1060 259 1118 320 aar»

148 379 330 444 cathedralis
342 377 532 440 collutionem
546 374 726 456 repuleriter
739 374 776 435 ad
790 375 972 458 Episcopum
987 374 1076 437 simul
1092 382 1120 434 et

149 468 319 552 Capitulum
337 467 488 547 pertinere
506 465 630 542 (Bonis,
653 463 698 524 De
713 463 880 542 Capitalis,
899 485 929 546 p.
953 467 1032 540 111).
1049 466 1120 525 lure

149 565 250 620 autern
264 554 418 617 communi
439 555 488 631 jus
509 552 639 634 eligendi
661 553 829 612 Canonicos
848 553 879 614 in
903 552 1070 626 Colleoialis
1084 550 1121 612 aul

150 645 321 727 Capitulum
336 649 467 724 speetat3
485 643 535 721 jus
557 643 627 702 verb
650 639 845 716 instituendi,
865 639 903 702 ad
927 641 1119 722 Episcopum.

151 735 291 796 Eccisum
303 735 319 792 la
333 733 425 805 itote,
441 749 490 812 ap.
507 731 618 806 Bouix,
635 729 680 791 lle
696 729 809 810 Cepit„
826 749 858 810 p.
874 733 943 791 aot.

191 826 262 884 153.
285 819 541 883 Nominatioverb
555 818 663 880 Viearii
692 819 826 899 perpetui
851 817 949 880 Curati
973 817 1004 877 in
1023 815 1120 879 dalbe-

151 910 284 972 dralibus
298 908 428 992 pertinet
437 907 474 969 ad
489 907 656 989 Capitulum
666 953 674 982 ‚
686 907 861 988 approbatio
871 907 940 968 verd
953 903 992 967 nd
1005 906 1124 986 Episco-

154 1017 247 1080 pum:
266 999 309 1060 sic
323 996 405 1060 enim
428 995 518 1058 babet
540 995 706 1076 Responsio
729 997 827 1058 Sacrae
846 995 956 1076 Congr.
979 995 1070 1057 Cone.
1087 994 1124 1056 ad

153 1088 336 1168 Episcopum
365 1085 568 1158 tinniensem,
596 1102 677 1146 anno
705 1087 800 1145 1593:
819 1105 836 1143 n
858 1083 1040 1146 Serrandam
1060 1101 1126 1146 esse

153 1197 169 1235 u
194 1177 225 1237 S.
252 1174 405 1237 raemoriae
429 1173 472 1234 Pii
493 1175 518 1234 V
537 1172 818 1248 constitutionem,
845 1181 875 1235 et
888 1173 1125 1234 nominationem

154 1285 170 1322 n
195 1264 375 1326 vicariorum
393 1261 583 1323 saecularium
597 1260 634 1321 ad
649 1267 768 1340 tempus
786 1261 817 1322 in
841 1261 995 1323 beneficiis
1017 1263 1125 1324 curatis

154 1375 170 1412 a
194 1353 286 1414 unitis
305 1357 438 1433 spectare
461 1349 499 1411 ad
525 1348 760 1430 Amplitudinem
780 1352 895 1422 tuam¹‚
913 1357 1122 1430 perpetuorum

156 1463 172 1501 e
194 1442 280 1516 verb,
297 1441 328 1502 in
350 1440 411 1501 vim
426 1438 563 1517 eJusdem
577 1437 803 1498 Constitutiouis
826 1445 958 1518 spectare
972 1437 1009 1497 ad
1030 1437 1126 1498 norni-

156 1551 172 1590 u
198 1529 349 1591 nationem
372 1527 492 1588 illorum
507 1527 684 1607 inquorum
705 1525 846 1588 Ecclesiis
860 1525 951 1588 unitis
964 1535 1127 1606 ponentur„

156 1640 172 1679 n
197 1620 254 1699 lpsi
269 1625 370 1678 tamen
393 1615 503 1696 praevio
519 1615 656 1677 examine
683 1620 712 1676 et
740 1613 954 1696 approbatione
981 1621 1068 1676 erunt
1090 1614 1128 1677 ab

157 1729 173 1766 n
198 1705 402 1786 amplitudine
416 1706 468 1765 tua
481 1703 644 1784 deputandi
653 1704 675 1764 ³.
691 1724 706 1762 u
725 1702 801 1765 Vide
823 1702 1057 1782 111111(18“10)ο1
1072 1703 1128 1766 alia

159 1813 207 1878 ap.
222 1797 258 1855 D.
277 1795 381 1867 llouix,
398 1793 441 1853 De
457 1793 544 1874 Cup,
559 1811 589 1873 p.
606 1795 746 1854 atarto.

196 1888 269 1947 lure
287 1881 442 1943 communi
461 1881 498 1942 ad
526 1881 709 1962 Episcopum
736 1881 865 1963 pertinet
890 1881 1079 1964 Theologalis
1101 1893 1131 1948 et

158 1969 374 2036 Poeuiteutiarii
395 1969 539 2032 electioin
554 1969 826 2050 Capitulistssouix‚
836 1967 871 2032 de
886 1967 997 2054 Capit..
1011 1991 1041 2054 p.
1055 1975 1128 2052 111,

198 2154 268 2212 tbi.
285 2147 443 2210 Praeiatum
462 2148 512 2226 jus
534 2165 697 2210 commune
711 2148 828 2228 rigebat
844 2147 969 2230 quidem
988 2151 1079 2227 olim,
1100 2151 1131 2212 in

161 2237 297 2318 pluribus
326 2237 428 2298 Galliae
455 2235 638 2316 provinciis,
667 2235 719 2297 sed
750 2253 812 2297 nou
841 2235 872 2297 in
900 2239 1066 2300 omnibus:
1089 2240 1132 2302 sic

160 2327 242 2388 enim
254 2326 343 2386 habet
358 2325 474 2404 lliganti
490 2323 663 2403 (Comment.
683 2323 716 2384 in
730 2324 856 2385 Prolem.
873 2325 970 2406 repul.
989 2326 1128 2403 Concell„

162 2424 194 2476 ηο
204 2417 270 2491 511);
284 2436 298 2473 a
315 2411 444 2478 Galliam
454 2411 532 2494 quod
541 2412 670 2492 respicit,
684 2413 707 2474 si
718 2413 870 2494 loquimur
877 2412 915 2476 de
925 2417 959 2475 et
972 2421 1054 2494 parte
1065 2433 1133 2494 quae

161 2525 176 2562 n
202 2503 307 2564 Patrio
321 2501 440 2564 reducta
453 2501 629 2582 appellatur,
645 2501 716 2582 quia
739 2501 780 2562 ibi
804 2509 871 2564 taxa
890 2501 928 2562 ad
943 2502 1132 2564 medietatem

161 2612 176 2650 ι
200 2591 324 2654 reducta
337 2597 397 2668 est,
411 2595 441 2652 et
454 2590 486 2650 in
500 2595 561 2670 qut
581 2590 654 2652 olim
674 2589 768 2670 viguit
787 2591 974 2671 pragmatica
997 2593 1130 2668 Sanctio,

193 2747 202 2776 ⁸
219 2743 260 2795 Sic
272 2743 347 2794 babet
358 2742 434 2796 Const
455 2741 482 2794 S.
496 2741 531 2792 Ρ11
543 2742 570 2804 ll,
585 2744 626 2794 Ad
637 2744 821 2809 exequendum,
836 2745 847 2792 1
863 2743 922 2794 Nur.
937 2745 998 2794 lbdl
1012 2761 1018 2794 :
1034 2763 1043 2792 a
1058 2745 1133 2796 llolu·

163 2833 175 2865 a
192 2829 278 2865 mus...
297 2821 353 2865 et...
373 2813 518 2864 mandamus
535 2814 601 2879 qrrdd
617 2813 675 2863 dicti
691 2814 775 2863 vicarii
790 2815 901 2879 perpetui
917 2831 965 2866 non
983 2816 1014 2865 ad
1033 2816 1134 2868 liberem

163 2904 175 2936 ι
192 2885 377 2939 ordinariorum
390 2884 552 2946 electionem,
565 2886 608 2936 sad
625 2885 657 2935 ad
672 2885 864 2936 nominationem
882 2886 979 2936 illorum
994 2886 1134 2954 inquorum

164 2975 175 3006 ι
194 2955 309 3010 Ecclesiis
322 2955 398 3006 unitis
409 2963 534 3020 ponuntur
543 2971 598 3005 cum
610 2955 718 3021 ipsorum
728 2955 910 3007 Ordinnriorum
922 2973 965 3008 seu
975 2975 1059 3008 eorum
1072 2961 1135 3012 Vica-

164 3047 176 3074 ι
192 3027 294 3088 riorum,
307 3027 397 3093 praevio
414 3026 525 3076 examine
537 3033 561 3077 et
574 3027 760 3092 approbatione,
774 3028 931 3092 deputentur.
947 3049 957 3076 n

193 3099 203 3127 ⁸
219 3098 276 3148 llaee
294 3104 374 3147 lernen
392 3097 541 3148 Vieariorum
561 3097 591 3147 ad
611 3103 705 3162 ternpus
720 3097 854 3149 nominatio
869 3107 952 3163 posset
969 3102 1089 3166 pertinere
1105 3104 1135 3152 ad

163 3169 281 3234 &pirula
294 3168 387 3218 Citatur
398 3167 462 3218 enlm
475 3167 488 3218 1
502 3169 529 3218 ll.
544 3167 629 3228 Boulis,
639 3169 673 3219 De
685 3169 810 3234 Capitulis,
823 3187 845 3235 p.
854 3171 910 3230 262,
920 3171 1013 3222 decisio
1025 3173 1048 3222 in
1062 3176 1134 3224 carrad

163 3239 291 3290 Narniensi
310 3239 455 3290 ubidicitur
470 3239 537 3305 qudd
555 3238 692 3304 Capitulum
705 3255 789 3288 euram
809 3241 946 3292 adiuturum
969 3251 1083 3294 exerceat
1094 3259 1135 3310 per

164 3310 281 3362 licerium
293 3310 324 3359 ab
336 3311 419 3360 eodem
428 3310 539 3374 capitulo
547 3311 678 3376 quotannis
687 3311 825 3375 elipendnm
833 3318 857 3362 et
867 3315 1073 3364 confirmandum.

193 3383 203 3412 ¹
220 3382 270 3432 Etsi
287 3381 418 3447 presbyteri
438 3382 479 3446 qui
497 3381 622 3444 eliguntur
638 3381 663 3431 in
685 3382 792 3432 llio-arios
816 3383 988 3434 parochiarum
1012 3385 1136 3436 unitarum

164 3458 246 3506 ment
256 3451 357 3502 aliunde
368 3451 497 3518 approbati
510 3465 553 3517 pro
570 3467 640 3503 sacro
653 3452 802 3514 ministerio,
816 3455 915 3520 speciali
933 3463 1013 3505 tamen
1027 3455 1138 3520 indigent

164 3523 339 3588 approbatione
361 3523 472 3588 Episcopi
491 3528 519 3572 ut
537 3521 630 3572 dictum
651 3539 740 3572 munus
757 3523 843 3574 lliuarii
861 3525 956 3589 possint
975 3526 1086 3590 implero.
1102 3526 1136 3576 lu

164 3592 297 3644 launna
311 3593 336 3643 d.
349 3592 377 3645 G.
389 3591 483 3646 maed.
492 3591 520 3642 in
531 3592 605 3645 nauel
614 3591 755 3645 coloniend
764 3593 1010 3654 tumulantium,
1024 3593 1135 3659 tollar..

164 3654 204 3714 wi
226 3653 347 3722 “laub

983 3735 1019 3798 Ψ
