2506 3984
207 145 264 208 set
427 159 563 206 utuntur
582 158 683 206 rorrns
701 157 784 205 rnars
804 157 954 205 caucum.

206 259 303 340 agitur
322 258 361 321 de
374 257 511 339 Capitulo
531 256 674 320 Ecclesiae
686 255 926 340 Metropolitanae
949 257 1001 320 vel
1020 266 1189 342 exempta,

204 346 359 409 debebunt
386 346 569 429 capitulares
596 345 635 408 ad
662 363 772 409 novam
798 347 981 409 electionem
1012 349 1188 429 procedere.

209 456 225 492 a
246 435 336 498 Sacra
349 442 450 498 entem
467 436 667 518 Congregatio
679 435 755 498 solet
772 453 870 516 usque
889 434 928 498 ad
948 435 1076 499 exitum
1099 457 1190 500 cause

206 547 222 583 s
246 532 444 588 manutenere
458 543 529 586 eum
542 527 629 605 cujus
640 523 748 587 electio
761 524 1005 597 controvertitur,
1018 526 1190 607 supplendo

207 637 222 674 a
246 615 455 677 auctoritatem
468 615 501 675 in
518 621 668 696 quantum
687 612 854 696 indigeret;
869 613 916 676 vel
936 613 1034 677 etiarn
1060 615 1190 696 aliquem

208 727 222 761 u
248 704 313 786 ipsa
321 701 445 784 deputat
453 721 509 786 pro
521 709 585 766 toto
594 701 680 766 Sedis
688 703 821 766 vacantis
831 710 1005 786 tempore.»
1018 705 1075 784 (D.
1088 704 1189 778 Bonis,

209 791 303 873 a'b.,p.
315 794 398 872 585.)

250 885 338 942 tart.
365 902 381 940 α
399 881 431 943 Si
445 881 553 944 electio
571 898 610 945 ex
629 899 668 946 eo
689 899 752 944 non
774 881 914 945 sortiatur
930 881 1102 956 effectum,
1128 885 1192 967 quia

209 993 224 1028 a
249 969 362 1032 electus
374 971 545 1034 consentire
554 975 683 1042 recusat,
698 970 744 1033 vel
754 975 824 1052 post
835 987 1025 1036 consensum
1037 976 1194 1037 renuntia

211 1081 225 1118 a
249 1058 307 1137 Juri
328 1077 401 1138 suo,
416 1065 469 1122 aut
481 1058 562 1124 torte
572 1059 653 1122 diem
668 1058 781 1122 claudit
793 1065 974 1138 extremum,
996 1079 1057 1125 seu
1073 1071 1194 1145 propter

210 1171 225 1205 »
250 1147 396 1209 occultum
413 1148 477 1229 ejas
494 1149 601 1212 citizen
622 1147 773 1222 irritatur,
789 1147 933 1212 electores
947 1150 1017 1232 (qni
1032 1151 1105 1231 jam
1119 1152 1194 1216 fece

212 1261 226 1296 a
252 1244 320 1298 rant
342 1237 424 1319 quod
449 1237 601 1319 spectabat
624 1237 663 1300 ed
689 1237 793 1319 ipsos,
821 1237 899 1300 intra
923 1238 1001 1318 iuris
1023 1241 1194 1304 terminum

212 1347 227 1385 a
252 1326 403 1408 eligendo)
423 1326 578 1389 habebunt
600 1327 796 1403 edisseram,
814 1325 1058 1406 renuntiatione,
1076 1337 1193 1406 morte,

213 1437 228 1474 a
253 1417 299 1478 rel
314 1417 479 1478 irritatione
487 1414 647 1498 praedietis,
659 1433 695 1478 ac
708 1415 733 1477 si
742 1413 856 1478 vacatio
870 1433 946 1478 nore
959 1422 1057 1490 esset,
1074 1423 1195 1501 tempus

214 1528 229 1564 a
254 1505 406 1588 integrum
426 1503 464 1568 ad
478 1505 656 1567 electionem
674 1503 764 1566 aliem
777 1502 1007 1582 celebrandam;
1023 1503 1195 1569 dummodo

215 1617 229 1654 a
255 1595 328 1656 nihil
338 1593 542 1657 fraudulenter
554 1594 672 1666 egerint
685 1593 717 1655 in
731 1591 904 1664 oraemissis.
919 1593 1022 1673 »Gap
1038 1592 1083 1657 Si
1095 1595 1195 1659 electio

221 1695 271 1766 26,
283 1692 317 1754 de
326 1690 538 1754 electetelecti
548 1696 666 1772 potest,
679 1690 709 1750 in
721 1690 827 1752 caeto.
838 1685 1099 1768 Roman.Poatr's.
1108 1687 1193 1749 l873.

260 1783 349 1842 tw.
374 1781 448 1840 Item
473 1796 533 1840 non
558 1778 686 1858 privatur
704 1795 760 1840 suo
776 1778 844 1857 jore
865 1780 994 1858 eligendi
1018 1786 1192 1865 Capitulum

220 1867 245 1931 si
259 1869 338 1930 intra
356 1874 426 1929 octo
438 1867 502 1929 dies
524 1885 585 1928 non
601 1867 744 1946 potuisset
759 1869 931 1950 convenire,
946 1872 1018 1953 qnia
1029 1891 1058 1939 v.
1077 1895 1112 1958 g.
1138 1899 1192 1961 po-

220 1963 311 2019 testas
323 1957 476 2020 secularis
488 1955 659 2018 obsisteret.

257 2045 328 2108 «Si
354 2048 499 2109 moriatur
520 2047 657 2111 Vicarius
699 2050 717 2111 o
743 2049 972 2130 Metropolitano
992 2069 1031 2114 ex
1055 2053 1131 2133 inre
1158 2059 1190 2118 al

213 2135 353 2216 »ipsum
391 2136 530 2200 devoluto
560 2137 759 2216 constitutus,
786 2145 860 2201 tunc
886 2147 983 2220 potest
1016 2143 1190 2224 Capitulum

213 2245 229 2284 s
254 2241 366 2286 novum
380 2225 490 2307 eligere
503 2225 657 2289 Vicarinm
675 2225 752 2288 inira
765 2235 833 2290 octo
847 2226 930 2304 dies,
948 2234 982 2292 ut
996 2231 1106 2312 prilrs,
1122 2235 1190 2316 quia

213 2335 229 2374 n
254 2333 308 2396 pro
323 2314 418 2398 prinrt
433 2315 497 2378 vice
514 2316 631 2378 tanturn
642 2315 693 2396 jus
706 2316 816 2378 amisit.
833 2338 849 2376 a
866 2318 910 2379 Ita
923 2316 1068 2400 Barbosa,
1085 2339 1137 2406 ap.
1154 2326 1189 2386 D.

215 2403 322 2483 Bouix,
332 2403 386 2478 it,
402 2423 432 2486 p.
449 2404 872 2486 589,quutoer1untradit.

581 2576 736 2636 ruroruu
748 2577 804 2635 nr.

250 2711 384 2764 QUOMODO
403 2709 511 2758 naalol
531 2709 647 2756 ortam
666 2708 789 2756 morlo
809 2707 923 2756 vlctml
943 2707 1148 2758 GAPITULARIS·

256 2847 344 2906 tart.
370 2845 401 2903 l⁰
415 2843 556 2914 Quamvis
571 2861 608 2904 ex
628 2860 695 2922 cap.
718 2841 793 2918 Ouia
809 2848 945 2923 propter,
972 2840 1008 2902 de
1027 2843 1182 2926 electione,
1235 2837 1236 2920 l

215 2931 321 2994 electio
335 2931 492 3012 Episcopi,
508 2937 587 2993 etex
602 2929 715 2993 Concil.
732 2927 866 2991 Trident.
882 2931 966 3008 (sess.
982 2933 1040 3008 25,
1066 2949 1134 3015 cap.
1149 2939 1186 3012 6,

215 3020 250 3082 de
265 3019 347 3100 rep),
358 3019 464 3081 electio
474 3020 669 3082 Praelatorum
682 3017 899 3082 etOllicialium
913 3017 993 3099 apud
1006 3018 1132 3084 ordines
1140 3043 1185 3086 re·

216 3109 338 3191 ligiosos
358 3107 423 3169 lieri
440 3106 549 3170 debeat
571 3126 625 3190 per
647 3114 760 3171 secreta
780 3113 868 3184 vola,
888 3105 919 3167 id
932 3114 1035 3170 tamen
1058 3127 1121 3172 non
1143 3120 1185 3175 est

217 3198 386 3260 necessario
405 3196 626 3260 observandum
644 3196 676 3258 in
694 3195 841 3260 electione
861 3195 970 3260 Vicarii
985 3197 1183 3279 capitularis:

220 3309 236 3346 a
255 3287 331 3348 Clam
346 3285 402 3348 iste
414 3287 484 3348 rere
499 3303 560 3348 non
574 3287 613 3348 sit
625 3285 742 3358 electio,
756 3285 830 3348 dicit
843 3284 929 3347 Card.
946 3287 1037 3362 Luca,
1052 3286 1106 3348 sed
1119 3289 1185 3351 sim

216 3397 232 3434 s
256 3375 324 3454 plex
338 3373 503 3456 deputatio,
513 3372 590 3435 adeo
604 3379 637 3435 ut
650 3374 707 3435 alia
719 3391 780 3436 non
789 3375 926 3456 erigatur
934 3373 1105 3455 Superioris
1113 3395 1184 3440 oon·

216 3483 232 3520 a
257 3461 397 3524 firmatio.
415 3483 431 3519 a
448 3462 492 3522 lta
501 3461 611 3541 pariter
621 3462 652 3522 S.
668 3462 779 3543 Congr.
800 3461 913 3525 concil.
926 3464 943 3524 a
958 3462 1064 3526 Garcit
1078 3464 1182 3543 relata,

217 3556 248 3611 et
260 3551 352 3622 Rota,
367 3546 449 3624 apud
463 3549 498 3608 D.
516 3547 612 3613 Bouix
633 3547 678 3610 De
692 3547 836 3628 Capitol„
854 3567 885 3630 p.
901 3552 971 3613 593.
988 3550 1184 3616 Laudabiliter
