2578 4008
337 225 348 229 '⁵
451 265 538 312 urana
558 265 677 314 rarum.
1026 255 1079 314 351

110 377 124 416 n
148 357 272 422 hreresis
286 359 469 424 ePontificid
483 360 627 443 dignitate
642 361 801 438 cecidisse;
813 363 892 426 hene
906 365 1085 426 sententiam

109 468 124 507 n
149 453 273 510 tuentur
286 449 469 528 Paludanus²
485 456 570 513 etc...
585 451 750 514 Haereticus
766 459 811 514 est
824 457 906 514 ext-ra
921 453 1086 514 Ecclesiam

109 557 124 594 n
150 555 185 598 ac
203 537 329 619 proinde
343 539 486 601 Ecclesiae
499 539 673 602 membrum
693 558 754 602 nnn
770 538 915 603 habetur:
932 541 1085 622 quomodo

110 648 125 684 n
150 625 242 706 igitur
254 627 497 710 caputEcclesiae
507 635 678 711 potestesse
692 629 746 711 qui
756 630 929 692 membrum
945 629 1087 692 Ecclesiae

111 737 126 773 n
152 733 214 777 non
233 716 566 782 cstt...1demvidetur
587 717 695 781 deduci
723 737 760 782 ex
779 737 846 801 cap.
869 717 1084 800 Occidentem:

111 825 126 862 a
152 823 219 886 cap.
235 806 360 868 Aeacius
369 823 383 882 ,·
395 824 463 888 cap.
480 807 768 884 acclamamus.
785 811 842 885 tl,
858 827 889 888 q.
903 811 932 884 t,
944 815 1001 870 etc.

152 915 167 952 n
192 893 331 957 Secunda
341 894 444 977 opinio
458 903 548 976 negat
562 896 727 977 generatim
742 897 854 978 Papam
868 895 981 959 fectum
991 895 1088 959 haere-

112 1006 127 1044 u
153 983 245 1046 ticum
255 977 396 1065 essejure
409 984 510 1048 divino
523 989 577 1048 sua
587 991 770 1067 potestate..
780 991 928 1062 amotum,
940 985 992 1048 sed
1004 1004 1088 1048 amo·

113 1095 128 1130 o
153 1071 285 1136 rendum
305 1094 311 1134 :
328 1093 397 1155 quae
411 1075 616 1136 seutentiaest
633 1074 782 1153 Cajetani,
800 1081 898 1138 etc...
916 1077 983 1138 Non
1006 1075 1089 1138 enim

112 1175 128 1221 n·
154 1163 252 1224 caeteri
276 1162 416 1245 Episcopi
437 1165 536 1225 statim
556 1181 592 1226 ac
612 1168 683 1225 sunt
710 1163 860 1240 haeretici,
894 1163 960 1246 ipso
981 1165 1086 1244 jure...

112 1273 128 1310 n
154 1249 262 1331 dejecti
282 1259 453 1315 censentur.
468 1255 608 1315 Donec...
625 1253 729 1314 saltem
743 1271 848 1314 eorum
863 1253 979 1314 crimen
993 1253 1090 1315 decla·

112 1363 128 1402 a
154 1346 247 1416 ratur,
263 1340 530 1404 interim...valent
542 1360 611 1424 quae
623 1347 754 1422 agunt...
769 1342 938 1404 ACcncilio
953 1341 1089 1404 Generali

113 1453 129 1490 a
154 1429 339 1492 amovendus
358 1437 435 1494 essct
453 1432 533 1514 Papa
553 1432 578 1492 si
595 1432 627 1492 in
645 1430 783 1494 haeresim
802 1429 962 1493 laberetur.
981 1453 996 1490 u
1014 1430 1089 1493 Vide

114 1520 240 1600 insuper
253 1519 330 1581 inira
341 1519 470 1582 dicende
483 1519 598 1600 (6123).

155 1611 199 1670 De
210 1627 282 1672 casu
300 1609 455 1674 electionis
473 1609 646 1674 simoniace
661 1611 692 1674 S.
708 1607 873 1682 Pontificis‚
886 1609 952 1674 vide
962 1609 1090 1674 dicenda

113 1697 195 1761 infra
210 1699 325 1781 (6193).

532 1832 614 1897 ART.
637 1831 672 1896 ll.

239 1975 276 2022 or
296 1979 415 2026 ructans
438 1983 578 2027 rnumrur
602 1985 627 2028 s.
654 1981 814 2028 ronrrrrms
837 1979 973 2026 annexis.

581 2161 649 2242 pr.

392 2305 437 2368 Ile
450 2302 574 2366 luridas
587 2299 620 2361 in
637 2297 822 2382 spiritualia.

161 2461 229 2521 683.
253 2457 361 2520 Omnia
373 2455 441 2534 jura
456 2449 600 2514 Primatui
615 2451 645 2512 S.
657 2445 854 2511 pontificatus
864 2443 979 2506 adnexa
993 2442 1031 2504 ab
1045 2442 1094 2502 illo

119 2545 271 2631 imprimis
292 2543 441 2628 principio
465 2541 622 2603 dimanant
638 2537 720 2621 qudd
740 2539 771 2600 S.
787 2533 923 2596 Pontifex
946 2531 984 2594 sit
1004 2531 1093 2593 totius

121 2635 347 2702 communionis
372 2632 525 2697 catholicae
543 2633 682 2692 centrum
706 2624 921 2690 necessarium.
938 2623 1002 2682 lloc
1024 2637 1095 2700 ergo

122 2725 348 2790 fundamentale
362 2731 510 2807 punctum
524 2724 593 2783 ante
603 2717 706 2780 omnia
719 2722 764 2779 est
773 2715 822 2776 lric
836 2709 1025 2794 probandum
1041 2711 1097 2770 :sit

122 2817 225 2892 igitur.
1007 2847 1012 2858 .

123 2922 192 2982 684.
210 2913 391 2994 Propositio:
405 2911 608 2971 -Romanus
620 2903 756 2967 Pontifex
766 2901 857 2963 totius
865 2896 1092 2962 communionis
1111 2967 1123 2978 ,

164 3003 321 3067 catholice
340 3011 479 3064 centrum
499 3002 542 3058 est
568 2991 783 3056 necessarium.
804 2987 972 3069 Propositio
990 2991 1034 3048 est
1056 2985 1094 3048 de

168 3092 227 3153 lide
241 3088 366 3170 (Concil.
385 3089 476 3149 l'atic.
492 3103 557 3166 cap.
571 3085 609 3145 lll
620 3087 650 3144 et
670 3081 733 3162 tv).

168 3183 226 3243 Per
237 3184 373 3242 centrum
381 3165 963 3246 enarmonionisoathnlicaeintelligitur,
973 3162 1097 3225 etunied

130 3269 255 3349 intelligi
263 3271 357 3349 potest
367 3281 494 3346 persona
503 3263 747 3342 qudcumomnes
756 3255 893 3318 Ecclesiae
902 3251 1098 3351 particulares

131 3368 162 3426 et
175 3359 292 3438 singula
305 3353 447 3416 Ecclesiae
459 3349 594 3412 membra
606 3345 834 3410 communicare
848 3351 876 3405 et
889 3343 1051 3414 unitatem,
1068 3356 1097 3399 rn

133 3444 171 3514 iis
184 3463 252 3528 qrrae
267 3442 305 3506 ad
321 3441 412 3503 tidem
432 3445 461 3501 et
475 3438 649 3518 religionem
666 3437 827 3516 pertinent,
844 3447 961 3493 servare
976 3427 1097 3526 debent.

135 3535 229 3602 Porro
256 3533 320 3594 haec
342 3527 518 3592 communio
543 3544 612 3588 cum
640 3529 777 3588 Romano
803 3519 948 3582 Pontidce
975 3531 1102 3578 omnino

137 3623 311 3704 requiritur.
323 3621 414 3698 Ergo,
430 3623 487 3678 etc.
