2578 4008
482 285 567 344 unm
589 273 755 346 rnmnsT'·
1021 285 1080 348 285

105 389 191 454 adme
203 389 310 454 alludit
323 388 436 452 concil.
451 389 585 452 trident.
602 393 685 469 (sesa.
697 396 747 464 nt.
759 410 826 474 cap.
843 397 893 472 lt,
908 393 944 456 tie
956 395 1079 478 reson),

106 479 159 542 ubi
164 491 256 561 eaput
262 478 336 544 Cicm
341 477 482 562 cappello,
492 477 528 542 de
537 479 724 562 Prioilepiis,
736 481 869 558 innovat,
880 489 910 544 et
919 483 971 545 ubi
979 490 1081 547 tamen

106 566 181 632 dicit
191 569 379 642 :nononiam
386 567 540 650 privilegia
549 575 579 631 et
591 569 798 652 exemptiones,
809 589 878 652 quae
890 571 978 633 variis
989 573 1082 636 titulis

106 679 124 719 r
148 658 300 741 plerisque
312 656 532 734 conceduntur,
547 655 632 720 bodie
642 658 894 740 perturbationem
914 658 946 720 in
960 659 1082 741 Epr'sco

107 766 252 830 oporam
272 744 484 829 jurisdictione
509 745 656 822 accitare,
686 753 716 809 ct
741 747 885 830 exemptis
908 749 1082 812 occasionem

108 857 124 894 o
149 834 276 898 toca'oris
288 835 359 899 uita
366 833 501 918 probem
518 833 742 914 dignoscantur,
758 834 905 915 decernit,
916 841 973 898 eto.
990 858 1005 896 n
1021 838 1081 901 Sed

108 922 156 986 his
178 924 347 1001 concessis,
368 923 587 1005 legitimitatem
611 924 839 1005 exemptionum
861 925 894 987 in
916 944 1027 1006 genero
1049 927 1081 989 in

108 1011 236 1077 dubium
250 1031 390 1076 ravoeme
400 1011 527 1074 minime
541 1011 620 1074 lieet.

148 1114 218 1174 572.
237 1111 388 1193 Legitima
403 1111 486 1172 enim
505 1117 576 1173 sunt
596 1111 823 1193 exemptiones,
840 1113 864 1175 si
880 1117 912 1176 l⁰
931 1115 991 1178 sint
1008 1115 1082 1178 anti·

108 1199 262 1282 quissimae
287 1201 319 1262 in
339 1199 492 1276 Ecclesit;
506 1202 540 1261 2⁰
559 1199 584 1262 si
607 1200 728 1263 nonnisi
746 1202 765 1263 a
787 1201 922 1284 legitimo
940 1205 1082 1268 exercitio

108 1291 262 1370 potestatis
284 1288 481 1371 competentis
499 1288 664 1370 procedant
684 1308 692 1349 :
714 1290 795 1371 atqui
824 1290 888 1354 haec
910 1291 971 1355 duo
1002 1300 1082 1356 certa

109 1383 179 1439 sunt
198 1377 362 1460 (loquimur
388 1377 539 1459 imprimis
557 1377 596 1440 de
612 1377 855 1460 exemptionibus
880 1380 1079 1463 regularium,

108 1463 149 1529 de
161 1467 272 1548 quibus
285 1467 416 1530 maxime
429 1473 474 1529 est
487 1465 668 1546 difficultas).

150 1567 182 1626 l·
195 1565 406 1647 Exemptionee
425 1571 493 1626 eunt
512 1565 746 1648 antiquissimos:
759 1566 893 1644 etenim,
907 1585 989 1631 anno
1003 1570 1080 1646 390,

109 1653 142 1716 S.
150 1653 337 1736 Epiphanius
350 1654 510 1717 Salaminia
520 1653 551 1716 in
561 1653 659 1736 Cypro
669 1654 845 1737 Episcopus,
859 1655 1081 1720 ordinationem

108 1741 179 1806 fecit
192 1743 223 1804 in
238 1743 422 1805 monasterio
435 1742 659 1806 bethleemitico
672 1743 724 1807 ubi
734 1743 863 1826 degebat
875 1746 907 1810 S.
935 1745 1081 1829 Hierony-

109 1837 226 1908 mus,et
234 1835 305 1895 ebm
315 1851 350 1895 ex
362 1832 419 1894 hoe
431 1831 542 1894 illatam
551 1831 643 1895 luisse
653 1851 714 1895 suae
721 1833 921 1913 jurisdictioni
940 1833 1081 1915 injuriam

108 1921 313 2002 conquerebat
330 1923 462 1984 loannes
480 1921 789 2002 Hierosolymitanus,
812 1921 856 1987 sio
877 1940 910 1986 se
932 1925 1082 1988 excusavit

108 2009 139 2071 S.
156 2010 358 2091 Epiphanius:
378 2008 585 2073 «nihilum...
601 2009 719 2090 iniuria
732 2009 897 2087 lecimus..;
913 2010 945 2075 in
959 2030 1081 2076 monas-

107 2123 123 2156 »
147 2099 224 2161 terio
246 2095 488 2162 ordinavimus...
511 2103 543 2162 ct
563 2115 625 2162 uon
639 2099 673 2162 iu
687 2098 821 2183 paroecia
853 2097 992 2180 (dicecere)
1013 2119 1082 2183 quae

107 2211 123 2246 n
146 2186 201 2250 tibi
224 2187 343 2250 subdita
356 2187 439 2251 sit.»
460 2189 541 2270 Ergo
551 2187 614 2267 jam
633 2194 708 2251 tunc
729 2187 885 2253 exstabant
900 2190 1081 2255 monasteria

108 2295 125 2339 a
137 2275 346 2356 jurisdictione
360 2276 509 2340 Ordinarii
523 2281 674 2359 exempta.

151 2378 324 2448 Annotiib,
339 2377 374 2437 ln
391 2375 523 2438 Concilio
534 2373 698 2436 Arelatensi
713 2377 744 2450 3,
756 2370 912 2438 decretum
924 2373 979 2437 luit
992 2373 1080 2457 Epis-

107 2483 218 2546 copum
229 2464 465 2544 Foroiuliensem
480 2463 552 2526 nihil
567 2463 647 2526 aliud
662 2461 794 2546 potuisse
806 2463 925 2546 exigere
939 2466 956 2526 b
970 2465 1080 2528 Fausto

107 2553 256 2616 Lirinensi
279 2557 371 2634 quarn
395 2553 478 2635 qubd
501 2553 586 2616 istius
605 2552 735 2634 religiosi
755 2569 774 2616 a
794 2570 829 2617 so
850 2551 1077 2631 ordinarentur3

108 2643 242 2723 itemque
264 2659 282 2704 a
305 2661 337 2704 se
360 2641 622 2704 confirmationem
644 2657 680 2704 ac
700 2640 836 2704 Chrisma
859 2643 1030 2723 acciperent
1050 2648 1082 2706 et

107 2731 191 2813 quod
207 2730 330 2802 advenae
347 2730 448 2794 clerici
469 2749 487 2792 a
505 2749 536 2792 se
552 2731 662 2812 pariter
675 2727 714 2791 ad
732 2730 981 2793 communionem
995 2736 1025 2793 et
1041 2731 1080 2794 ad

106 2821 183 2886 sacri
210 2819 367 2882 ministerii
398 2818 574 2882 exercitium
600 2817 856 2898 admitterentur;
883 2829 989 2884 certeco
1014 2821 1081 2884 cero

104 2908 147 2972 od
164 2909 257 2970 solone
281 2928 316 2970 ac
339 2907 462 2970 liberem
485 2907 611 2970 Actaeis
631 2906 850 2990 dispositionem
871 2913 1080 2994 pertinerent:

110 3019 127 3058 r
146 2998 270 3080 regula,
295 2998 437 3078 inquiunt
456 2997 576 3071 Patres,
599 3013 667 3078 quae
686 3015 704 3058 a
723 2995 895 3062 Fundatore
909 3000 1004 3081 ipsius
1017 3018 1081 3063 mo

106 3107 122 3146 a
147 3086 267 3149 nestorii
286 3085 403 3148 dudum
424 3086 584 3148 constituta
601 3090 661 3162 est,
677 3083 709 3146 in
723 3085 866 3150 omnibus
879 3088 1037 3152 custodita.
1058 3111 1074 3149 n

148 3184 243 3248 Multa
268 3183 325 3245 alia
342 3183 515 3246 testimonia
532 3181 637 3245 reterri
659 3189 787 3264 possunt
806 3189 842 3248 ut
866 3185 958 3248 videri
983 3193 1080 3268 potest

105 3273 187 3356 apud
197 3275 233 3334 D.
250 3272 359 3348 Bouix,
373 3272 415 3335 De
429 3271 548 3353 liceat,
559 3275 720 3354 tepeo,
736 3277 809 3350 eta.;
820 3273 1080 3338 sufficiathtetan·

105 3363 174 3426 tlun
196 3361 306 3425 addere
324 3380 393 3444 quae
415 3361 520 3424 statuit
535 3361 568 3426 S.
591 3361 753 3444 Gregorius
772 3363 901 3444 Magnus
918 3363 949 3425 in
963 3363 1076 3426 Conoil.

105 3561 201 3615 veritat
212 3561 346 3613 obtinuerit
354 3559 520 3627 exemptiones
530 3577 574 3626 pro
586 3561 637 3612 suis
645 3560 809 3622 monasteriis,
818 3567 846 3611 ut
857 3565 953 3613 canstat
964 3575 992 3611 ex
1001 3561 1078 3628 diplo-

105 3639 170 3686 mate
182 3648 302 3685 coricesso
315 3632 345 3684 ab
357 3633 502 3682 Innocentio
514 3633 531 3682 ll
546 3631 693 3682 llonasterio
706 3632 733 3683 ll.
746 3629 828 3682 llariae
845 3631 888 3682 Dei
900 3630 1037 3681 Genitricis.
1050 3633 1076 3698 Υ.

106 3721 146 3788 tp.
158 3705 187 3758 ll.
202 3703 288 3780 Bouix,
301 3705 336 3755 Dc
349 3704 472 3792 ltcpalcr,
486 3709 503 3753 t.
516 3704 540 3764 2,
554 3718 577 3768 p.
591 3702 646 3778 tlt.
