2586 3988
211 217 250 282 38
432 233 571 280 nerones
591 234 693 281 rarius
712 233 795 281 tuate
815 233 962 282 cruentet.

250 334 316 396 Dixi
332 333 393 396 nisi
401 335 582 396 eontrarium
594 343 738 416 appareat
749 355 760 394 :
770 353 856 410 nam,
872 335 918 398 vel
928 353 964 396 ex
978 333 1104 398 ntaterib
1114 335 1186 398 sub-
1279 343 1280 368 ³

207 425 286 504 jecta
308 431 358 486 aut
382 423 472 486 modo
494 423 657 504 loquendi,
678 424 779 486 aliisve
803 425 1055 500 circumstantiis,
1076 433 1127 487 eut
1149 443 1187 487 ex
1279 495 1280 498 Ἴ

208 514 307 575 Curiae
317 513 546 580 consuetudine,
557 531 636 594 saepe
651 513 749 594 colligi
762 520 858 594 polest
874 531 934 575 non
945 513 1037 576 luisse
1052 521 1186 574 mentem

210 601 376 683 delegantis
391 621 443 684 per
453 601 520 663 tuiie
532 603 620 663 verba
631 603 825 684 praescribere
837 621 942 664 novam
958 602 1086 664 sortitam
1102 602 1186 664 subs-
1279 613 1280 670 j

209 693 374 760 mntiulem,
384 691 435 753 sed
447 691 638 753 solummodo
650 691 877 754 instructionem
887 691 984 753 lacere
997 709 1052 774 pro
1067 691 1184 753 meliori
1279 747 1280 752 ,

210 782 321 864 negotii
336 779 538 864 expeditione.
555 780 723 859 (lleifsenst.
744 779 820 842 leia.
843 789 876 840 n⁰
893 783 1043 859 iteret).

247 875 297 933 59.
322 873 442 943 Quaerit.
466 873 497 934 8⁰
522 873 568 931 An
598 869 772 951 siquando
795 869 930 952 obreptio
953 877 1005 932 aut
1030 869 1185 950 subreptio

206 959 290 1022 vitiet
299 959 490 1040 rescriptum.
502 959 572 1020 Haec
580 965 680 1020 autem
690 957 751 1021 duo
761 1005 769 1035 ,
781 960 930 1040 quantum
948 957 985 1020 ad
1000 960 1184 1040 propositam
1279 953 1280 1024 Ϊ

208 1050 406 1129 quaestionem
422 1066 484 1110 non
503 1046 655 1110 differunt.
675 1049 768 1110 Porrd
788 1048 871 1110 iocus
891 1054 936 1110 est
950 1047 1118 1129 obreptioni
1133 1052 1186 1109 aut
1279 1063 1280 1128 j

208 1137 393 1219 subreptioni
403 1139 434 1198 in
448 1137 611 1218 rescriptis,
626 1136 750 1218 quando
760 1155 814 1218 per
823 1136 1073 1218 supplicationem
1083 1136 1184 1217 expri-
1279 1153 1280 1206 l

208 1227 301 1289 mitur
311 1225 474 1290 laisitasrei
485 1233 600 1288 tacetur
613 1225 768 1288 veritasde
780 1227 848 1306 jure
855 1225 1063 1307 exprimenda.
1079 1229 1181 1287 Nunc:

247 1317 335 1398 Resp.
354 1314 605 1396 Distinguendum
620 1333 685 1376 esse
698 1317 775 1376 inter
789 1333 841 1378 eos
855 1317 906 1396 qui
919 1335 975 1397 per
987 1313 1122 1395 fraudor
1137 1315 1184 1376 vel

207 1404 365 1476 malitiam,
382 1413 413 1467 et
427 1405 492 1468 ilios
515 1403 566 1486 qui
589 1423 640 1486 per
660 1404 881 1485 simplieitatem
897 1403 943 1465 vel
965 1404 1181 1484 e'przarautiam,

208 1497 295 1557 tacita
310 1496 441 1573 veritate,
453 1493 499 1557 vei
509 1496 649 1576 expresse
660 1493 797 1571 falsitate,
806 1493 918 1556 litteras
929 1494 1089 1576 impetrant
1098 1511 1185 1574 epos·

206 1583 322 1647 tolieas.

247 1676 302 1745 Oui
314 1671 508 1755 perfruentem
520 1673 693 1754 impetrent,
709 1673 765 1734 ein
776 1689 838 1734 suae
847 1670 1048 1754 perversitatis
1059 1687 1183 1752 poenam

205 1783 222 1822 n
247 1761 363 1826 nulium
377 1781 413 1825 ex
437 1762 496 1824 illis
516 1762 620 1824 litteris
639 1761 835 1824 commodum
852 1767 1091 1842 consequuntur.
1106 1781 1123 1820 a
1139 1761 1183 1822 le

206 1869 273 1933 cap.
289 1855 386 1934 Super
400 1851 520 1921 litteris,
539 1855 587 1924 20,
599 1849 634 1912 de
647 1850 822 1932 Rescriptie.

247 1942 302 2012 Oui
331 1959 384 2022 per
410 1939 630 2023 u'nrpliee'tutem
653 1939 699 2002 uel
728 1939 946 2018 e'puoruutiam,
977 1939 1021 2013 si,
1046 1945 1184 2002 cessante

206 2029 399 2112 subreptione
412 2030 458 2091 vei
468 2029 659 2111 obreptione,
679 2027 877 2090 nihilominus
892 2029 971 2109 Papa
984 2027 1184 2090 concessisset

206 2120 397 2200 rescriptum,
413 2119 518 2180 saitem
541 2121 572 2179 in
594 2117 691 2179 sonna
709 2117 863 2180 communi
884 2163 892 2194 ,
916 2117 1093 2198 rescriptum
1119 2134 1182 2178 nen

205 2209 324 2272 vitiatur
338 2209 369 2270 in
384 2212 438 2270 sut
453 2207 632 2282 substantia3
649 2205 731 2268 unde
745 2207 777 2267 in
790 2205 849 2268 hoe
862 2223 949 2280 casu,
960 2207 984 2268 si
997 2205 1089 2284 judex
1103 2224 1131 2266 v.
1148 2225 1180 2286 g.

123 2362 126 2371 ,
204 2297 475 2379 delegatus'luisset
489 2305 522 2360 ut
534 2297 569 2358 ele
579 2296 669 2378 pleae
682 2305 711 2356 et
720 2294 917 2377 appellatione
931 2295 1054 2363 remutet,
1072 2312 1182 2375 proce·
1278 2329 1279 2380 l

206 2385 309 2464 deret,
338 2387 486 2470 delegatio
513 2387 624 2447 valeret
650 2385 795 2466 quidem,
820 2383 872 2447 sed
897 2383 989 2463 judex
1018 2382 1182 2464 procedere
1278 2405 1279 2420 ¹

204 2475 328 2539 deberet
337 2477 422 2556 juxta
433 2476 510 2556 juris
523 2474 662 2537 ordinem
676 2473 774 2551 (Card.
787 2473 898 2555 Sogiia.
913 2473 987 2535 lust.
999 2472 1068 2532 lur.
1076 2471 1180 2554 psall,

203 2565 382 2648 §sel-si,
391 2573 527 2630 cessante
536 2565 742 2647 subreptione,
753 2571 824 2641 ato,
840 2560 1024 2626 nullomodo
1036 2560 1181 2642 Papade·

204 2655 296 2718 disset
309 2657 499 2738 rescriptum,
514 2655 633 2716 vitiatur
643 2651 716 2715 iilud
732 2653 763 2714 in
777 2660 884 2716 totum.
902 2650 985 2714 idem
1001 2669 1067 2732 cap.
1083 2649 1182 2731 Super

205 2741 773 2826 litteris·Concordatcap.Siproclue,
785 2747 815 2817 8,
823 2741 858 2803 de
866 2737 1181 2815 Proebmdisirib,ubi

204 2835 390 2896 taciturnitas
403 2833 536 2896 detectus
550 2832 692 2894 ordinum
707 2832 746 2893 ad
756 2830 938 2893 beneficium
952 2829 1179 2910 requisiturum,

206 2942 266 2985 non
281 2924 361 2986 vitiat
376 2923 554 3004 rescriptum
569 2920 752 2983 beneficium
766 2919 936 2982 concedens
950 2916 1072 3000 quando
1086 2916 1182 2998 impe-

204 3019 306 3089 trans,
323 3012 400 3074 intra
414 3020 550 3093 tempora
565 3013 582 3072 a
594 3011 662 3090 jure
687 3017 806 3085 statuta,
822 3017 918 3090 polest
932 3025 985 3070 eos
998 3005 1151 3087 suscipere
1169 3024 1178 3068 e

205 3103 294 3184 quia,
315 3101 366 3163 illo
386 3100 504 3164 delectu
517 3101 655 3180 cognito,
671 3100 753 3180 Papa
770 3098 966 3161 concessisset
985 3094 1179 3177 rescriptum.

205 3189 367 3272 (Reiffenst.
385 3191 541 3272 utsupra,
558 3190 687 3265 11⁰l65).

243 3283 293 3342 60.
306 3279 424 3351 Quaerit.
436 3285 476 3342 9⁰.
489 3281 596 3343 Utrum
608 3278 786 3360 rescriptum
794 3275 1006 3358 subreptitium
1015 3275 1053 3338 sit
1061 3274 1181 3340 nulium

204 3369 270 3449 ipso
281 3370 368 3446 jura,
384 3369 429 3430 vei
444 3368 588 3430 duntaxat
602 3385 660 3448 ope
675 3366 884 3448 exceptionis?

243 3459 332 3539 itesp.
350 3455 535 3538 Rescriptum
551 3456 652 3538 gratiae
666 3465 710 3518 est
725 3457 790 3538 ipso
805 3457 870 3535 iure
885 3454 1023 3530 nulium,
1039 3462 1073 3517 ut
1084 3453 1181 3517 desu-

203 3548 296 3610 mitur
310 3566 346 3610 ex
360 3565 426 3630 cap.
445 3547 551 3608 ultimo
566 3545 601 3607 de
612 3544 688 3618 filiis
700 3545 829 3628 presbyt.
846 3544 1015 3606 Concordat
1027 3549 1118 3626 caput
1130 3543 1183 3605 Aa

203 3636 396 3711 audientiam,
409 3639 467 3712 313
483 3641 514 3698 ct
526 3633 743 3698 edbucciarius
757 3634 904 3698 Clamant.
919 3635 944 3712 l,
952 3632 987 3696 de
994 3631 1178 3696 Protendo.
1277 3651 1278 3712 l
