2574 3994
216 227 273 282 '236
435 241 571 284 urrunnu
592 241 694 286 rorrus
712 203 796 287 tonis
817 237 965 286 certorum.

255 335 371 397 Suiireit
384 336 474 396 etiam
491 337 589 416 primu
603 345 726 399 tonsure
749 357 804 418 pro
819 334 1014 417 adipiscendo
1027 335 1190 416 parochiali

214 423 362 486 beneficio
376 425 451 506 (cap.
468 425 506 486 Si
516 445 572 506 pro
586 425 747 500 clericis&
761 429 796 486 de
810 422 1002 498 Preedendr's,
1018 423 1050 484 in
1065 423 1123 505 θ’),
1140 425 1191 486 sed

215 513 280 574 talis
294 521 450 594 promotus
472 513 559 575 debet
576 515 658 576 intro
679 533 787 575 annunt
797 533 815 574 o
824 513 872 574 die
884 512 998 594 adeptae
1007 514 1191 594 possessionis

195 601 459 682 eonnpntnndum,
503 602 725 685 presbyterntds
765 601 903 664 ordinem
937 601 1071 682 recipere
1108 603 1186 683 (cap.

215 690 296 754 Licet
325 695 386 767 tt,
411 688 447 751 de
471 689 586 764 Eleon,
613 693 644 753 in
673 692 731 772 6⁰).
752 694 789 752 V.
822 689 943 768 Bouix,
971 689 1017 752 De
1034 690 1186 768 Ponenda,

251 871 347 931 Nemo
361 874 429 956 eligi
446 881 543 957 potest
556 872 588 934 in
597 871 811 952 Episcopatum
825 870 883 932 nisi
897 869 936 932 sit
948 868 1053 932 saltem
1065 869 1186 932 subdia·

211 975 307 1020 cortus
329 961 408 1045 (esp.
432 968 459 1027 Α
474 962 578 1026 nrnltis
592 966 628 1032 9,
645 961 790 1040 demente)
804 961 895 1022 etiam
918 977 1002 1021 usex
1014 959 1185 1038 mensione,

209 1046 293 1124 juxta
307 1049 420 1115 Coneil.
437 1053 585 1128 trident,
601 1068 673 1112 sess.
691 1054 745 1121 Ἠ,
761 1068 789 1112 o.
806 1052 843 1125 2,
858 1047 960 1128 deref.

250 1140 319 1200 tre.
343 1143 464 1214 Quaerit.
477 1144 624 1206 t⁰Utrum
633 1139 734 1201 stricta
742 1138 780 1200 sit
789 1137 932 1219 obligatio
941 1135 979 1198 ed
986 1136 1085 1200 ostiola
1094 1137 1188 1200 ecole-

211 1225 328 1290 siastioa
340 1229 467 1312 dignum
482 1229 635 1312 eligendi?

250 1317 338 1398 Resp.
356 1319 548 1383 Affirmntive.
568 1321 611 1383 lta
631 1319 694 1378 DD.
719 1317 903 1379 unanimiter
926 1334 963 1378 ex
981 1315 1077 1396 eapite
1092 1314 1186 1379 Graue

209 1405 299 1466 nimis
312 1413 368 1484 29,
397 1411 431 1471 de
454 1409 577 1477 Penei:
598 1431 613 1466 n
636 1409 729 1469 Grave
755 1406 845 1467 nimis
859 1412 922 1480 est,
941 1406 1038 1485 inquit
1058 1403 1184 1468 Alexan-

210 1515 225 1552 n
250 1494 304 1556 der
319 1500 357 1558 lli
371 1499 401 1559 in
418 1499 551 1560 Concilio
564 1496 717 1578 generali,
733 1503 763 1556 et
785 1495 950 1556 absurdum
965 1493 1184 1574 quodquidam

210 1605 224 1638 n
249 1585 450 1648 Eeelesiarum
465 1588 579 1648 eratali
589 1633 596 1662 ,
608 1586 679 1646 cirin
693 1584 897 1666 possintriros
907 1583 1032 1643 idoneos
1041 1581 1078 1643 ad
1088 1584 1183 1646 eecle-

209 1693 224 1728 r
249 1673 365 1735 siastica
391 1675 536 1737 beneficia
564 1691 755 1755 promovere,
782 1689 935 1733 assumere
954 1689 1015 1732 non
1042 1681 1184 1735 verentur

208 1781 223 1818 n
250 1759 405 1841 indignos,
421 1764 531 1844 quilius
555 1767 611 1824 ne'o
633 1780 751 1824 morum
765 1761 930 1836 honestam
947 1778 1003 1821 neo
1017 1759 1182 1823 litterarum

208 1869 223 1904 n
248 1850 372 1913 seientia
395 1853 615 1932 suffragantur,
641 1850 822 1913 carnalitatis
844 1855 1004 1930 sequentes
1025 1847 1180 1929 affectum,

207 1959 222 1994 r
249 1956 309 1999 non
334 1940 483 2018 judicium
512 1941 644 2002 rationis.
674 1939 761 2002 Unde
782 1945 894 2020 quanta
916 1937 1182 2002 Ecclesiisdemnn

207 2047 222 2084 n
248 2029 441 2106 proveniant,
458 2049 548 2092 nemo
559 2049 639 2092 snnae
652 2028 762 2090 mentis
776 2029 903 2108 ignorat.
920 2047 935 2085 n
953 2026 1008 2088 His
1020 2028 1183 2091 concordat

207 2115 321 2178 concil.
334 2119 481 2192 trident,
497 2139 569 2182 sess.
584 2123 632 2194 ll,
645 2138 672 2181 c.
689 2121 719 2194 3,
734 2115 836 2198 denes.

226 2205 339 2268 'Porro
367 2227 420 2289 per
448 2209 588 2288 indignos
610 2204 795 2287 intelligendi
817 2211 888 2268 sunt
906 2204 926 2267 ii
944 2204 1055 2286 quibus
1074 2205 1180 2270 saltem

205 2294 289 2358 deest
303 2315 363 2358 una
378 2317 413 2359 ex
427 2297 618 2378 qualitatibus
628 2315 718 2377 supra
731 2295 924 2356 enumeratis.

244 2390 314 2447 tto.
338 2387 458 2458 Ouaerit.
475 2391 506 2447 2⁰
525 2389 570 2446 dn
587 2387 735 2467 promotio
750 2384 867 2465 indigni
881 2384 919 2445 sit
933 2383 1039 2445 irrita?

245 2475 362 2556 Duplici
374 2475 554 2536 modoaetus
566 2481 737 2556 potestesse
752 2474 867 2536 irritus:
879 2473 944 2554 ipso
957 2471 1079 2553 quidem
1087 2472 1175 2552 jure,

204 2569 234 2623 et
247 2569 316 2624 ante
330 2582 454 2630 omnem
469 2563 667 2636 sententiam,
683 2569 792 2643 etpost
806 2562 985 2623 sententiam
998 2563 1114 2622 tantum
1125 2608 1133 2637 ,
1144 2562 1178 2624 in

204 2669 265 2732 quo
279 2670 351 2713 easu
365 2661 449 2714 actus
465 2670 525 2713 non
541 2659 585 2713 est
596 2651 718 2732 praecise
729 2651 829 2712 irritus
838 2651 890 2711 sed
902 2650 1081 2712 irritandus:
1097 2669 1177 2731 quee-

204 2739 278 2800 ritur
292 2759 364 2820 erpo
379 2749 480 2802 utrum
498 2739 647 2822 promotio
661 2739 777 2820 indigni
793 2739 830 2800 sit
851 2739 917 2820 ipso
928 2739 996 2818 jure
1010 2739 1110 2816 irrita,
1125 2746 1179 2802 aut

197 2829 301 2890 'solum
317 2830 482 2890 irritanda?

244 2919 331 2998 Resp.
361 2917 531 2998 Aliquando
558 2917 675 2997 indigni
699 2917 921 2998 promotionem
948 2935 1014 2978 esse
1039 2917 1175 2997 irritam,

203 3006 364 3086 aliquando
377 3005 522 3068 duntaxat
534 3005 721 3067 irritandam.
738 3005 937 3077 Quandonom
950 3007 1021 3068 verd
1035 3007 1116 3068 irrita
1124 3008 1175 3086 sit,

203 3095 398 3176 quandonam
414 3095 514 3156 solirm
528 3094 684 3171 irritanda,
702 3093 760 3156 hoe
773 3113 810 3155 ex
822 3094 920 3156 verbis
934 3095 1045 3175 quibus
1060 3095 1105 3157 lex
1119 3095 1178 3158 uti·

201 3189 250 3245 tur
272 3191 318 3244 est
328 3181 538 3262 judicandum.
549 3185 688 3244 -tuxn
702 3201 768 3262 cap.
785 3181 903 3244 Dardana
926 3187 964 3244 22
977 3229 985 3258 ‚
1000 3181 1035 3245 de
1049 3183 1080 3245 E
1082 3185 1148 3246 lect.
1164 3231 1174 3263 ,

202 3272 231 3334 in
252 3273 360 3352 triplici
377 3272 543 3352 praesertim
558 3289 628 3332 oasu
646 3271 728 3332 irrita
747 3269 864 3333 videtur
877 3273 1046 3353 promotio:
1064 3291 1176 3354 nempe

200 3361 224 3422 si
239 3367 405 3441 promotus,
426 3382 440 3417 n
454 3359 609 3421 electionis
616 3367 751 3440 tempore
759 3369 908 3441 pateretur
915 3361 960 3422 vol
971 3361 1003 3422 in
1016 3361 1176 3424 ordinibus
1283 3387 1284 3394 ¹

199 3473 214 3510 n
239 3449 467 3520 velinseientia,
479 3447 565 3509 velin
576 3447 1172 3529 etetedefectum.»ttemjuxlaconeit
1283 3511 1284 3534 2

198 3538 568 3618 Trident.,sess.‚re‚cap.
578 3535 730 3617 18,deres.
742 3537 1175 3621 :n0fficiavelllignitatesquae

199 3651 214 3688 r
239 3628 444 3690 Scholasteriae
456 3626 610 3703 dicuntur,
627 3625 747 3686 nonnisi
760 3625 951 3706 doctoribuS,
965 3629 1011 3690 vel
1021 3629 1175 3710 magistris
