2496 3992
405 180 489 233 troes
520 180 638 234 neruus.
945 159 1004 230 685

47 308 188 365 obsecrare,
209 309 236 352 ut
256 301 368 353 omnium
382 309 476 352 tnootes
500 303 531 351 ad
549 301 702 354 honestatem
718 302 895 364 veritatemque
912 303 1003 363 linotet,

44 375 97 422 iras
108 379 255 437 compescet,
268 379 376 437 optatam
390 375 431 422 din
448 387 532 435 pacem
549 374 804 437 tranquillitatemque
819 375 871 424 orbi
883 379 1004 424 terrarum

47 446 173 494 restituat.

80 517 133 574 Quo
146 521 228 566 antem
239 531 295 578 spes
307 515 401 564 tirmior
413 515 444 565 sit
453 516 609 579 impetrandi,
623 518 795 579 deprecatores
811 517 1004 579 defensoresque

46 590 140 638 salutis
153 587 322 640 adhibeamus.
339 587 438 636 lloriam
455 587 576 651 Virginem
595 602 708 652 maguam
726 587 766 637 bei
785 593 918 650 parentem.
936 588 1004 638 ausi·

46 662 110 708 tium
128 660 318 708 christianorum
335 660 437 708 tutelam
451 659 550 723 generis
565 660 665 708 humant
683 675 689 709 ε
706 663 733 713 S.
749 661 883 721 tosepltum
897 660 1005 708 castissi-

48 747 116 780 mum
132 745 249 793 sponsum
264 728 330 792 ejus,
349 732 419 789 cujus
435 731 571 794 putrocioic
597 731 733 793 plurimum
758 733 871 781 universa
897 731 1006 780 Ecclesia

48 803 152 852 contidis
175 819 180 847 :
208 805 304 851 l’etrum
333 804 359 850 et
383 803 485 852 Pontum
502 803 628 866 principes
654 804 834 866 Apostolorum,
852 804 966 852 custodes
982 807 1006 854 et

49 875 162 924 vindices
175 873 281 922 nominis
295 873 435 924 christiani.

84 948 184 998 interea
197 945 334 994 divinorum
345 957 476 993 munerum
487 944 613 1006 auspicem
626 945 699 995 Vobis
710 945 835 1004 omuibus,
848 945 1006 996 venerabiles

51 1021 157 1070 Fratres.
179 1017 245 1065 clero
260 1022 285 1064 et
300 1018 388 1078 popolo
406 1013 463 1064 littei
481 1023 566 1066 restro
581 1017 721 1077 commisso,
747 1017 912 1080 apostoticam
929 1018 1006 1069 Bene·

51 1089 186 1137 dictionem
202 1102 217 1148 p
234 1093 357 1136 ramanter
372 1086 397 1134 in
412 1087 513 1136 Domino
526 1087 694 1150 impertimus.

85 1163 170 1207 ttntnm
192 1160 273 1206 ltomso
299 1158 363 1220 apud
386 1159 412 1212 S.
428 1160 523 1207 Petrum
535 1161 576 1208 die
593 1159 664 1208 tttttt
676 1159 743 1208 lunii
756 1162 783 1208 t.
804 1161 1005 1224 11ῦῦ0611111,

53 1231 211 1280 Poottticatus
227 1229 305 1278 liostrl
319 1233 388 1278 Anno
404 1229 502 1286 Quarto.

717 1327 773 1380 LEO
788 1330 831 1379 ab.
849 1329 913 1379 1111.

407 1664 582 1729 ΑΡΡΕΝΒῘΧ
610 1673 658 1732 Vl.

316 1813 355 1856 88·
375 1813 402 1854 b.
423 1815 452 1855 11.
474 1815 571 1856 brusts
591 1815 668 1855 PAPAE
683 1815 734 1856 llil

57 1959 174 2000 sotsrott
193 1957 327 1998 secretim
344 1963 357 1997 r
376 1947 582 1997 leontos-tete
601 1949 668 1998 lbet
684 1967 696 1996 υ
715 1949 726 1997 1
744 1959 799 1999 nov.
820 1949 888 2000 teet.
901 1961 933 2000 oe
947 1961 1009 2001 otu·

298 2029 379 2068 rtrott
395 2029 584 2068 consrtrortoar
601 2031 755 2070 cnntsrnm.

89 2171 228 2222 immortale
244 2169 286 2218 [tei
300 2167 443 2217 miserentis
457 2182 526 2231 opus.
542 2169 607 2231 quod
618 2171 655 2218 est
668 2170 789 2228 Ecclesia,
806 2183 955 2232 quamquam
967 2185 1010 2234 per

58 2259 85 2293 se
106 2249 131 2292 et
145 2248 231 2290 natura
249 2255 292 2290 sna
318 2242 420 2289 salntem
449 2243 544 2302 spectat
567 2239 706 2290 animorum
730 2241 964 2303 adipiscendnmque
984 2242 1010 2290 itt

60 2315 127 2364 omlis
144 2313 292 2372 totietatem,
306 2312 419 2362 tamenin
430 2309 484 2372 ipso
496 2309 570 2362 etiam
585 2325 667 2360 rerum
684 2313 822 2362 mortalium
834 2327 924 2377 penore
933 2317 969 2362 tot
982 2327 1012 2362 ee

60 2393 139 2436 tantas
160 2385 222 2434 ultro
240 2384 301 2442 parit
318 2382 444 2441 utilitates,
464 2385 493 2431 ut
507 2383 588 2444 plures
611 2383 750 2446 majoresve
769 2397 816 2432 non
832 2388 923 2447 posset,
949 2383 970 2432 si
985 2383 1011 2434 in

61 2455 146 2517 primis
159 2459 184 2504 et
199 2455 304 2504 maxime
312 2458 379 2504 esset
387 2454 418 2502 sd
433 2452 549 2502 tuendam
562 2453 636 2517 hujus
651 2454 780 2517 vittaque
792 2453 818 2504 iu
833 2456 907 2504 terris
921 2455 1010 2518 agitur,

63 2527 247 2590 prosperitatem
258 2526 404 2574 institutum.

94 2599 187 2646 ltcvora
214 2611 369 2660 quacumque
386 2598 494 2648 Ecclesia
515 2596 645 2660 vestigium
671 2597 757 2658 posuit.
785 2597 902 2646 continno
929 2611 1011 2647 rorum

64 2669 151 2720 taciem
163 2669 306 2722 immutavit.
324 2673 501 2732 popularesque
515 2683 593 2716 mores
605 2667 669 2716 sicut
683 2667 814 2716 virtutibus
824 2675 898 2717 antea
910 2668 1009 2731 ignotis,

64 2741 97 2790 ita
111 2748 135 2790 ot
149 2741 358 2790 nnvaurbenitate
374 2741 472 2800 imbuit;
482 2755 555 2802 quam
572 2745 691 2802 quotquot
704 2753 820 2801 accepere
836 2739 928 2803 populi.
943 2755 1013 2790 mun·

65 2814 198 2867 snctndioc
220 2813 447 2873 sustineremus
468 2817 592 2876 gestarum
623 2811 699 2875 gloria
722 2811 899 2861 excelluerunt.
921 2839 951 2849 -
967 2813 1013 2862 Sed

65 2893 133 2934 vetus
145 2893 225 2933 tumen
241 2885 327 2932 ittaest
338 2884 522 2946 atqueantiqua
540 2881 695 2946 vituperatio.
708 2884 774 2944 quod
798 2882 930 2932 menesium
945 2883 1015 2933 aiunt

65 2971 119 3006 esse
131 2969 185 3004 cnm
201 2955 334 3004 rationibus
349 2954 489 3016 reipublice
504 2953 675 3012 dissidentem,
691 2953 882 3015 necquicquam
896 2969 968 3017 posse
982 2955 1014 3004 ad

66 3042 95 3076 ea
107 3030 143 3077 rel
154 3029 280 3076 commoda
298 3027 335 3074 vel
350 3031 492 3075 ornamenta
501 3026 618 3076 contet-re.
634 3038 688 3088 qnte
703 3039 749 3073 suo
760 3023 917 3087 juresuaque
928 3037 1015 3088 sponte

68 3099 145 3149 omnis
160 3099 223 3148 benc
244 3099 377 3147 constituta
388 3097 475 3146 civitas
489 3097 592 3160 appetit.
611 3095 661 3144 Sub
677 3095 737 3158 ipsis
752 3098 867 3146 sceleste
878 3097 1015 3159 primordiis

68 3185 115 3219 non
130 3169 241 3219 dissimili
261 3169 383 3226 opinionis
399 3169 531 3230 iniquitate
544 3169 631 3232 agitari
648 3167 803 3224 christianos,
813 3175 837 3217 et
851 3168 875 3216 io
886 3170 967 3216 odium
980 3170 1016 3216 in·

68 3243 204 3304 vidiomqoe
220 3240 299 3290 vocari
312 3241 398 3289 solitos
409 3242 454 3289 hoc
469 3242 543 3288 etiam
556 3241 586 3288 de
597 3253 681 3288 caussa
694 3239 843 3302 acecpimus.
855 3240 919 3302 qnod
935 3241 1015 3287 hostes

69 3313 163 3376 imperii
187 3313 346 3372 dicor-rotor,
369 3326 417 3374 qno
442 3317 550 3374 tempore
577 3313 696 3359 mutorum
713 3315 818 3374 culpam,
842 3311 932 3371 quibus
953 3311 1018 3358 esset

71 3388 177 3449 perculsa
195 3383 342 3448 respublica,
370 3384 443 3447 vulgo
460 3384 549 3432 libebat
567 3383 591 3431 in
606 3381 770 3432 Christianum
792 3382 903 3430 conterre
918 3393 1016 3438 nornen,

71 3473 124 3507 cnm
139 3471 221 3507 renero
243 3458 306 3506 ultor
324 3456 446 3504 scelernm
469 3456 534 3504 Deos
554 3467 639 3518 pmnas
655 3453 790 3504 esontibus
802 3453 882 3514 justas
896 3450 1015 3512 exigeret.

70 3533 125 3596 Ejus
137 3529 249 3580 atrocitas
261 3529 392 3578 calumnior
402 3541 451 3576 nou
463 3527 515 3576 sine
523 3539 610 3576 caussa
619 3525 748 3590 ingenium
762 3523 864 3574 armarit
885 3523 1017 3584 stilumque

183 3627 204 3670 1·
745 3647 748 3653 ,
898 3599 938 3650 oo
