2588 3994
445 207 669 260 resumuntur.
991 197 1045 262 tal

115 309 185 372 238.
206 310 253 372 Er
267 314 350 394 parte
363 330 462 376 causa
484 319 613 396 quatuor
630 311 775 395 distingui
793 319 921 395 possunt
934 315 1050 396 species

79 395 356 481 interpretationum
388 401 557 466 :videlicet
583 403 844 486 interpretationes
872 403 1045 486 Principis,

79 487 313 560 Consuetudim's,
326 490 442 554 ¹ludt'cis
455 499 485 555 et
499 493 724 574 Magistrorum,
738 491 782 553 Ex
797 491 907 572 quibus
921 493 986 555 aliae
999 513 1050 555 ou·

78 577 208 640 tlentieae
222 598 277 642 seu
287 581 475 658 necessarie,
490 581 601 664 quibus
615 587 661 644 est
674 582 844 644 necessarid
858 582 1051 664 acquiescen-

77 665 191 742 dum,si
201 668 374 751 nempeliat
389 689 442 754 per
449 671 659 752 legislatorem
668 669 713 732 vel
730 687 783 751 per
798 669 1049 750 Consuetudinem,

79 756 136 818 imd
149 775 204 840 per
216 759 369 834 lecticam:
384 761 409 824 si
423 760 545 842 quidem
561 761 592 822 in
607 761 705 823 causis
720 757 821 821 dubiis
838 759 932 838 judex
952 767 1050 842 potes·

79 851 164 908 talem
184 847 277 912 habet
294 849 394 932 legent
416 848 651 931 interpretandi,
671 849 796 930 ejusque
817 849 975 913 sententiae
996 850 1053 912 liti·

77 941 178 1017 gantes
189 937 402 1020 obtemperare
414 943 573 1016 tenentur,
589 939 646 1000 nisi
665 937 703 1000 ad
714 937 849 1018 judicem
864 940 1053 1020 superiorem

77 1025 227 1107 appellare
248 1027 352 1090 velint.
376 1028 522 1090 Alienon
543 1035 589 1092 est
609 1028 769 1090 neceseon'u
793 1046 851 1090 nec
863 1028 1054 1107 authentice·

74 1114 126 1176 sed
147 1121 278 1190 {tantum
307 1117 482 1181 doctrinalis
513 1135 548 1181 ac
571 1115 739 1200 probabilis
767 1135 819 1181 seu
849 1118 1048 1201 magistralis,

74 1207 332 1288 quaealllagistris
341 1207 554 1270 etlloctoribus
563 1205 626 1269 dari
636 1205 721 1268 solet.
730 1207 935 1295 ltalleilleust.
947 1208 1051 1290 (libi,

73 1294 116 1356 tit.
133 1298 173 1372 2,
191 1299 413 1375 n⁰·351-3·12l.

111 1387 183 1448 239.
211 1407 231 1446 o
253 1387 374 1467 llegulae
385 1386 416 1448 in
431 1385 664 1469 interpretandis
677 1385 795 1466 legibus
808 1392 879 1448 sunt
891 1385 1028 1451 videlicet
1043 1405 1054 1451 ι

74 1493 90 1534 a
114 1477 143 1536 l⁰
158 1477 196 1540 Ut
211 1475 384 1538 attendatur
397 1493 502 1552 mens,
517 1475 578 1538 sive
589 1474 660 1536 linis
670 1474 851 1538 intrinsecus
865 1475 1051 1558 legislatoris.

75 1584 90 1622 a
114 1563 194 1628 Hinc
207 1563 237 1628 si
253 1572 369 1628 constet
381 1565 420 1627 de
438 1569 540 1627 ruente
563 1564 755 1646 legislatoris,
771 1563 842 1628 huic
860 1567 957 1647 magis
970 1573 1056 1628 stan-

76 1671 91 1712 r
113 1653 189 1716 dum
216 1660 286 1732 est,
308 1657 400 1736 quarn
420 1654 519 1718 verbis
539 1653 624 1735 legis.
647 1659 682 1740 2⁰.
704 1653 893 1718 attendenda
916 1662 960 1718 est
979 1657 1051 1720 ratio

76 1761 92 1802 r
116 1741 202 1824 legia.
231 1747 262 1805 3⁰
282 1745 316 1805 ln
333 1743 425 1806 dubio
440 1743 550 1806 mentis
570 1742 766 1823 legislatoris,
781 1744 873 1806 verba
886 1744 961 1827 legis
974 1747 1053 1809 acci·

77 1852 92 1890 n
116 1832 231 1914 pienda
249 1839 320 1896 sunt
341 1833 508 1896 secundum
532 1834 690 1914 proprium
713 1851 858 1910 sensum,
883 1853 1004 1917 seruper
1017 1854 1053 1899 ao

78 1941 93 1982 r
117 1940 178 1986 uon
193 1929 338 2006 sequatur
353 1921 475 2005 aliquod
487 1921 669 1999 absurdum,
683 1940 790 1986 sensus
799 1930 899 1986 autern
913 1925 1053 2006 proprius

78 2030 94 2070 n
118 2020 301 2092 potestesse
325 2012 485 2089 naturalia,
507 2017 537 2072 et
554 2009 608 2073 hic'
617 2011 811 2094 accipiendus
828 2018 874 2074 est
897 2013 929 2074 in
949 2031 1053 2095 poena·

79 2119 94 2158 o
118 2100 198 2164 libus
209 2122 219 2177 ;
230 2107 327 2184 potest
340 2103 429 2164 etiarn
443 2119 509 2164 esse
523 2099 628 2174 civilis,
640 2107 670 2163 et
681 2099 731 2162 hic
742 2101 833 2162 etiarn
847 2101 941 2183 accipi
957 2109 1056 2184 potest

79 2209 94 2248 n
118 2189 149 2252 in
170 2190 393 2253 favorabilibus.
417 2193 449 2251 4⁰
475 2189 562 2254 Utin
583 2189 677 2251 dubio
699 2187 751 2250 liat
771 2189 976 2271 interpretatio
999 2211 1055 2273 pro

78 2297 94 2338 a
118 2280 219 2344 valore
240 2283 335 2342 actus.
359 2283 393 2342 5⁰
412 2279 498 2352 Quod
516 2279 562 2342 lex
586 2279 617 2340 in
641 2277 853 2340 favorabilibus
873 2280 1054 2360 amplietur,

79 2387 94 2428 a
118 2371 317 2451 restringatur
337 2369 368 2431 in
382 2369 504 2432 odiosis.
521 2367 648 2442 Quando
667 2368 739 2430 verd
760 2367 841 2447 leges
862 2367 922 2428 sint
944 2367 1055 2430 lavora-

79 2479 94 2516 υ
119 2459 211 2535 biles,
227 2458 348 2540 quandd
362 2459 491 2535 odiosae,
506 2459 684 2539 primarium
709 2457 853 2519 motivum
874 2456 948 2537 legis
962 2465 1056 2518 atten-

80 2567 95 2605 n
119 2548 364 2612 denormat.»
382 2550 413 2610 S.
427 2549 560 2630 Lignor„
575 2547 627 2608 lib.
640 2552 669 2626 l,
682 2555 715 2608 n⁰
730 2549 800 2610 200.
810 2564 837 2608 v.
848 2545 1052 2622 Reiffenstuel,

81 2635 132 2699 lib.
150 2641 165 2700 l
180 2686 189 2716 ,
205 2640 251 2700 tit.
266 2641 285 2701 2
302 2686 310 2716 ,
326 2647 371 2700 u⁰¹
386 2641 532 2702 383-447.

123 2729 228 2792 Utrum
251 2735 352 2790 autern
374 2725 481 2790 debeat
502 2734 553 2790 aut
567 2726 660 2808 possit
673 2725 721 2789 lex
738 2725 858 2789 extendi
875 2725 913 2788 de
932 2744 1003 2790 casu
1017 2727 1055 2790 ad

82 2833 197 2896 casum,
213 2815 281 2881 vide
294 2819 325 2880 S.
343 2817 463 2899 Lignor.
480 2815 588 2896 (tituil.
603 2819 645 2879 lle
654 2815 791 2898 pluribus
804 2815 875 2878 verb
888 2815 954 2880 aliis
973 2815 1054 2897 leges

83 2907 294 2986 spectantibus,
316 2915 350 2970 ut
369 2907 407 2970 de
420 2905 557 2988 upiikia,
579 2905 617 2968 de
635 2905 873 2988 dispensatione,
896 2911 967 2984 etc,
987 2905 1054 2968 vide

84 2993 237 3079 theologos
253 2997 284 3058 in
298 3003 423 3060 tractatu
438 2995 482 3058 De
495 2995 632 3078 Lepidus.

123 3089 191 3148 atu.
214 3092 245 3148 2⁰
260 3087 408 3159 Quaeritur
422 3091 522 3147 utrum
538 3084 743 3166 interpretatio
757 3083 831 3165 legis
848 3084 867 3146 a
886 3083 1054 3165 legislatore

85 3174 127 3236 vel
143 3175 236 3256 ipsius
250 3173 566 3252 successoribuslucta,
579 3179 615 3236 sit
629 3173 848 3256 promulganda
862 3179 895 3236 ut
908 3173 969 3236 viru
980 3173 1054 3256 legis

11 3275 12 3298 ³
84 3261 212 3327 babeat?

121 3357 211 3436 ltesp.
235 3354 290 3417 Vel
310 3353 407 3435 egitur
427 3353 465 3416 de
488 3353 731 3435 interpretatione
745 3352 867 3435 proprie
888 3352 984 3430 dieta,
1001 3373 1054 3416 seu

84 3461 153 3526 quae
164 3443 278 3525 aliquid
299 3445 367 3506 novi
382 3443 479 3506 verbis
497 3443 569 3524 legis
583 3442 704 3522 adjicit,
726 3450 756 3505 et
769 3442 835 3503 talis
851 3442 1055 3523 interpretatio

84 3541 127 3596 est
141 3532 360 3616 promulganda
380 3541 412 3596 ut
425 3533 485 3596 vim
500 3533 574 3614 legis
591 3532 709 3609 babeat,
730 3532 801 3613 quia
818 3539 863 3592 est
879 3531 964 3611 quasi
978 3547 1054 3590 nova

85 3620 152 3700 larr3
168 3621 213 3688 vel
235 3625 334 3705 agitur
351 3622 390 3686 de
407 3622 651 3705 interpretatione
671 3621 755 3683 mera
772 3618 986 3694 declaratorit,
1001 3633 1053 3676 seu
