2506 3984
200 240 257 304 n38
418 258 556 304 arrunte
576 257 677 305 sortus
697 260 778 306 sums
799 261 954 309 eruemur.

198 355 282 416 renio
304 354 374 418 data
398 354 510 434 (Troot.
532 357 566 419 de
589 357 702 438 Capit,
724 355 798 418 Sede
818 367 942 420 vacante
950 379 1082 441 qu,ae.r
1102 348 1238 440 {571st

198 443 400 505 communiter
423 463 440 506 a
464 445 632 508 Canonistis
654 445 821 508 admittitur
833 449 1002 528 ‚nempe.
1023 451 1179 511 «Omnem
1236 452 1238 525 ζ

197 553 213 591 a
237 531 571 595 edmrmstratronem
542 553 558 596 e
559 534 820 612 tiurisdictionem
835 536 1050 617 episcopalem
1065 537 1180 600 ordim-
1237 532 1238 535 ’

198 643 213 680 a
237 621 1180 705 riamtam1nspiritualibusquemintemperalrbustransire
1236 614 1238 707 1

197 709 275 770 aad
289 709 475 810 Capitulum,
492 711 569 773 Sede
589 719 731 785 vacante,
747 716 779 773 et
797 711 836 774 ab
856 729 894 774 eo
908 715 1052 776 exerceri
1078 733 1176 796 pomo,
1237 744 1238 765 2

198 822 212 857 o
239 799 371 880 exceptis
385 799 497 880 iisque
511 817 608 880 ipsum
615 819 665 880 Jus
674 817 839 862 commune
848 800 972 883 exeipit
986 803 1037 864 vel
1046 803 1181 866 Pontrt'er

198 911 213 946 o
238 888 404 970 specialiter
421 888 611 950 interdicit.»
638 888 724 952 Unde
745 894 827 970 petet
847 888 885 950 ad
910 890 1010 952 multd
1032 892 1127 972 plum
1139 911 1180 954 ex-

198 977 278 1038 tendi
291 976 530 1055 jurisdictionem
551 977 678 1059 Capituli
698 983 728 1039 et
745 975 854 1039 Vicarii
878 977 1066 1060 Capitulmis
1092 985 1179 1063 quim

199 1066 307 1128 Viearii
324 1065 487 1128 Generalis

239 1155 309 1216 Haec
323 1154 427 1236 regula
440 1154 583 1236 probatur
597 1173 634 1217 ex
653 1155 756 1218 multis
773 1155 911 1237 capitulis
922 1157 1003 1236 juris
1017 1160 1179 1221 canonici:

199 1243 297 1306 solum
312 1243 477 1324 capitulum
492 1243 536 1306 Dc
549 1245 721 1326 majoritate
734 1253 764 1305 et
776 1244 950 1319 obedientie,
960 1245 993 1307 in
1010 1251 1056 1317 6⁰.
1076 1248 1127 1310 hle
1142 1268 1180 1312 re

198 1332 341 1395 ferimus:
362 1355 377 1391 o
391 1333 558 1415 Episcopali
573 1333 649 1396 Sede
664 1339 799 1410 vacante,
814 1339 911 1415 potest
929 1335 1113 1416 Capitulum
1130 1356 1181 1400 seu

199 1444 213 1480 a
238 1421 314 1484 ised
328 1441 420 1504 quem
434 1422 618 1504 Episcopalis
636 1421 804 1501 jurisdictio
818 1431 892 1484 tunc
912 1426 1065 1505 temporis
1081 1426 1180 1488 nasci·

199 1533 214 1570 o
238 1517 287 1573 tur
300 1511 461 1592 pertinere,
476 1511 513 1572 iis
527 1511 648 1591 (quibus
662 1518 762 1591 posset
775 1512 942 1592 Episcopus
956 1512 981 1574 si
996 1513 1127 1592 vireret)
1146 1515 1180 1576 alt

199 1623 214 1660 n
238 1599 558 1663 excommunicationis
572 1599 757 1662 sententie...
778 1599 975 1662 absolutionis
989 1601 1181 1664 beneficium

199 1713 213 1750 o
239 1689 395 1771 impartiri,
413 1689 469 1752 nisi
483 1687 604 1750 fueriti
618 1687 695 1750 Sede
711 1687 882 1770 apostolice
896 1689 1070 1770 specialiter
1086 1691 1180 1753 inter-

199 1800 214 1836 o
238 1777 316 1840 dicta
330 1783 470 1858 potestas
493 1799 509 1836 a
526 1779 570 1838 Ex
584 1777 695 1858 quibus
708 1775 807 1839 'verbis
827 1777 935 1840 deduci
950 1796 1041 1859 pesse
1059 1781 1180 1843 videtur

199 1874 270 1928 tunc
284 1867 401 1927 tentum
416 1863 529 1947 aliquid
547 1865 700 1947 potestatis
717 1865 834 1927 censeri
848 1865 959 1928 debere
972 1866 1116 1948 Capitulo
1134 1869 1179 1931 rel

200 1955 293 2036 ipsius
306 1953 424 2016 Vicario
437 1971 503 2015 esse
518 1953 730 2031 interdictum,
746 1953 895 2036 quandde
909 1953 986 2016 Sede
1001 1957 1179 2037 Apostolicl

200 2043 366 2126 specialiter
379 2042 577 2106 interdicitur.
592 2045 689 2124 Erga,
702 2049 760 2106 etc.
776 2045 819 2104 lta
832 2044 1047 2106 communiter.

241 2138 327 2196 1254.
340 2135 398 2194 Pro
412 2132 516 2214 regula
524 2133 655 2214 generali
668 2131 766 2194 adhuc
779 2137 825 2194 est
837 2131 1004 2194 tenendum
1020 2134 1110 2214 qudd
1123 2137 1178 2198 Ca·

200 2223 348 2304 pitulum,
364 2222 441 2284 Sede
453 2227 593 2296 vacante,
609 2215 682 2282 nihil
696 2221 789 2303 possit
801 2221 943 2283 innovare
957 2239 993 2284 ae
1005 2221 1045 2284 de
1055 2225 1178 2303 juribus

199 2309 661 2394 Episcopalibusdiminuereltlt.
673 2311 720 2373 Ne
728 2309 802 2372 Sede
812 2317 942 2386 vacante,
952 2329 1019 2392 cap.
1032 2313 1176 2390 unicum,

200 2401 230 2462 in
245 2406 297 2481 θ’).
314 2401 388 2463 Vide
402 2399 514 2468 iterati,
530 2399 581 2460 lib.
596 2403 624 2478 l,
640 2399 682 2461 tit
703 2403 734 2473 3,
745 2406 817 2462 sect.
830 2403 859 2470 t,
871 2399 936 2479 §75
946 2418 955 2475 ;
967 2399 1176 2478 Reiffenstuel,

200 2491 250 2551 lib.
267 2495 303 2568 3,
318 2489 362 2552 tit.
379 2493 414 2566 9,
440 2487 480 2550 n¹³
496 2491 595 2550 13-16.
612 2523 653 2534 -
665 2487 753 2553 Unde
777 2506 838 2550 non
862 2493 960 2568 polest
976 2487 1112 2552 alienare
1126 2499 1177 2554 aut

199 2580 322 2656 donare,
337 2597 403 2661 cap.
420 2577 457 2641 Si
471 2577 549 2660 qud,
565 2577 599 2640 de
616 2577 715 2646 redas.
732 2582 830 2659 lE‚q.
846 2582 876 2639 2.
893 2579 955 2640 Nec
965 2583 1064 2658 polest
1078 2579 1176 2642 dedu-

197 2689 267 2730 cere
276 2669 345 2749 jura
358 2668 498 2752 Episcopi
513 2666 543 2730 in
554 2665 720 2747 judicium,
731 2667 823 2730 etiam
836 2665 1043 2739 defendendo,
1056 2685 1096 2730 ex
1105 2687 1176 2750 cap.

203 2759 291 2820 Novit
303 2763 332 2826 l,
347 2778 382 2818 oe
396 2757 470 2819 Sede
484 2763 618 2827 vacante·
635 2775 733 2838 neque
748 2761 844 2838 potest
858 2773 1038 2818 consumere
1053 2763 1109 2819 cut
1120 2757 1177 2819 ali-

199 2866 260 2926 que
275 2846 364 2908 modo
379 2845 409 2906 in
424 2847 562 2927 proprios
584 2846 630 2908 vel
657 2844 771 2908 alienos
795 2862 868 2907 usus
885 2851 1060 2907 convertere
1074 2845 1174 2916 bona,

200 2933 429 3004 Sedelaucum,
445 2935 545 2997 relicta
557 2935 719 3007 Ecclesia,
744 2941 796 2998 aut
817 2951 854 2996 eo
873 2940 1009 3015 tempore
1024 2933 1154 2997 collecta
1163 2957 1172 3012 ;

199 3024 222 3085 si
239 3043 325 3085 secus
338 3023 456 3093 lecerit,
473 3029 607 3085 remanet
621 3041 787 3104 suspensus
800 3021 838 3083 ab
851 3019 950 3083 edicio
963 3025 993 3082 et
1011 3019 1173 3086 beneficio.

199 3113 341 3184 Ferraria,
358 3120 387 3172 v⁰
411 3109 507 3174 Vioar.
527 3111 674 3193 Capitol..
687 3117 743 3174 ert.
755 3115 793 3182 E,
809 3119 843 3172 n⁰
861 3113 912 3172 55.
928 3108 1004 3171 Vide
1017 3111 1111 3172 eliam
1125 3114 1175 3175 le·

199 3219 318 3281 queux,
334 3209 368 3261 n⁰
391 3202 468 3272 368,
492 3200 635 3262 citantem
658 3201 804 3263 Clement.
820 3199 974 3263 statatum
992 3203 1031 3272 7,
1048 3198 1083 3262 de
1097 3201 1174 3264 elec·

200 3289 287 3352 tione.

240 3382 328 3442 mee.
345 3379 537 3442 Deveniende
547 3379 674 3441 nunead
683 3379 778 3443 varias
791 3378 906 3461 species
912 3377 1171 3460 Jurisdictianum

198 3472 230 3529 l⁰
244 3471 306 3528 DD.
323 3467 525 3530 communiter
546 3465 708 3530 admittunt
728 3474 822 3530 totam
837 3469 1079 3546 iurisdictionem
1096 3487 1172 3533 eon·

198 3557 356 3617 lentiorem
369 3555 495 3618 transire
504 3552 542 3614 ad
552 3553 733 3634 Capitulum,
749 3553 876 3635 proinde
895 3555 932 3616 nd
946 3549 1100 3642 vicarium
1115 3559 1171 3620 Ca·

196 3643 368 3729 pilularem.
