2496 3992
437 247 444 255 ὼ
471 259 556 334 uren
580 287 695 333 rnrnus.
999 267 1058 330 dul

102 417 154 466 que
162 400 287 452 catholicae
302 405 325 450 et
337 400 475 450 libertatem
487 400 512 449 iu
522 400 787 464 angrrstumdedueere‚
797 400 882 463 etjura
895 405 982 450 caetera
991 415 1058 450 com-

102 477 225 524 minuere.

136 547 259 608 Eiusmodi
271 547 301 594 de
318 546 426 608 regenda
436 544 535 594 civitate
550 543 686 593 sententias
702 544 754 606 ipsa
778 545 899 594 naturalis
922 545 982 594 ratio
1000 559 1057 594 eon·

103 619 188 676 vincit,
205 633 220 666 a
238 617 340 666 veritate
352 617 471 666 dissidere
495 617 638 678 plurimum.
662 643 692 652 -
712 617 833 678 Quidquid
847 617 912 665 enim
931 617 1057 679 potestatis

102 703 206 751 usquam
219 694 263 744 est,
282 705 295 737 a
310 691 482 750 llcotanquam
495 688 833 752 maxinroaugustissimoque
847 689 912 736 sonte
926 689 1055 751 proficisci,

102 761 156 823 ipsa
166 765 253 809 natura
269 765 379 810 testatur.
395 760 525 824 'imperium
541 765 621 808 autern
633 760 758 821 populare,
778 760 841 820 quod
855 760 922 807 nullo
938 761 966 807 ad
982 761 1056 808 berun

101 837 225 896 respectu,
236 833 260 880 in
270 833 425 881 multitudine
437 833 518 881 inesse
534 831 622 880 nalurlr
641 831 739 887 dicitnr,
751 831 771 878 si
789 833 904 892 praeclare
924 832 954 878 ad
970 846 1056 892 suppe·

103 903 229 953 ditandum
240 906 302 953 valet
310 905 477 954 blandimenta
488 909 512 952 et
523 905 633 951 llamnras
650 903 783 950 multarum
797 902 966 963 cupiditatum,
988 903 1056 950 nulla

103 977 203 1036 quidem
219 977 303 1024 nititur
314 977 405 1025 ratione
414 975 542 1038 probabili,
554 989 634 1036 neque
647 973 707 1022 satis
730 975 819 1022 babere
834 973 922 1021 virium
934 977 1013 1035 potest
1025 973 1056 1021 ad

103 1048 258 1096 securitatem
280 1047 403 1111 publicani
420 1047 576 1109 quietamque
598 1039 690 1094 ordinis
714 1045 885 1094 constantiam.
904 1047 997 1093 Revera
1017 1045 1056 1093 liis

103 1119 224 1167 doctrinis
240 1134 278 1167 res
289 1119 436 1167 inclinavere
447 1133 523 1179 usqne
535 1133 572 1174 eo,
583 1125 609 1166 nt
623 1118 675 1165 lraee
686 1131 699 1164 a
711 1116 822 1178 pluribus
841 1119 964 1177 tamquam
979 1117 1017 1163 lcx
1030 1115 1055 1164 in

103 1191 167 1238 cirili
183 1191 309 1252 prudentia
326 1189 457 1248 sanciatur,
472 1189 604 1238 seditiones
627 1203 698 1250 posse
711 1188 765 1248 jare
780 1188 888 1235 conflari.
910 1188 975 1234 l'alct
990 1189 1055 1236 enim

103 1261 194 1322 opinio,
209 1261 284 1309 nihilo
297 1261 418 1323 principes
434 1260 510 1322 pluris
529 1275 591 1316 csse,
612 1272 685 1320 quarn
699 1259 807 1306 delectos
821 1259 938 1318 quosdam
953 1259 993 1320 qui
1018 1274 1056 1307 ro·

105 1335 223 1382 luntatcm
239 1335 380 1395 popularem
403 1337 556 1393 exequantur
576 1347 581 1378 :
600 1345 630 1379 ex
646 1344 693 1392 quo
717 1329 753 1382 nt.
778 1330 841 1390 quod
860 1343 959 1377 necesse
979 1334 1015 1378 est
1030 1336 1057 1379 ut

106 1405 189 1452 omnia
201 1403 249 1452 sint
266 1405 355 1466 pariter
374 1417 429 1451 eum
451 1402 532 1464 populi
554 1401 658 1449 arbitrio
684 1399 821 1454 mutabilia,
840 1404 864 1448 ct
880 1400 952 1448 timor
966 1402 1055 1463 aliquis

105 1477 229 1524 turbarum
243 1490 339 1537 semper
353 1473 491 1537 inpendent.

136 1548 168 1594 lle
184 1548 301 1610 religione
317 1552 397 1594 aulem
412 1551 505 1608 putare,
518 1545 578 1592 niliil
591 1545 653 1592 inter
664 1544 754 1592 formas
766 1543 874 1606 dispares
896 1548 920 1592 cl
936 1545 1056 1594 contraria

104 1623 232 1676 interesse,
253 1619 318 1666 bunc
336 1619 408 1680 prlarre
431 1618 503 1664 lraliet
525 1616 626 1673 exitum,
651 1617 716 1663 nolle
732 1616 806 1662 ullam
834 1616 936 1678 probare
950 1615 1052 1678 jndicio,

105 1692 170 1738 nolle
182 1705 238 1739 risu.
259 1689 330 1750 Atqui
341 1690 406 1737 islnd
419 1690 449 1736 ab
466 1687 593 1742 allicisrno,
608 1686 836 1746 sinornincaliqnid
847 1686 935 1744 dillert,
952 1702 978 1736 re
993 1689 1055 1738 nibil

105 1763 192 1810 ditl'erl.
211 1761 305 1819 Quibus
326 1761 392 1810 enirn
408 1763 485 1809 [tcum
510 1775 563 1808 esse
581 1773 723 1821 perstrasum
743 1763 789 1811 est,
808 1758 834 1815 ii,
856 1760 927 1806 modo
946 1765 1056 1809 constare

106 1833 161 1890 sibi,
178 1847 222 1882 nce
241 1847 294 1881 esse
314 1831 459 1895 perabsurdi
484 1831 569 1889 velint,
591 1830 728 1879 necessario
751 1829 896 1891 intelligunt.
917 1829 1017 1880 usitatas
1031 1831 1055 1880 in

105 1907 171 1952 cultu
185 1905 267 1953 divino
279 1905 393 1959 rationes,
410 1918 512 1966 quarum
528 1907 592 1951 tanta
606 1909 642 1951 est
660 1901 795 1950 ditlcrcntia
810 1901 972 1964 proximisque
982 1904 1055 1953 etiarn

105 1977 217 2025 derebus
232 1976 404 2025 dissimilitudo
417 1981 439 2024 et
451 1990 540 2038 pugna,
552 1989 621 2034 acque
634 1975 780 2036 probabiles,
801 1987 871 2034 aeque
884 1975 970 2029 bonas,
987 1991 1056 2038 aequo
1086 1987 1093 1996 ·

106 2049 153 2095 boo
168 2051 345 2108 acceptasesse
356 2061 499 2094 ornnesnon
511 2060 592 2107 posse.

135 2120 173 2167 Sio
190 2120 230 2166 illa
247 2119 366 2178 quidlibet
378 2118 501 2165 sentiendi
520 2117 706 2176 litterarumque
722 2117 805 2166 lormis
829 2117 950 2178 quidlibet
969 2133 1056 2181 exprrn

106 2190 185 2238 mendi
201 2191 311 2240 lacntras.
327 2190 391 2236 omni
408 2188 574 2236 moderatione
589 2189 735 2250 posthabita,
752 2203 801 2236 non
814 2189 934 2249 quoddam
950 2195 986 2238 cst
1004 2207 1056 2252 pro·

106 2262 155 2322 pria
171 2262 245 2309 visua
257 2263 415 2322 bonumque
430 2261 533 2308 societas
547 2261 652 2308 humana
665 2261 720 2321 jure
734 2262 830 2308 lmletnr
844 2275 849 2307 :
864 2261 906 2308 sed
923 2263 1055 2309 nrnltornm

106 2334 223 2380 malorum
234 2333 287 2382 lens
298 2333 403 2395 etorigo.
423 2359 454 2368 --
467 2333 583 2389 Libertas,
600 2338 626 2379 ut
641 2347 696 2393 qaae
712 2333 787 2380 virtus
809 2337 846 2379 cst
858 2331 981 2380 hominem
1001 2349 1055 2394 per-

105 2405 197 2458 liniens,
210 2405 282 2454 debet
299 2404 323 2452 in
342 2419 370 2452 co
386 2405 543 2466 quodverum
561 2403 600 2460 sit,
623 2405 738 2464 quodque
757 2405 857 2460 bonum,
873 2405 963 2450 versari
980 2419 985 2450 :
1000 2405 1055 2451 boni

105 2484 185 2524 antem
196 2477 294 2537 verique
304 2475 460 2524 rationrnlari
471 2477 500 2524 ad
514 2475 753 2523 beminisarbilrium
765 2489 812 2522 non
824 2479 910 2536 polest,
918 2477 959 2522 sed
974 2481 1055 2524 manet

106 2563 200 2610 semper
210 2550 306 2606 eadem,
325 2561 403 2608 neque
415 2547 496 2594 ruinas
511 2553 548 2594 est
563 2561 636 2608 quam
654 2546 704 2608 ipsa
718 2561 799 2594 rernm
811 2550 905 2599 natura,
922 2547 1056 2595 incommu-

106 2619 195 2668 tabilis.
212 2619 233 2667 Si
247 2634 314 2668 mens
326 2610 478 2667 adsentiatur
492 2618 647 2680 opinionibus
659 2617 735 2677 lalsis,
756 2617 776 2666 si
792 2619 882 2665 malum
893 2619 1002 2666 rolrintas
1013 2621 1056 2667 ad-

106 2695 217 2740 snmalet
234 2693 263 2740 ad
275 2691 297 2738 id
309 2690 456 2752 seapplicel,
478 2689 651 2752 perlectionem
668 2691 705 2738 sui
718 2693 803 2738 neutra
824 2690 991 2749 consequitur,
1012 2693 1055 2740 scd

106 2764 219 2812 excidunt
230 2764 346 2824 dignitate
358 2761 461 2810 naturali
474 2767 498 2810 el
515 2761 539 2808 in
554 2766 695 2822 corruptum
712 2763 791 2809 ambae
811 2761 967 2810 delabuntur.
986 2763 1054 2818 Que-

105 2847 208 2896 cumque
224 2838 282 2882 sunt
299 2833 373 2896 igilur
386 2833 474 2881 virtuti
487 2832 632 2894 veritatique
645 2833 778 2887 contraria,
791 2848 820 2882 ea
833 2833 857 2880 ln
877 2835 1011 2895 luceatque
1030 2835 1055 2882 in

106 2907 179 2954 oculis
189 2906 313 2953 horninnnr
324 2918 417 2966 ponere
428 2919 478 2952 nou
495 2909 531 2952 cst
542 2918 641 2966 aequum
652 2920 659 2964 3
672 2905 749 2968 gralia
763 2906 868 2953 tulelare
883 2907 1054 2969 legnnrdcl'en·

105 2979 169 3028 dere.
184 2979 258 3024 narlto
276 2977 366 3024 minus.
385 2977 438 3024 Sola
453 2979 516 3024 bene
532 2983 586 3024 aeta
603 2975 753 3026 vitaviaest
766 2977 957 3038 iaculumque
976 2979 1055 3026 tendi·

105 3063 157 3098 mus
167 3048 273 3097 universi
287 3064 292 3095 :
303 3050 334 3096 ob
345 3061 505 3109 eantqucrem
517 3049 618 3097 aberrat
628 3047 711 3097 civitas
721 3049 825 3111 aregula
834 3052 858 3097 et
871 3051 1054 3112 praescriptione

106 3129 205 3174 naturae.
222 3120 243 3168 si
252 3119 375 3168 licentiam
387 3119 530 3178 opinionum
540 3134 660 3182 praveque
673 3121 790 3169 lectorum
802 3121 826 3168 in
839 3125 932 3170 tanturn
944 3123 1054 3172 lascivire

105 3193 174 3250 sinat,
188 3193 213 3240 in
230 3191 329 3254 impune
341 3191 415 3240 liceat
432 3197 550 3240 mentesa
565 3192 674 3250 veritate,
690 3193 783 3240 animas
798 3194 1052 3247 arirtntedednccre.

104 3265 233 3313 Ecclesiam
246 3277 310 3318 vera,
321 3277 396 3324 qnam
412 3265 476 3312 lleus
489 3265 540 3325 ipse
555 3264 679 3312 constitnit
696 3264 833 3313 abortione
846 3265 900 3312 ritae
913 3267 1052 3323 excludere,

105 3337 231 3400 aleqibns,
245 3337 276 3384 ab
292 3335 444 3384 institutione
458 3335 662 3396 adelescentiam,
688 3336 827 3384 asocielule
842 3337 984 3396 domestica,
999 3352 1054 3386 nra-

105 3422 163 3471 gnu=
172 3413 196 3456 el
208 3406 357 3468 perniciosus
370 3411 492 3455 esterror.

134 3481 198 3528 lieno
214 3483 303 3527 morata
321 3479 406 3526 civitas
419 3493 481 3536 esso,
500 3479 596 3529 sublata
622 3480 748 3543 religione,
772 3494 821 3528 non
841 3485 920 3542 potest
934 3495 940 3528 ε
954 3478 1053 3542 jamque

105 3551 155 3612 plus
166 3551 268 3598 tortasse
282 3563 355 3611 qrram
370 3553 500 3610 oporteret,
515 3553 553 3598 est
567 3551 701 3613 cognitum.
711 3550 791 3612 qualis
811 3548 837 3597 in
854 3565 880 3598 se
895 3549 926 3598 sit
942 3555 966 3598 et
981 3565 1053 3610 quor-

106 3635 156 3670 rum
168 3621 297 3684 pertineat,
315 3621 357 3670 illa
368 3622 397 3670 de
410 3621 459 3672 aila
475 3625 499 3671 el
513 3623 620 3672 moribus
635 3622 798 3686 philosophia,
814 3621 996 3684 quamcivtlem
1008 3635 1043 3670 no
