2574 3994
203 223 262 282 200
422 240 557 284 uernam
576 239 678 286 renus
697 225 780 284 tuate
800 237 948 283 canonici.

203 355 218 392 e
244 351 355 397 munus
368 352 458 397 suum
479 333 647 418 gerendum
661 334 847 415 suscipiant,
862 349 965 394 coram
985 329 1089 394 Primo
1103 332 1183 394 Gon-

203 443 218 481 a
243 424 306 486 sule
329 422 428 502 (hodie
450 426 659 486 coramPraes.
672 423 775 503 lteip.)
791 423 1001 503 iuramentum
1027 419 1181 484 fidelitatis

203 513 421 574 »emittenti

182 631 186 654 ·
243 603 324 662 ldem
344 601 546 683 praescribitur
559 601 658 684 quoad
673 599 891 664 ecclesiasticos
904 597 1030 664 secundi
1044 596 1179 678 ordinis,

203 689 254 752 sed
268 689 325 752 boc
339 690 369 751 in
383 689 611 753 desuetudinem
627 691 708 753 abiit.

243 781 311 840 386.
335 779 422 851 Onod
442 778 574 842 diximus
596 797 686 860 supra
705 779 786 860 (323)
805 781 1043 860 acceptationem
1072 777 1180 838 saitem

203 867 378 948 implicitam
397 887 463 929 esse
486 869 685 930 necessariam
713 887 768 952 pro
787 867 954 930 exercende
970 865 1179 946 jurisdictione

202 956 353 1037 delegati,
369 955 441 1018 illud
455 963 500 1018 est
513 957 726 1038 applicandum
740 957 767 1018 ei
782 955 834 1038 qui
848 961 1042 1038 promovetur
1059 953 1097 1015 ad
1111 952 1179 1014 offi-

203 1045 283 1107 eium
293 1044 922 1125 cuiannectiturjurisdictioordinaria,vel
933 1045 1024 1106 etiam
1035 1043 1073 1106 ad
1083 1042 1180 1124 quod·
1278 1121 1279 1130 ἵ

203 1151 336 1216 cumque
349 1133 430 1198 aliud
443 1133 588 1196 officium.
609 1135 732 1197 Constat
744 1153 781 1196 ex
794 1153 861 1216 cap.
877 1132 916 1196 Si
933 1131 991 1194 itti
1001 1179 1011 1204 ,
1035 1131 1071 1194 cle
1087 1137 1179 1199 Proe·
1278 1147 1279 1150 ’

204 1221 319 1298 medis,
335 1223 366 1285 in
380 1225 423 1286 6⁰.

204 1489 239 1531 ult
252 1489 343 1534 vanus
363 1489 446 1534 lonis
459 1491 557 1541 oureus
572 1490 700 1534 Oli'llllElll
715 1488 835 1532 Possunt*
849 1485 956 1532 oretum
970 1487 1178 1536 Rectltsltsttca
1279 1453 1280 1456 Ἰ

607 1572 635 1614 ΙΝ
657 1571 775 1614 denunti.

240 1703 311 1851 gelli
334 1701 378 1762 llli
405 1701 487 1764 modi
508 1708 599 1764 sunt:
619 1701 759 1774 Electio,
775 1699 963 1779 Postulatio,
989 1697 1179 1762 Proeeemarto

204 1797 232 1850 et
265 1809 280 1849 o
305 1791 388 1850 otio:
1046 1796 1050 1804 ¹

581 1911 618 1956 ult
639 1911 810 1957 subcumbit.

243 2029 311 2090 388.
334 2027 453 2090 Electio
467 2028 626 2110 dupliciter
646 2029 814 2110 accipitur:
838 2033 870 2091 l⁰
894 2029 1037 2092 latissimi
1050 2051 1061 2092 .·
1076 2038 1106 2094 et
1121 2031 1179 2096 hoc

204 2123 340 2196 respectu
350 2117 579 2198 comprehendit
593 2118 689 2179 varios
703 2118 809 2179 modos
824 2117 1008 2199 adipiscendi
1023 2120 1177 2184 ecclesius·
1281 2171 1282 2180 ,

205 2205 261 2266 tica
274 2205 392 2280 officia,
407 2205 543 2268 videlicet
560 2227 566 2266 :
593 2206 779 2268 dilectionem
801 2208 922 2288 proprie
937 2207 1057 2278 dictam,
1076 2209 1177 2270 Poste-

209 2291 361 2364 lotionem,
378 2301 448 2372 etc.;
465 2300 497 2357 2⁰
508 2295 639 2368 Stricti,
659 2303 688 2356 et
702 2295 797 2356 sicest
808 2295 917 2357 modus
930 2294 1088 2358 distinctus
1101 2299 1178 2360 obti-

205 2383 297 2444 nendi
319 2383 494 2464 hujusmodi
514 2383 613 2446 officia
627 2383 804 2462 (Reiffenst,
821 2383 872 2445 lib.
890 2387 919 2461 l,
934 2385 978 2446 til.
995 2389 1030 2464 6,
1051 2385 1092 2447 η’·
1106 2389 1175 2468 1-3).

243 2473 357 2535 lllectio
374 2473 404 2534 in
422 2471 479 2535 hoc
500 2472 633 2534 secundo
661 2491 752 2534 sensu
775 2477 913 2554 accepta,
928 2471 1094 2536 delinitur:
1112 2479 1179 2537 Per·

203 2581 275 2622 sonu
308 2562 418 2624 idoneae
440 2561 480 2622 ud
491 2561 656 2624 Ecclesium
678 2567 846 2634 coeuntem,
869 2580 926 2643 per
942 2581 988 2622 eos
1009 2562 1113 2644 qur'bue
1124 2563 1178 2644 jue

203 2649 333 2728 elipandi
353 2651 506 2732 competit,
522 2649 660 2712 canoniea
678 2650 803 2719 vocatio,
826 2648 1004 2711 auctoritate
1019 2653 1178 2733 superioris

203 2739 401 2820 rcnfimurndu
413 2739 596 2816 (bellicam,
611 2738 666 2816 ile,
676 2748 709 2800 n⁰
723 2740 765 2818 l).
781 2739 897 2801 Locum
912 2755 973 2800 non
988 2737 1077 2801 habet
1089 2739 1177 2805 hodio

203 2827 307 2888 electio
323 2828 380 2889 nisi
395 2848 450 2910 pro
465 2827 660 2891 Pom-ilicibus
675 2828 848 2909 supremis,
864 2845 918 2909 pro
932 2827 1065 2889 Praelatis
1077 2831 1176 2911 Regu-

204 2915 332 2992 laribus,
365 2935 420 2997 pro
434 2917 559 2979 Vicariis
581 2916 817 2998 Capitularibus‚
840 2921 871 2978 ct
893 2933 949 2997 pro
969 2915 1124 2998 Episcopis
1146 2920 1176 2982 in

203 3003 385 3084 quibusdam
405 3007 523 3066 tantiam
541 3005 710 3066 Germaniae
725 3005 809 3067 locis.
1281 3063 1282 3068 ,

245 3097 312 3154 389.
336 3093 444 3154 Tribus
458 3099 559 3155 autem
574 3094 672 3156 modis
685 3093 831 3156 duntaxat
848 3092 914 3155 lieri
937 3099 1037 3174 potest
1049 3094 1174 3160 electio:

204 3201 256 3263 per
272 3181 460 3255 scrutinium,
477 3183 729 3264 compromissum,
745 3187 776 3244 et
784 3201 838 3264 per
847 3181 932 3263 quusi
942 3181 1174 3263 inspirationem.
1200 3245 1204 3256 ,

204 3273 246 3330 lta
259 3289 326 3352 cap.
352 3269 427 3346 (luia
447 3279 572 3354 propter
593 3275 651 3346 te,
673 3271 707 3332 de
726 3271 894 3347 Electione,
909 3271 991 3352 quod
1014 3273 1179 3337 sanciveiat
1238 3267 1248 3281 ⁸

203 3360 370 3422 Concilium
385 3361 523 3422 Lateran.
539 3361 590 3436 lV,
606 3377 687 3422 anno
704 3363 798 3422 tell:
818 3381 833 3418 u
853 3359 930 3431 Ouia
951 3365 1073 3441 propter
1085 3360 1178 3424 diver·

204 3470 218 3506 υ
243 3467 290 3511 sas
304 3447 416 3511 formas
431 3449 630 3519 electionum,
646 3448 742 3509 multa
755 3447 971 3529 impedimenta
980 3445 1175 3533 proveniunt,
1205 3493 1207 3500 ,

202 3561 217 3597 i
242 3546 272 3600 et
281 3558 391 3622 magna
400 3538 533 3621 pericula
544 3537 706 3600 imminent
719 3537 859 3599 Ecclesiis
866 3531 1178 3620 viduatis,stetuimus

203 3650 218 3686 r>
243 3635 277 3691 ut
289 3630 360 3691 cum
374 3628 481 3690 electio
502 3626 592 3689 luerit
604 3624 806 3706 celebranda,
821 3625 1020 3708 presentibus
1034 3629 1176 3694 omnibus
