2586 3988
492 267 713 318 reuuuuouttm.

540 433 620 498 um.
645 433 679 497 11.

302 580 480 636 ouoroeurx
499 582 543 627 sn
563 581 635 628 rous
655 581 738 628 runis
758 579 909 652 ouuourct.
1095 533 1103 618 ἶ

156 729 193 789 tu
230 726 338 807 Agitur
347 725 399 788 hto
407 725 519 805 deiure
531 725 678 788 canonino
687 724 788 788 stricte
798 729 919 805 sumpto
927 723 979 802 (51.
991 721 1096 796 Quoad

116 816 164 894 jus
175 815 361 878 canonicum
377 815 435 876 iate
450 821 605 895 sumptum
620 815 676 895 (6),
688 820 731 876 tot
747 821 818 876 sunt
828 812 925 874 sontes
936 819 1010 893 quot
1022 829 1096 872 erus·

120 909 183 964 tuot
195 905 227 964 in
242 902 378 965 Ecclesia
390 901 580 965 auctoritates
594 919 663 984 quae
672 903 723 982 jus
745 901 876 965 condere
885 906 1010 982 possunt
1022 919 1029 959 τ
1043 899 1094 961 sed

119 989 242 1054 euidens
258 998 303 1054 est
323 991 374 1056 illa
393 991 475 1054 varia
493 992 563 1071 jura
576 1011 637 1054 non
652 1009 742 1074 posse
764 989 892 1072 expendi
909 990 939 1050 in
957 989 1094 1070 praesenti

119 1080 252 1143 Munuaii
268 1101 277 1141 :
293 1080 331 1142 de
345 1081 411 1144 solo
425 1097 498 1162 ergo
509 1082 578 1160 jure
590 1080 738 1142 eanonioo
750 1081 850 1142 stricte
866 1085 1008 1160 sumpto,
1024 1095 1095 1160 age·

118 1187 187 1232 mus
203 1170 234 1230 in
249 1169 306 1232 irae
318 1169 496 1251 questione.

157 1263 207 1321 17.
232 1260 327 1321 Porro
348 1264 417 1320 octo
436 1257 534 1322 fontes
551 1259 627 1339 juris
645 1258 783 1321 canonici
800 1257 951 1320 recenseri
974 1255 1092 1318 solent:

117 1347 273 1419 videlieet,
290 1349 441 1430 scripturo
452 1368 550 1418 suero,
570 1346 695 1408 traditio
708 1344 820 1422 divina,
829 1345 884 1426 jus
897 1345 934 1406 ob
947 1345 1095 1427 Apostolis

117 1438 279 1510 rnncitum,
295 1435 450 1499 sententie
463 1443 596 1519 potrum,
612 1433 728 1496 decreto
743 1433 802 1496 SS.
820 1433 1017 1516 Pontificum,
1032 1453 1093 1494 oon·

116 1526 189 1586 eilia
213 1527 406 1604 eromenion,
430 1543 558 1587 romono?
580 1522 786 1588 Cordinolr'um
803 1521 1048 1606 Conpreputiooes
1066 1531 1095 1584 et

117 1614 313 1679 Consuetudo.
387 1645 390 1652 ·

157 1707 207 1766 18.
231 1704 370 1784 Quidam,
385 1711 418 1768 ut
433 1703 552 1766 Cardin.
569 1701 670 1784 Sogiia
684 1702 769 1780 (lust.
778 1701 847 1783 jur.
856 1699 986 1784 publici,
998 1700 1093 1782 §43.)

115 1793 233 1855 addunt
249 1793 304 1874 jus
325 1793 431 1870 etoile,
451 1793 489 1854 nd
512 1791 594 1875 quod
616 1791 833 1853 recurrendum
848 1797 909 1868 est,
925 1791 976 1852 ubi
992 1791 1093 1854 deficit

115 1883 164 1944 lex
183 1884 340 1946 canoniea.
361 1884 498 1945 citantur
518 1883 549 1944 S.
574 1881 735 1962 Gregorius
750 1882 877 1962 Magnus
891 1887 921 1942 et
934 1881 1043 1943 Lucius
1055 1883 1093 1942 111

114 1970 169 2052 qui
183 2019 191 2048 ‚
205 1991 272 2054 cap.
290 1977 325 2050 t,
343 1971 381 2034 de
393 1971 473 2034 Novi
486 1970 583 2053 operio
602 1969 731 2030 nuntiat.
750 1969 792 2032 sio
807 1969 962 2052 loquitur:
982 1971 1093 2032 «Siout

113 2081 129 2119 o
155 2059 298 2122 humanee
310 2061 392 2141 leges
407 2079 468 2123 non
482 2059 683 2140 dedignantur
697 2077 798 2121 saeros
815 2077 948 2120 canones
963 2059 1090 2137 imitari,

113 2171 129 2208 o
156 2149 197 2210 ita
211 2157 242 2210 et
254 2167 407 2211 sacrorum
423 2155 531 2211 statuta
547 2165 700 2209 canonum
718 2148 891 2230 principum
908 2148 1092 2210 constitutio·

113 2259 129 2298 o
155 2238 248 2300 nibus
261 2237 450 2317 adjuvantur.
466 2261 482 2298 o

154 2327 244 2391 Unde
267 2327 368 2388 nubas
394 2327 427 2388 in
453 2325 562 2389 eodem
575 2327 696 2408 eapite,
726 2334 759 2386 n⁰
786 2329 818 2402 3,
849 2325 986 2387 observat
1009 2327 1091 2406 quod

118 2417 246 2478 «Causa
267 2417 409 2478 Eortesiae
428 2415 518 2478 debet
537 2415 635 2478 decidi
656 2433 709 2497 per
726 2416 776 2494 Jus
795 2413 881 2475 civile
895 2415 926 2474 in
941 2413 1090 2477 detectum

114 2527 129 2566 r
152 2523 327 2582 canonum,
346 2527 361 2563 o
379 2513 408 2567 et
430 2523 497 2587 oap.
521 2507 536 2567 1
561 2503 728 2566 desertor
754 2523 786 2564 re
805 2501 946 2584 junr'rotti
960 2501 1088 2565 dicitur:

116 2595 304 2664 «sententia
326 2601 431 2656 eontra
445 2591 707 2674 legesoanonesve
722 2592 851 2674 prolata,
874 2591 943 2654 iicet
964 2609 1026 2654 non
1053 2593 1091 2657 sit

112 2707 128 2744 r
151 2683 354 2765 appellatione
369 2701 529 2765 suspensa,
546 2701 608 2745 non
622 2688 719 2766 potest
731 2688 833 2744 tamen
847 2681 1010 2744 subsistere
1024 2681 1089 2764 ipso

112 2795 127 2832 r
166 2791 232 2835 ure.
255 2794 271 2831 r

149 2793 171 2920 J«
191 2861 349 2941 Eiusmodi
359 2861 441 2940 leges
451 2861 573 2939 (eiviies,
583 2878 651 2944 quae
661 2879 718 2922 neo
727 2861 898 2943 approbatae
911 2879 968 2924 nee
978 2861 1089 2944 impro-

111 2951 188 3014 batae
202 2953 301 3028 sunt),
317 2950 341 3011 si
357 2967 423 3010 rem
443 2957 578 3032 spectent
598 2951 681 3011 more
695 2949 870 3032 protanam,
894 2969 950 3012 neo
968 2950 1029 3013 utu
1051 2969 1086 3014 ex

111 3047 194 3122 pute
209 3037 478 3102 sacrisoononibus
489 3037 694 3115 adversentur,
705 3039 793 3102 tacite
806 3039 978 3121 approbato
987 3039 1084 3102 viden

112 3137 159 3191 tur
179 3131 211 3190 in
226 3146 294 3210 cap.
312 3131 327 3190 1
343 3126 378 3189 de
396 3127 472 3189 Νου.
488 3147 567 3209 oper.
584 3128 715 3188 nuntiat.
733 3149 748 3188 r
766 3131 808 3190 lta
827 3128 967 3191 Benedio.
989 3147 1040 3192 xlv
1052 3130 1085 3194 de

110 3218 185 3300 Spu.
202 3216 287 3278 dr'oec.
305 3216 356 3278 tiu.
374 3222 405 3279 9.
420 3235 448 3279 o.
466 3221 504 3279 tr
516 3217 607 3279 ‚Vide
625 3217 715 3279 etiarn
735 3217 845 3296 Bouix,
867 3217 903 3282 de
922 3217 992 3281 Jud.
1008 3225 1030 3280 t.
1049 3226 1085 3298 1,

108 3325 140 3389 p.
156 3309 250 3368 {2-23
262 3312 292 3368 et
307 3305 385 3367 intro
398 3304 526 3368 dicenda
539 3309 649 3384 (5191).
1139 3339 1142 3346 .

148 3400 197 3459 19.
223 3395 269 3456 Ad
285 3396 411 3459 unicum
424 3400 524 3456 tamen
540 3395 700 3459 ultimatim
710 3395 813 3460 reduoi
827 3406 954 3480 possunt
963 3406 1031 3462 octo
1040 3401 1085 3462 vel

108 3503 218 3548 norem
239 3483 339 3546 tontes
357 3502 449 3566 supra
472 3485 611 3565 assignati
637 3503 691 3566 pro
719 3486 787 3565 jure
814 3489 961 3550 canonico
986 3488 1086 3551 stricte

109 3581 246 3658 sumpto,
263 3591 375 3655 nempe
389 3571 427 3634 ad
442 3575 649 3636 auctoritatem
664 3576 718 3637 SS.
735 3574 927 3638 Pontificum.
945 3577 1083 3640 Etenim:

145 3668 176 3727 t⁰
197 3663 357 3746 Scriptura
379 3680 463 3725 soora
479 3670 509 3726 et
532 3661 651 3725 traditio
670 3663 772 3726 divino
790 3681 854 3726 non
874 3673 946 3726 sunt
964 3665 1086 3744 proprie

929 3773 965 3834 t!
