2574 3994
148 141 250 230 ·654
411 179 547 233 aluums
567 179 669 227 rorans
688 178 770 226 ruars
791 177 939 226 crnorrcr.

228 281 313 344 Idem
332 283 450 344 constat
471 295 508 340 ex
530 295 598 360 cap.
629 277 670 340 De
692 275 865 339 uector-itus
885 281 922 353 3,
941 277 1037 357 ejusd.
1061 279 1159 342 titul:

192 372 272 433 «De
297 369 464 434 rectoribus
485 365 689 429 Ecclesiarum
712 365 803 446 lepras
827 366 947 429 macula
967 387 1063 450 usqua
1087 369 1160 434 adeo

188 482 203 519 a
228 459 345 523 iniectis
358 457 439 542 quid
453 457 537 518 altari
552 459 663 518 servire
678 473 739 516 non
754 464 891 538 possunt,
907 459 1038 520 necsine
1052 475 1160 540 magno

188 571 203 609 r
228 549 370 612 scandalo
391 563 498 610 eorum
518 545 571 628 qui
598 545 664 608 sani
689 551 760 607 sunt
782 545 924 609 ecclesias
945 547 1081 628 ingredi,
1106 547 1161 612 lroc

187 659 203 699 a
227 639 367 703 volumus
384 643 415 699 te
437 645 541 700 tenere
565 634 648 717 qnod
668 634 787 696 dandus
804 635 905 698 esteis
926 637 1094 716 coadjutor,
1109 639 1159 720 qni

188 749 203 789 a
226 745 332 791 curam
346 727 454 789 habeat
467 727 655 796 animarum,
673 723 753 788 etde
767 724 956 788 facultatibus
970 727 1110 789 Ecclesiae
1123 726 1160 790 ad

175 839 202 906 ,s
226 817 476 880 sustentationem
489 814 614 896 recipiat
627 814 808 897 portionem.
824 835 839 874 n

227 909 298 969 516.
320 941 361 953 -
374 908 406 967 2⁰
419 906 486 966 Non
500 910 619 966 tenetur
637 901 672 964 ob
691 901 834 984 desectam
853 903 986 967 scientiae
996 923 1010 968 .·
1026 923 1097 968 nam
1114 909 1159 969 vel

188 1000 233 1056 est
254 1013 349 1078 capax
367 991 539 1056 addiscendi
562 992 719 1054 scientiam
746 999 969 1075 competentem
994 996 1080 1058 etad
1104 995 1160 1060 hoc

187 1081 1159 1166 tantumtenctur,providendointereasuomuneriperidoneum

186 1171 347 1251 ricarium3
358 1173 404 1236 vel
414 1179 458 1234 est
469 1173 595 1253 incapax
602 1169 786 1247 addiscendi,
802 1178 832 1234 et
845 1171 943 1236 adhue
957 1171 1064 1236 suflicit
1078 1175 1160 1256 quod

187 1261 376 1343 providentur
397 1261 497 1324 officio
519 1277 574 1342 per
596 1258 825 1340 coadjutorem:
853 1263 964 1335 «Ouia
990 1263 1115 1325 illiterati
1130 1271 1159 1328 ct

185 1371 201 1409 a
227 1351 373 1434 imperiti,
399 1351 497 1432 inquit
515 1349 649 1412 Tridenl.
675 1352 758 1427 (sess.
779 1354 834 1427 ul,
854 1371 882 1413 c.
904 1355 939 1421 6,
958 1351 993 1412 de
1006 1353 1157 1433 reform),

186 1461 201 1498 a
225 1441 441 1523 parochialium
451 1439 644 1502 ecclesiarum
655 1445 785 1500 rectores
794 1440 887 1501 sacris
901 1441 1002 1503 minus
1015 1443 1075 1522 apti
1089 1449 1159 1504 sunl

188 1559 202 1591 a
225 1529 354 1592 otllciis..
367 1529 517 1610 Episcopi,
534 1529 625 1588 etiam
638 1534 782 1608 unquam
795 1529 1064 1610 apostolicaesedis
1076 1531 1158 1594 delc—

185 1639 201 1678 »
225 1620 299 1700 gad,
316 1619 423 1680 iisdem
438 1617 582 1679 illiteratis
595 1623 625 1677 et
640 1617 801 1697 imperitis,
818 1619 842 1679 si
857 1617 930 1680 alias
944 1619 1078 1682 honestae
1093 1621 1159 1684 vitae

185 1729 200 1766 a
224 1709 300 1784 sint,
311 1707 492 1788 coadjutores
506 1712 558 1768 aut
572 1705 697 1766 vicarios
705 1725 763 1786 pro
779 1715 905 1788 tempore
918 1707 1077 1790 deputare,
1093 1729 1160 1791 par-

185 1817 200 1856 s
226 1801 346 1879 temque
360 1796 512 1858 fructuum
527 1793 640 1856 ciselam
655 1812 711 1874 pro
724 1793 883 1857 sufficienti
897 1797 977 1860 rictu
987 1799 1157 1881 assignare,

184 1907 200 1944 s
223 1885 269 1949 vel
284 1886 370 1949 aliter
385 1884 540 1968 providere
555 1883 690 1967 possint,
707 1886 900 1967 qudcumque
913 1887 1115 1968 appellatione
1128 1895 1160 1950 et

184 1995 199 2034 a
224 1975 414 2059 exemptione
428 1975 554 2036 remota.
578 1995 593 2032 a
732 2031 734 2038 ,
1211 2039 1215 2044 ,

224 2068 294 2128 517.
318 2099 358 2112 -
380 2067 412 2126 3ο
435 2060 540 2136 Quoad
563 2060 637 2124 alios
662 2079 789 2138 causas,
817 2061 864 2124 vel
883 2068 992 2144 ,potest
1021 2067 1159 2146 provisus

184 2154 303 2217 muneri
317 2171 373 2217 suo
386 2151 542 2237 providere
556 2149 768 2232 peridoneum
782 2150 997 2230 coadjutorem,
1013 2153 1058 2216 vel
1074 2173 1156 2219 non:

75 2269 77 2272 ·
184 2244 215 2306 in
231 2245 422 2327 primocasu,
434 2259 495 2305 non
510 2239 626 2302 videtur
639 2241 735 2301 teneri
750 2239 788 2301 ad
797 2239 1009 2304 dimittendum
1024 2243 1159 2308 officium

40 3661 123 3696 sah-1¹⁵.

184 2341 254 2397 ante
270 2333 449 2396 sententiam
463 2329 648 2392 definitivam
667 2330 850 2411 superioris;
867 2331 1046 2394 insecundo
1067 2352 1157 2413 casu,

183 2424 292 2487 solutio
315 2421 464 2506 pendete
494 2419 582 2480 variis
610 2419 843 2482 circumstantiis
870 2439 1029 2483 causarum
1052 2441 1060 2483 :
1086 2441 1160 2486 nam

19 2511 20 2514 ’
87 2541 88 2544 ¹
183 2512 306 2594 quando
319 2528 410 2575 causa
424 2506 558 2592 procedit
571 2526 609 2568 ee
622 2507 682 2568 sold
696 2507 814 2569 molitiei
825 2509 921 2590 plebis
943 2528 996 2572 seu
1017 2529 1052 2572 ex
1073 2529 1161 2574 scon-

182 2601 252 2664 dalo
279 2601 467 2684 pharisaico,
492 2615 554 2660 non
577 2603 622 2658 est
642 2596 785 2678 obligatio
800 2597 979 2660 dimittendi
991 2599 1124 2662 officium
1147 2621 1158 2664 ε

183 2691 257 2768 imo,
266 2687 431 2773 presertim
439 2693 507 2771 post
520 2683 718 2749 sufficientem
734 2685 949 2765 monitionem,
965 2707 1027 2752 non
1041 2689 1161 2754 ridetur

183 2798 248 2842 esse
270 2779 485 2860 obligationem
509 2775 679 2838 dimittendi
711 2775 752 2838 ob
780 2777 956 2840 mandalum
978 2778 1161 2861 pusillorum

183 2872 225 2949 (S.
237 2869 373 2951 Lignea,
387 2867 438 2929 lib.
449 2872 479 2942 6,
492 2865 532 2927 n¹¹
543 2869 660 2944 til-52),
673 2865 730 2928 nisi
741 2866 927 2929 lamenhanc
936 2867 1159 2950 dimissionem,

181 2961 260 3040 justa
273 2960 364 3021 causa
377 2956 612 3030 interveniente,
634 2961 749 3037 peteret
762 2957 793 3017 S.
810 2957 947 3019 Pontilex
968 2957 1090 3035 (Bouix,
1112 2957 1161 3020 Da

182 3049 343 3131 Episcopo,
357 3053 380 3108 t.
397 3048 433 3120 t,
459 3065 490 3129 p.
507 3048 586 3121 349,
609 3044 701 3126 etc.);
723 3043 791 3106 vide
813 3045 890 3106 infra
911 3048 1003 3124 (526).
1021 3046 1051 3108 Si
1066 3065 1161 3112 eausa

182 3134 452 3218 ritirrepnlorr'tos,
473 3139 589 3196 tenetur
598 3134 734 3214 provisus
749 3132 1005 3215 dispensationem
1020 3135 1163 3201 obtinere

183 3233 234 3289 aut
263 3225 415 3288 dimittere
441 3221 593 3294 officium,
623 3220 649 3283 si
676 3239 730 3304 por
759 3221 952 3286 substitutum
974 3243 1036 3288 non
1062 3225 1164 3288 valeas

182 3313 361 3397 adimplcrc;
377 3313 453 3375 ratio
467 3318 556 3394 patet.

221 3407 291 3468 518.
308 3404 430 3476 Quaerit.
447 3403 480 3464 5ο
500 3407 546 3463 An
563 3401 722 3484 resignans
738 3401 833 3484 possit
845 3403 992 3485 poenitere
1010 3409 1040 3468 ct
1058 3401 1164 3469 redire

182 3491 220 3555 ad
230 3493 367 3557 cilicium
381 3491 588 3573 resignatum?

221 3583 312 3666 Resp.
328 3581 384 3645 Vel
395 3599 413 3644 a
426 3580 581 3664 superiore
595 3585 786 3662 competente
796 3581 860 3662 jam
874 3581 1005 3646 admissa
1018 3581 1074 3646 luit
1086 3583 1165 3648 resi-
