2574 3994
176 247 235 316 aa
400 265 538 315 urnulas
557 263 658 313 cortus
677 265 760 312 runis
779 265 927 312 arnamar.

176 386 191 424 ι
217 363 311 427 nincis
324 361 531 446 pactionibus.
557 361 623 424 alita
637 362 808 443 particulari
823 377 927 424 amore
949 368 979 424 et
993 363 1152 444 sanguinis

176 474 192 512 o
216 452 324 516 allecto
340 453 463 527 derent3
479 453 552 514 ctam
565 451 726 522 electores,
744 451 860 513 etiamsi
876 451 1151 530 enucleationem,

179 565 192 602 r
217 540 718 621 idoneiorem...eligerejurarent,
730 540 782 602 sed
792 546 907 610 contra,
924 541 1077 604 inanimae
1091 559 1154 604 suae

177 653 192 692 a
218 633 383 714 perniciem
392 631 581 693 venirent...
598 638 631 693 ut
640 629 732 692 Nobis
744 630 987 694 notorieoonstat
995 649 1032 693 ex
1042 630 1155 694 crebris

137 775 141 784 .
177 743 193 782 n
218 720 475 797 absolutionibus,
498 729 529 782 et
550 718 840 782 rehabilitationibus
858 737 876 780 a
896 718 989 780 Nobis
1010 721 1109 801 petitis
1125 727 1156 781 et

178 831 193 870 o
218 809 399 873 obtentis...
420 809 616 871 statuimus...
637 808 756 890 qubd...
776 805 948 890 Capitulum
962 816 993 871 et
1012 807 1154 871 Canonici

177 916 194 958 a
218 898 256 960 ad
276 899 456 962 electionem
473 897 573 962 aui...
588 895 681 961 futuri
700 898 818 960 Praelati
832 897 995 980 pinnedene
1009 915 1071 960 non
1089 915 1157 980 pos·

179 1009 195 1048 r
220 989 323 1049 sint.»

219 1071 352 1139 Nonnisi
361 1077 520 1142 acmimad
540 1077 621 1142 hanc
647 1077 881 1140 reservationem
903 1080 1077 1160 processere
1101 1079 1154 1142 SS.

179 1167 378 1230 Pontifices:
413 1170 548 1249 primum
583 1165 708 1249 quidem
735 1166 916 1247 Dignitatem
948 1167 1156 1250 Episcopnlem

180 1273 241 1318 non
257 1256 469 1334 contulerunt,
496 1256 552 1320 nisi
568 1263 657 1338 prout
671 1253 977 1319 casusdelerebantur
996 1257 1032 1318 ad
1048 1257 1156 1318 Sedem

182 1347 405 1426 apostoticam,
426 1348 489 1410 sive
502 1347 572 1428 quia
588 1351 709 1428 propter
721 1353 819 1407 certos
835 1345 969 1407 deiectus
985 1347 1017 1407 in
1037 1347 1155 1424 electis,

182 1435 350 1496 necessaria
363 1443 427 1496 erat
440 1433 642 1516 dispensatio,
657 1435 719 1496 siue
733 1434 804 1515 quia
817 1433 977 1496 dirimendi
992 1445 1077 1496 erant
1094 1435 1157 1496 lites

181 1525 260 1586 inter
282 1527 379 1586 varios
405 1523 624 1586 contendentes
646 1524 751 1585 exorti.
780 1523 886 1584 Postea
911 1526 1001 1596 verb,
1026 1525 1158 1586 loannes

181 1615 262 1675 Xxll
276 1629 329 1694 per
349 1614 469 1693 regulas
482 1612 693 1689 Cancellariae,
710 1611 820 1674 Paulus
836 1615 879 1688 ll,
895 1629 949 1694 per
963 1613 1087 1674 Constit.
1110 1611 1160 1674 Ad

182 1701 310 1764 Romani
319 1701 476 1783 Pontificio
481 1699 710 1784 prouidentiam,
721 1719 802 1764 anno
814 1705 889 1764 taor
901 1703 1156 1780 (Extrav.Conrnr.

183 1795 233 1864 lt,
249 1791 284 1852 de
298 1789 394 1852 Proeb.
410 1798 440 1852 et
453 1790 596 1873 Μία),
611 1790 667 1852 sibi
687 1791 858 1853 indistincte
872 1797 900 1852 et
914 1791 1048 1854 absolute
1062 1811 1159 1855 reser-

182 1882 291 1942 vdrunt
309 1879 450 1944 omnium
463 1880 597 1942 omnino
612 1880 814 1943 lbclesiarum
826 1879 1071 1959 cathedralium,
1095 1883 1158 1943 ble-

182 1968 432 2050 tropolitanarum
463 1967 771 2050 Patriarchaliumque
801 1968 983 2032 electionem
1004 1975 1035 2032 et
1066 1969 1158 2032 colla·

184 2059 311 2121 tionem.

223 2151 295 2210 435.
317 2147 412 2211 Porrd
425 2144 491 2209 haec
498 2146 658 2229 disciplina
666 2145 1074 2231 evidenterapprobationem
1084 2149 1159 2212 obti-

184 2238 251 2300 nuit
264 2256 282 2300 a
296 2237 410 2301 Concil.
426 2236 562 2300 Trident.
576 2236 637 2298 :sia
650 2235 734 2298 enim
747 2236 837 2298 habet
846 2254 945 2299 canon
959 2241 994 2314 8,
1010 2257 1082 2300 sesa.
1097 2243 1157 2302 23:

188 2345 205 2386 c
225 2327 254 2388 Si
271 2327 339 2408 quis
353 2325 461 2388 dixerit
475 2325 639 2406 Episcopus
658 2325 709 2407 qui
724 2325 897 2389 auctoritate
912 2327 1039 2389 Romani
1055 2329 1159 2391 Ponti·

185 2437 201 2476 r
225 2414 306 2493 ficis,
322 2420 538 2486 assumuntur,
555 2432 616 2475 uon
632 2431 697 2474 csse
711 2412 881 2495 legitimos,
896 2417 1056 2478 anathema
1070 2418 1123 2494 sit;
1140 2441 1155 2478 a

186 2511 215 2567 et
228 2523 295 2587 cap.
314 2507 328 2566 l
342 2552 350 2582 ,
365 2521 439 2566 sess.
457 2505 514 2580 at,
533 2501 614 2564 idem
629 2503 799 2566 Concilium
813 2503 899 2584 jubet
919 2513 953 2568 ut
973 2509 1160 2569 «instructio

186 2593 263 2655 »dc
293 2597 424 2675 persona
452 2591 658 2675 promoveodt
687 2594 917 2675 quamprimum
950 2593 988 2657 ad
1016 2595 1158 2660 Sanctiss.

187 2703 202 2743 r
226 2685 354 2744 Roman.
371 2681 549 2746 Pontificem
562 2681 801 2760 transmittatur,
817 2687 850 2745 ut
864 2686 946 2765 lpse,
961 2683 1051 2766 plena
1061 2701 1161 2766 perso-

186 2791 202 2830 r
228 2788 337 2832 narum
358 2773 462 2834 notitia
477 2769 592 2846 habita,
609 2789 665 2852 pro
686 2771 787 2852 gregis
808 2771 958 2835 Dominioi
979 2773 1158 2852 commodo,

142 2891 145 2896 ·
187 2883 202 2919 a
226 2859 353 2936 dalilis,
367 2861 393 2922 si
407 2859 509 2922 idonei
523 2860 633 2943 raperti
646 2859 778 2939 suerint,
793 2861 936 2924 Ecclesiis
950 2858 1044 2944 possit
1057 2862 1161 2926 utilius

188 2971 202 3008 o
227 2947 426 3031 providere.»

231 3059 247 3096 a
268 3039 339 3100 llaec
354 3035 571 3117 jurisdictionis
595 3036 786 3100 conferendae
803 3043 948 3121 potestas,
969 3041 1009 3102 ait
1030 3041 1102 3103 Pius
1122 3043 1161 3104 Vl

189 3149 204 3187 r
229 3127 329 3208 (Brev.
344 3131 452 3208 liupr.
467 3131 563 3206 1791),
575 3145 610 3190 ex
620 3131 697 3190 novt
706 3127 889 3210 disc'mlintta
899 3129 1035 3210 pluribus
1044 3130 1161 3192 saeculis

189 3238 203 3276 r
228 3216 289 3297 jam
303 3225 421 3297 recepta
436 3219 454 3278 a
469 3217 606 3278 conciliis
626 3217 831 3297 generalibus,
849 3225 879 3279 et
895 3219 934 3279 ab
949 3219 1020 3300 ipsis
1039 3235 1160 3281 concor·
1199 3261 1200 3266 .

189 3327 203 3367 s
227 3305 305 3368 datis
324 3305 518 3383 confirmata,
539 3323 578 3368 ne
596 3306 633 3368 ud
654 3307 898 3388 Metropolitanos
920 3307 1043 3389 quidem
1067 3313 1163 3388 potest

190 3395 291 3458 rullo
321 3395 412 3459 modo
436 3397 582 3474 attinere,
614 3403 716 3477 utpote
745 3414 813 3477 quae
836 3397 907 3459 illue
938 3415 1056 3468 reversa
1081 3397 1162 3460 unda
1284 3439 1285 3472 2

190 3505 204 3546 ι
229 3484 420 3563 discesserat,
440 3486 529 3548 uniet
549 3483 677 3547 resideat
694 3485 774 3566 apud
789 3483 898 3548 Sedem
914 3487 1159 3568 apostolicam.»

229 3575 1160 3658 436.Variistamcntamporibusinsectataesthaecdisciplina:

232 3669 263 3728 t·
277 3667 364 3747 lam,
379 3665 489 3728 saectdo
502 3663 622 3727 decimo
637 3665 763 3746 quinto,
778 3663 978 3745 reponebatur
996 3663 1075 3727 inter
1087 3665 1162 3730 abu·
