<?xml version="1.0" encoding="UTF-8"?>
<!DOCTYPE html PUBLIC "-//W3C//DTD XHTML 1.0 Transitional//EN"
    "http://www.w3.org/TR/xhtml1/DTD/xhtml1-transitional.dtd">
<html xmlns="http://www.w3.org/1999/xhtml" xml:lang="en" lang="en">
 <head>
  <title>
</title>
<meta http-equiv="Content-Type" content="text/html;charset=utf-8" />
  <meta name='ocr-system' content='tesseract 3.04.00' />
  <meta name='ocr-capabilities' content='ocr_page ocr_carea ocr_par ocr_line ocrx_word'/>
</head>
<body>
  <div class='ocr_page' id='page_1' title='image "./manualetotiusju03craigoog_0555.png"; bbox 0 0 2546 3992; ppageno 0'>
   <div class='ocr_carea' id='block_1_1' title="bbox 188 225 961 294">
    <p class='ocr_par' dir='ltr' id='par_1_1' title="bbox 188 225 961 294">
     <span class='ocr_line' id='line_1_1' title="bbox 188 225 961 294; baseline 0 -2"><span class='ocrx_word' id='word_1_1' title='bbox 188 225 246 286; x_wconf 72' lang='lat'><strong>532</strong></span> <span class='ocrx_word' id='word_1_2' title='bbox 434 247 572 294; x_wconf 77' lang='lat' dir='ltr'><strong>aaronis</strong></span> <span class='ocrx_word' id='word_1_3' title='bbox 591 246 692 293; x_wconf 72' lang='lat' dir='ltr'><strong>rorans</strong></span> <span class='ocrx_word' id='word_1_4' title='bbox 712 247 793 292; x_wconf 77' lang='lat' dir='ltr'><strong>suuis</strong></span> <span class='ocrx_word' id='word_1_5' title='bbox 814 243 961 292; x_wconf 80' lang='lat' dir='ltr'><strong>canonici.</strong></span> 
     </span>
    </p>
   </div>
   <div class='ocr_carea' id='block_1_2' title="bbox 189 345 1259 3723">
    <p class='ocr_par' dir='ltr' id='par_1_2' title="bbox 189 345 1162 430">
     <span class='ocr_line' id='line_1_2' title="bbox 189 345 1162 430; baseline 0.009 -27"><span class='ocrx_word' id='word_1_6' title='bbox 189 347 211 404; x_wconf 93' lang='lat' dir='ltr'><strong>l.</strong></span> <span class='ocrx_word' id='word_1_7' title='bbox 227 345 245 404; x_wconf 80' lang='lat' dir='ltr'><strong>l</strong></span> <span class='ocrx_word' id='word_1_8' title='bbox 263 413 267 420; x_wconf 48' lang='grc'>,</span> <span class='ocrx_word' id='word_1_9' title='bbox 287 355 321 410; x_wconf 84' lang='lat' dir='ltr'><strong>n·</strong></span> <span class='ocrx_word' id='word_1_10' title='bbox 338 350 394 410; x_wconf 83' lang='lat' dir='ltr'><strong>t3l</strong></span> <span class='ocrx_word' id='word_1_11' title='bbox 407 393 418 424; x_wconf 85' lang='lat'><strong>,</strong></span> <span class='ocrx_word' id='word_1_12' title='bbox 437 355 515 426; x_wconf 75' lang='lat' dir='ltr'><strong>etc,</strong></span> <span class='ocrx_word' id='word_1_13' title='bbox 532 345 871 430; x_wconf 81' lang='lat' dir='ltr'><strong>Bouix,DcEpiccopo,</strong></span> <span class='ocrx_word' id='word_1_14' title='bbox 889 351 955 422; x_wconf 74' lang='lat' dir='ltr'><strong>te,</strong></span> <span class='ocrx_word' id='word_1_15' title='bbox 970 365 1003 429; x_wconf 93' lang='lat' dir='ltr'><strong>p.</strong></span> <span class='ocrx_word' id='word_1_16' title='bbox 1018 349 1091 423; x_wconf 78' lang='lat' dir='ltr'><strong>nlo,</strong></span> <span class='ocrx_word' id='word_1_17' title='bbox 1106 355 1162 414; x_wconf 81' lang='lat' dir='ltr'><strong>etc.</strong></span> 
     </span>
    </p>

    <p class='ocr_par' dir='ltr' id='par_1_3' title="bbox 191 433 1166 872">
     <span class='ocr_line' id='line_1_3' title="bbox 229 433 1164 520; baseline 0.001 -23"><span class='ocrx_word' id='word_1_18' title='bbox 229 435 328 499; x_wconf 82' lang='lat' dir='ltr'><strong>Etiam</strong></span> <span class='ocrx_word' id='word_1_19' title='bbox 341 437 373 499; x_wconf 90' lang='lat' dir='ltr'><strong>in</strong></span> <span class='ocrx_word' id='word_1_20' title='bbox 386 438 538 520; x_wconf 79' lang='lat' dir='ltr'><strong>regulares</strong></span> <span class='ocrx_word' id='word_1_21' title='bbox 551 445 706 517; x_wconf 88' lang='lat' dir='ltr'><strong>exemptos</strong></span> <span class='ocrx_word' id='word_1_22' title='bbox 720 435 859 517; x_wconf 78' lang='lat' dir='ltr'>Episcopi</span> <span class='ocrx_word' id='word_1_23' title='bbox 874 433 1048 517; x_wconf 73' lang='lat' dir='ltr'><strong>predictam</strong></span> <span class='ocrx_word' id='word_1_24' title='bbox 1063 443 1164 517; x_wconf 85' lang='lat' dir='ltr'><strong>potes-</strong></span> 
     </span>
     <span class='ocr_line' id='line_1_4' title="bbox 191 523 1164 606; baseline 0.002 -20"><span class='ocrx_word' id='word_1_25' title='bbox 191 530 282 587; x_wconf 86' lang='lat' dir='ltr'><strong>tatem</strong></span> <span class='ocrx_word' id='word_1_26' title='bbox 305 525 440 605; x_wconf 89' lang='lat' dir='ltr'><strong>habent,</strong></span> <span class='ocrx_word' id='word_1_27' title='bbox 462 526 514 588; x_wconf 92' lang='lat' dir='ltr'><strong>sed</strong></span> <span class='ocrx_word' id='word_1_28' title='bbox 534 525 679 588; x_wconf 79' lang='lat' dir='ltr'>duntaxat</span> <span class='ocrx_word' id='word_1_29' title='bbox 702 531 852 606; x_wconf 86' lang='lat' dir='ltr'><strong>quatenus</strong></span> <span class='ocrx_word' id='word_1_30' title='bbox 875 523 960 586; x_wconf 90' lang='lat' dir='ltr'><strong>Sedis</strong></span> <span class='ocrx_word' id='word_1_31' title='bbox 988 525 1164 605; x_wconf 79' lang='lat' dir='ltr'><strong>Apostolicc</strong></span> 
     </span>
     <span class='ocr_line' id='line_1_5' title="bbox 191 612 1166 698; baseline 0.001 -23"><span class='ocrx_word' id='word_1_32' title='bbox 191 613 318 698; x_wconf 80' lang='lat' dir='ltr'><strong>delegati</strong></span> <span class='ocrx_word' id='word_1_33' title='bbox 343 616 423 698; x_wconf 89' lang='lat' dir='ltr'><strong>(cap.</strong></span> <span class='ocrx_word' id='word_1_34' title='bbox 443 614 495 678; x_wconf 87' lang='lat' dir='ltr'><strong>Ad</strong></span> <span class='ocrx_word' id='word_1_35' title='bbox 509 613 696 691; x_wconf 82' lang='lat' dir='ltr'><strong>adolendum,</strong></span> <span class='ocrx_word' id='word_1_36' title='bbox 710 613 746 676; x_wconf 86' lang='lat' dir='ltr'><strong>de</strong></span> <span class='ocrx_word' id='word_1_37' title='bbox 765 612 930 694; x_wconf 75' lang='lat' dir='ltr'><strong>hereticis).</strong></span> <span class='ocrx_word' id='word_1_38' title='bbox 953 613 1085 676; x_wconf 86' lang='lat' dir='ltr'><strong>Proinde</strong></span> <span class='ocrx_word' id='word_1_39' title='bbox 1103 613 1166 676; x_wconf 85' lang='lat' dir='ltr'><strong>haec</strong></span> 
     </span>
     <span class='ocr_line' id='line_1_6' title="bbox 193 701 1166 787; baseline 0.002 -23"><span class='ocrx_word' id='word_1_40' title='bbox 193 712 322 784; x_wconf 83' lang='lat' dir='ltr'><strong>potestas</strong></span> <span class='ocrx_word' id='word_1_41' title='bbox 335 704 435 787; x_wconf 88' lang='lat' dir='ltr'><strong>quoad</strong></span> <span class='ocrx_word' id='word_1_42' title='bbox 449 711 624 786; x_wconf 86' lang='lat' dir='ltr'><strong>exemptos,</strong></span> <span class='ocrx_word' id='word_1_43' title='bbox 650 721 712 766; x_wconf 93' lang='lat' dir='ltr'><strong>non</strong></span> <span class='ocrx_word' id='word_1_44' title='bbox 733 702 858 780; x_wconf 81' lang='lat' dir='ltr'><strong>transit,</strong></span> <span class='ocrx_word' id='word_1_45' title='bbox 877 701 949 766; x_wconf 89' lang='lat' dir='ltr'><strong>sedo</strong></span> <span class='ocrx_word' id='word_1_46' title='bbox 968 709 1113 782; x_wconf 84' lang='lat' dir='ltr'><strong>vacante,</strong></span> <span class='ocrx_word' id='word_1_47' title='bbox 1128 701 1166 766; x_wconf 84' lang='lat' dir='ltr'><strong>ad</strong></span> 
     </span>
     <span class='ocr_line' id='line_1_7' title="bbox 193 791 861 872; baseline 0.001 -20"><span class='ocrx_word' id='word_1_48' title='bbox 193 791 373 872; x_wconf 83' lang='lat' dir='ltr'><strong>Capitulum.</strong></span> <span class='ocrx_word' id='word_1_49' title='bbox 389 793 465 856; x_wconf 87' lang='lat' dir='ltr'><strong>Vide</strong></span> <span class='ocrx_word' id='word_1_50' title='bbox 479 793 651 870; x_wconf 65' lang='lat' dir='ltr'><strong>aeilrenst,</strong></span> <span class='ocrx_word' id='word_1_51' title='bbox 666 791 722 870; x_wconf 68' lang='lat' dir='ltr'><strong>ila,</strong></span> <span class='ocrx_word' id='word_1_52' title='bbox 737 799 771 853; x_wconf 59' lang='lat' dir='ltr'><strong>n*</strong></span> <span class='ocrx_word' id='word_1_53' title='bbox 790 795 861 855; x_wconf 80' lang='lat' dir='ltr'><strong>llll).</strong></span> 
     </span>
    </p>

    <p class='ocr_par' dir='ltr' id='par_1_4' title="bbox 193 879 1168 1499">
     <span class='ocr_line' id='line_1_8' title="bbox 233 879 1163 963; baseline 0.001 -22"><span class='ocrx_word' id='word_1_54' title='bbox 233 883 266 942; x_wconf 96' lang='lat' dir='ltr'><strong>ln</strong></span> <span class='ocrx_word' id='word_1_55' title='bbox 287 881 466 944; x_wconf 86' lang='lat' dir='ltr'><strong>dioecesibus</strong></span> <span class='ocrx_word' id='word_1_56' title='bbox 482 883 533 944; x_wconf 91' lang='lat' dir='ltr'><strong>ubi</strong></span> <span class='ocrx_word' id='word_1_57' title='bbox 552 881 661 944; x_wconf 85' lang='lat' dir='ltr'><strong>adsunt</strong></span> <span class='ocrx_word' id='word_1_58' title='bbox 680 879 908 962; x_wconf 79' lang='lat' dir='ltr'><strong>Inquisitoresd</strong></span> <span class='ocrx_word' id='word_1_59' title='bbox 926 880 958 942; x_wconf 89' lang='lat' dir='ltr'><strong>S.</strong></span> <span class='ocrx_word' id='word_1_60' title='bbox 981 879 1057 943; x_wconf 84' lang='lat' dir='ltr'><strong>Sede</strong></span> <span class='ocrx_word' id='word_1_61' title='bbox 1073 879 1163 963; x_wconf 89' lang='lat' dir='ltr'><strong>depu-</strong></span> 
     </span>
     <span class='ocr_line' id='line_1_9' title="bbox 193 967 1161 1052; baseline -0.002 -20"><span class='ocrx_word' id='word_1_62' title='bbox 193 971 264 1043; x_wconf 83' lang='lat' dir='ltr'><strong>tati,</strong></span> <span class='ocrx_word' id='word_1_63' title='bbox 281 971 590 1052; x_wconf 86' lang='lat' dir='ltr'><strong>potestasinquirendi</strong></span> <span class='ocrx_word' id='word_1_64' title='bbox 609 971 640 1032; x_wconf 93' lang='lat' dir='ltr'><strong>in</strong></span> <span class='ocrx_word' id='word_1_65' title='bbox 654 970 811 1033; x_wconf 85' lang='lat' dir='ltr'><strong>haereticos</strong></span> <span class='ocrx_word' id='word_1_66' title='bbox 826 967 1118 1050; x_wconf 74' lang='lat' dir='ltr'><strong>eosqueJudicandi,</strong></span> <span class='ocrx_word' id='word_1_67' title='bbox 1133 969 1161 1032; x_wconf 90' lang='lat' dir='ltr'><strong>in</strong></span> 
     </span>
     <span class='ocr_line' id='line_1_10' title="bbox 194 1056 1168 1142; baseline 0.001 -23"><span class='ocrx_word' id='word_1_68' title='bbox 194 1058 267 1138; x_wconf 91' lang='lat' dir='ltr'><strong>ipsis</strong></span> <span class='ocrx_word' id='word_1_69' title='bbox 280 1057 370 1120; x_wconf 89' lang='lat' dir='ltr'><strong>simul</strong></span> <span class='ocrx_word' id='word_1_70' title='bbox 383 1067 413 1121; x_wconf 88' lang='lat' dir='ltr'><strong>et</strong></span> <span class='ocrx_word' id='word_1_71' title='bbox 435 1061 589 1142; x_wconf 83' lang='lat' dir='ltr'><strong>Episcopis</strong></span> <span class='ocrx_word' id='word_1_72' title='bbox 610 1058 792 1122; x_wconf 71' lang='lat' dir='ltr'><strong>cumulatius</strong></span> <span class='ocrx_word' id='word_1_73' title='bbox 810 1056 929 1120; x_wconf 85' lang='lat' dir='ltr'><strong>residet.</strong></span> <span class='ocrx_word' id='word_1_74' title='bbox 959 1057 1102 1120; x_wconf 88' lang='lat' dir='ltr'><strong>Liberum</strong></span> <span class='ocrx_word' id='word_1_75' title='bbox 1123 1067 1168 1120; x_wconf 83' lang='lat' dir='ltr'><strong>est</strong></span> 
     </span>
     <span class='ocr_line' id='line_1_11' title="bbox 194 1145 1166 1230; baseline 0.001 -23"><span class='ocrx_word' id='word_1_76' title='bbox 194 1155 295 1208; x_wconf 85' lang='lat' dir='ltr'><strong>autem</strong></span> <span class='ocrx_word' id='word_1_77' title='bbox 306 1147 474 1228; x_wconf 88' lang='lat' dir='ltr'><strong>inquisitori</strong></span> <span class='ocrx_word' id='word_1_78' title='bbox 485 1149 679 1230; x_wconf 79' lang='lat' dir='ltr'><strong>etEpisoopO,</strong></span> <span class='ocrx_word' id='word_1_79' title='bbox 691 1147 736 1209; x_wconf 88' lang='lat' dir='ltr'><strong>vel</strong></span> <span class='ocrx_word' id='word_1_80' title='bbox 747 1145 932 1227; x_wconf 88' lang='lat' dir='ltr'><strong>conjunctim</strong></span> <span class='ocrx_word' id='word_1_81' title='bbox 942 1147 1166 1229; x_wconf 89' lang='lat' dir='ltr'><strong>velseparatim,</strong></span> 
     </span>
     <span class='ocr_line' id='line_1_12' title="bbox 195 1235 1168 1320; baseline 0 -24"><span class='ocrx_word' id='word_1_82' title='bbox 195 1235 367 1316; x_wconf 80' lang='lat' dir='ltr'><strong>procedere.</strong></span> <span class='ocrx_word' id='word_1_83' title='bbox 393 1237 424 1298; x_wconf 92' lang='lat' dir='ltr'><strong>Si</strong></span> <span class='ocrx_word' id='word_1_84' title='bbox 445 1238 606 1320; x_wconf 87' lang='lat' dir='ltr'><strong>separatim</strong></span> <span class='ocrx_word' id='word_1_85' title='bbox 626 1235 810 1319; x_wconf 88' lang='lat' dir='ltr'><strong>procedant,</strong></span> <span class='ocrx_word' id='word_1_86' title='bbox 826 1235 937 1298; x_wconf 91' lang='lat' dir='ltr'><strong>debent</strong></span> <span class='ocrx_word' id='word_1_87' title='bbox 959 1235 1016 1297; x_wconf 89' lang='lat' dir='ltr'><strong>sibi</strong></span> <span class='ocrx_word' id='word_1_88' title='bbox 1040 1235 1168 1298; x_wconf 83' lang='lat' dir='ltr'><strong>invicem</strong></span> 
     </span>
     <span class='ocr_line' id='line_1_13' title="bbox 195 1323 1166 1409; baseline 0.002 -25"><span class='ocrx_word' id='word_1_89' title='bbox 195 1326 419 1389; x_wconf 84' lang='lat' dir='ltr'><strong>communicare</strong></span> <span class='ocrx_word' id='word_1_90' title='bbox 427 1345 600 1409; x_wconf 89' lang='lat' dir='ltr'><strong>processum</strong></span> <span class='ocrx_word' id='word_1_91' title='bbox 611 1331 679 1388; x_wconf 90' lang='lat' dir='ltr'><strong>ante</strong></span> <span class='ocrx_word' id='word_1_92' title='bbox 687 1325 866 1388; x_wconf 87' lang='lat' dir='ltr'><strong>sententiam</strong></span> <span class='ocrx_word' id='word_1_93' title='bbox 874 1323 1166 1388; x_wconf 84' lang='lat' dir='ltr'><strong>condemnatoriam.</strong></span> 
     </span>
     <span class='ocr_line' id='line_1_14' title="bbox 196 1412 1123 1499; baseline 0.001 -25"><span class='ocrx_word' id='word_1_94' title='bbox 196 1412 271 1475; x_wconf 87' lang='lat' dir='ltr'><strong>Vide</strong></span> <span class='ocrx_word' id='word_1_95' title='bbox 286 1415 396 1492; x_wconf 86' lang='lat' dir='ltr'><strong>Bouix,</strong></span> <span class='ocrx_word' id='word_1_96' title='bbox 411 1415 456 1478; x_wconf 85' lang='lat' dir='ltr'><strong>Dc</strong></span> <span class='ocrx_word' id='word_1_97' title='bbox 476 1416 637 1499; x_wconf 79' lang='lat' dir='ltr'><strong>Episcopo,</strong></span> <span class='ocrx_word' id='word_1_98' title='bbox 653 1421 675 1476; x_wconf 89' lang='lat' dir='ltr'><strong>t.</strong></span> <span class='ocrx_word' id='word_1_99' title='bbox 692 1419 727 1490; x_wconf 71' lang='lat'><strong>2,</strong></span> <span class='ocrx_word' id='word_1_100' title='bbox 738 1435 768 1496; x_wconf 89' lang='lat' dir='ltr'><strong>p.</strong></span> <span class='ocrx_word' id='word_1_101' title='bbox 786 1417 843 1476; x_wconf 69' lang='lat' dir='ltr'><strong>alt</strong></span> <span class='ocrx_word' id='word_1_102' title='bbox 858 1461 865 1490; x_wconf 93' lang='lat'><strong>,</strong></span> <span class='ocrx_word' id='word_1_103' title='bbox 880 1420 910 1476; x_wconf 92' lang='lat' dir='ltr'><strong>et</strong></span> <span class='ocrx_word' id='word_1_104' title='bbox 924 1432 1017 1494; x_wconf 88' lang='lat' dir='ltr'><strong>supra</strong></span> <span class='ocrx_word' id='word_1_105' title='bbox 1028 1414 1123 1494; x_wconf 58' lang='grc' dir='ltr'><strong>(Μ).</strong></span> 
     </span>
    </p>

    <p class='ocr_par' dir='ltr' id='par_1_5' title="bbox 196 1501 1171 1922">
     <span class='ocr_line' id='line_1_15' title="bbox 237 1501 1168 1586; baseline 0.002 -22"><span class='ocrx_word' id='word_1_106' title='bbox 237 1503 313 1564; x_wconf 85' lang='lat' dir='ltr'><strong>Girm</strong></span> <span class='ocrx_word' id='word_1_107' title='bbox 327 1503 429 1576; x_wconf 90' lang='lat' dir='ltr'><strong>hodie,</strong></span> <span class='ocrx_word' id='word_1_108' title='bbox 447 1504 584 1586; x_wconf 92' lang='lat' dir='ltr'><strong>pluribus</strong></span> <span class='ocrx_word' id='word_1_109' title='bbox 604 1505 636 1566; x_wconf 93' lang='lat' dir='ltr'><strong>in</strong></span> <span class='ocrx_word' id='word_1_110' title='bbox 650 1503 740 1580; x_wconf 92' lang='lat' dir='ltr'><strong>locis,</strong></span> <span class='ocrx_word' id='word_1_111' title='bbox 764 1510 894 1585; x_wconf 85' lang='lat' dir='ltr'><strong>potestas</strong></span> <span class='ocrx_word' id='word_1_112' title='bbox 910 1501 1006 1565; x_wconf 86' lang='lat' dir='ltr'><strong>civilis</strong></span> <span class='ocrx_word' id='word_1_113' title='bbox 1023 1504 1168 1566; x_wconf 82' lang='lat' dir='ltr'><strong>auxilium</strong></span> 
     </span>
     <span class='ocr_line' id='line_1_16' title="bbox 197 1592 1170 1676; baseline 0.002 -23"><span class='ocrx_word' id='word_1_114' title='bbox 197 1609 258 1654; x_wconf 93' lang='lat' dir='ltr'><strong>non</strong></span> <span class='ocrx_word' id='word_1_115' title='bbox 273 1599 393 1674; x_wconf 75' lang='lat' dir='ltr'><strong>prestet</strong></span> <span class='ocrx_word' id='word_1_116' title='bbox 406 1595 541 1676; x_wconf 79' lang='lat' dir='ltr'><strong>potestati</strong></span> <span class='ocrx_word' id='word_1_117' title='bbox 556 1593 783 1664; x_wconf 87' lang='lat' dir='ltr'><strong>ecclesiasticae,</strong></span> <span class='ocrx_word' id='word_1_118' title='bbox 805 1592 946 1673; x_wconf 79' lang='lat' dir='ltr'><strong>Episcopi</strong></span> <span class='ocrx_word' id='word_1_119' title='bbox 962 1609 1024 1654; x_wconf 92' lang='lat' dir='ltr'><strong>non</strong></span> <span class='ocrx_word' id='word_1_120' title='bbox 1043 1601 1170 1674; x_wconf 88' lang='lat' dir='ltr'><strong>possunt</strong></span> 
     </span>
     <span class='ocr_line' id='line_1_17' title="bbox 197 1681 1171 1763; baseline 0.003 -22"><span class='ocrx_word' id='word_1_121' title='bbox 197 1681 374 1760; x_wconf 80' lang='lat' dir='ltr'><strong>regulariter</strong></span> <span class='ocrx_word' id='word_1_122' title='bbox 396 1681 547 1762; x_wconf 86' lang='lat' dir='ltr'><strong>infligere,</strong></span> <span class='ocrx_word' id='word_1_123' title='bbox 573 1689 678 1745; x_wconf 85' lang='lat' dir='ltr'><strong>contre</strong></span> <span class='ocrx_word' id='word_1_124' title='bbox 696 1681 871 1756; x_wconf 73' lang='lat' dir='ltr'><strong>haereticos,</strong></span> <span class='ocrx_word' id='word_1_125' title='bbox 892 1681 948 1742; x_wconf 93' lang='lat' dir='ltr'><strong>nisi</strong></span> <span class='ocrx_word' id='word_1_126' title='bbox 963 1699 1068 1763; x_wconf 69' lang='lat' dir='ltr'><strong>plenas</strong></span> <span class='ocrx_word' id='word_1_127' title='bbox 1086 1682 1171 1763; x_wconf 85' lang='lat' dir='ltr'><strong>spiri·</strong></span> 
     </span>
     <span class='ocr_line' id='line_1_18' title="bbox 197 1769 1170 1852; baseline 0.006 -24"><span class='ocrx_word' id='word_1_128' title='bbox 197 1769 311 1845; x_wconf 86' lang='lat' dir='ltr'><strong>tuales;</strong></span> <span class='ocrx_word' id='word_1_129' title='bbox 336 1769 375 1832; x_wconf 91' lang='lat' dir='ltr'><strong>de</strong></span> <span class='ocrx_word' id='word_1_130' title='bbox 398 1769 495 1832; x_wconf 80' lang='lat' dir='ltr'><strong>lormt</strong></span> <span class='ocrx_word' id='word_1_131' title='bbox 517 1779 619 1834; x_wconf 86' lang='lat' dir='ltr'><strong>autem</strong></span> <span class='ocrx_word' id='word_1_132' title='bbox 640 1769 823 1852; x_wconf 89' lang='lat' dir='ltr'><strong>procedendi</strong></span> <span class='ocrx_word' id='word_1_133' title='bbox 837 1769 1111 1832; x_wconf 81' lang='lat' dir='ltr'><strong>tuncobservandt</strong></span> <span class='ocrx_word' id='word_1_134' title='bbox 1124 1771 1170 1834; x_wconf 82' lang='lat' dir='ltr'><strong>di-</strong></span> 
     </span>
     <span class='ocr_line' id='line_1_19' title="bbox 196 1857 547 1922; baseline 0.006 -2"><span class='ocrx_word' id='word_1_135' title='bbox 196 1875 301 1920; x_wconf 83' lang='lat' dir='ltr'><strong>cemus</strong></span> <span class='ocrx_word' id='word_1_136' title='bbox 316 1857 347 1918; x_wconf 94' lang='lat' dir='ltr'><strong>in</strong></span> <span class='ocrx_word' id='word_1_137' title='bbox 362 1858 437 1921; x_wconf 92' lang='lat' dir='ltr'><strong>libro</strong></span> <span class='ocrx_word' id='word_1_138' title='bbox 450 1861 547 1922; x_wconf 88' lang='lat' dir='ltr'><strong>tertio.</strong></span> 
     </span>
    </p>

    <p class='ocr_par' dir='ltr' id='par_1_6' title="bbox 236 1946 1131 2031">
     <span class='ocr_line' id='line_1_20' title="bbox 236 1946 1131 2031; baseline 0.002 -23"><span class='ocrx_word' id='word_1_139' title='bbox 236 1949 305 2008; x_wconf 80' lang='grc'>997.</span> <span class='ocrx_word' id='word_1_140' title='bbox 318 1947 437 2019; x_wconf 79' lang='lat' dir='ltr'><strong>Quaerit.</strong></span> <span class='ocrx_word' id='word_1_141' title='bbox 453 1951 499 2010; x_wconf 85' lang='lat' dir='ltr'><strong>An</strong></span> <span class='ocrx_word' id='word_1_142' title='bbox 508 1949 647 2031; x_wconf 84' lang='lat' dir='ltr'><strong>Episcopi</strong></span> <span class='ocrx_word' id='word_1_143' title='bbox 658 1947 809 2010; x_wconf 80' lang='lat' dir='ltr'><strong>absolvere</strong></span> <span class='ocrx_word' id='word_1_144' title='bbox 823 1948 939 2029; x_wconf 92' lang='lat' dir='ltr'><strong>possint</strong></span> <span class='ocrx_word' id='word_1_145' title='bbox 951 1946 990 2010; x_wconf 90' lang='lat' dir='ltr'><strong>ab</strong></span> <span class='ocrx_word' id='word_1_146' title='bbox 998 1946 1131 2010; x_wconf 85' lang='lat' dir='ltr'><strong>haeresi‘l</strong></span> 
     </span>
    </p>

    <p class='ocr_par' dir='ltr' id='par_1_7' title="bbox 196 2035 1174 2833">
     <span class='ocr_line' id='line_1_21' title="bbox 236 2035 1171 2119; baseline 0.006 -23"><span class='ocrx_word' id='word_1_147' title='bbox 236 2036 326 2118; x_wconf 81' lang='lat' dir='ltr'><strong>Hesp.</strong></span> <span class='ocrx_word' id='word_1_148' title='bbox 351 2037 426 2118; x_wconf 91' lang='lat' dir='ltr'><strong>Ipsis</strong></span> <span class='ocrx_word' id='word_1_149' title='bbox 444 2037 567 2119; x_wconf 89' lang='lat' dir='ltr'><strong>quidem</strong></span> <span class='ocrx_word' id='word_1_150' title='bbox 592 2037 693 2099; x_wconf 77' lang='lat' dir='ltr'><strong>domm</strong></span> <span class='ocrx_word' id='word_1_151' title='bbox 722 2035 816 2110; x_wconf 18' lang='lat' dir='ltr'><strong>fuisse,</strong></span> <span class='ocrx_word' id='word_1_152' title='bbox 845 2035 924 2098; x_wconf 89' lang='lat' dir='ltr'><strong>hanc</strong></span> <span class='ocrx_word' id='word_1_153' title='bbox 950 2043 1128 2118; x_wconf 86' lang='lat' dir='ltr'><strong>potestatem</strong></span> <span class='ocrx_word' id='word_1_154' title='bbox 1153 2041 1171 2102; x_wconf 77' lang='lat' dir='ltr'><strong>a</strong></span> 
     </span>
     <span class='ocr_line' id='line_1_22' title="bbox 197 2123 1172 2208; baseline 0.003 -20"><span class='ocrx_word' id='word_1_155' title='bbox 197 2125 331 2188; x_wconf 85' lang='lat' dir='ltr'><strong>Concilio</strong></span> <span class='ocrx_word' id='word_1_156' title='bbox 340 2126 473 2189; x_wconf 58' lang='lat' dir='ltr'><strong>rlirident.</strong></span> <span class='ocrx_word' id='word_1_157' title='bbox 485 2127 568 2206; x_wconf 86' lang='lat' dir='ltr'><strong>(sess.</strong></span> <span class='ocrx_word' id='word_1_158' title='bbox 580 2131 629 2202; x_wconf 71' lang='lat' dir='ltr'><strong>tl,</strong></span> <span class='ocrx_word' id='word_1_159' title='bbox 641 2145 668 2188; x_wconf 91' lang='lat' dir='ltr'><strong>c.</strong></span> <span class='ocrx_word' id='word_1_160' title='bbox 685 2129 726 2204; x_wconf 88' lang='lat'><strong>6),</strong></span> <span class='ocrx_word' id='word_1_161' title='bbox 742 2123 930 2188; x_wconf 86' lang='lat' dir='ltr'><strong>ubidicitur:</strong></span> <span class='ocrx_word' id='word_1_162' title='bbox 950 2125 1074 2188; x_wconf 75' lang='lat' dir='ltr'><strong>«Liceat</strong></span> <span class='ocrx_word' id='word_1_163' title='bbox 1086 2127 1172 2208; x_wconf 83' lang='lat' dir='ltr'><strong>Epis·</strong></span> 
     </span>
     <span class='ocr_line' id='line_1_23' title="bbox 197 2213 1170 2300; baseline 0.006 -26"><span class='ocrx_word' id='word_1_164' title='bbox 197 2237 212 2274; x_wconf 77' lang='lat' dir='ltr'><strong>o</strong></span> <span class='ocrx_word' id='word_1_165' title='bbox 236 2215 371 2297; x_wconf 85' lang='lat' dir='ltr'><strong>copis...</strong></span> <span class='ocrx_word' id='word_1_166' title='bbox 389 2215 419 2277; x_wconf 94' lang='lat' dir='ltr'><strong>in</strong></span> <span class='ocrx_word' id='word_1_167' title='bbox 434 2217 676 2300; x_wconf 82' lang='lat' dir='ltr'><strong>quibuscumque</strong></span> <span class='ocrx_word' id='word_1_168' title='bbox 690 2214 809 2276; x_wconf 87' lang='lat' dir='ltr'><strong>casibus</strong></span> <span class='ocrx_word' id='word_1_169' title='bbox 823 2213 965 2292; x_wconf 88' lang='lat' dir='ltr'><strong>occultis,</strong></span> <span class='ocrx_word' id='word_1_170' title='bbox 986 2214 1075 2277; x_wconf 89' lang='lat' dir='ltr'><strong>etiam</strong></span> <span class='ocrx_word' id='word_1_171' title='bbox 1099 2217 1170 2280; x_wconf 89' lang='lat' dir='ltr'><strong>Sedi</strong></span> 
     </span>
     <span class='ocr_line' id='line_1_24' title="bbox 196 2304 1171 2386; baseline 0.005 -23"><span class='ocrx_word' id='word_1_172' title='bbox 196 2324 213 2363; x_wconf 75' lang='lat' dir='ltr'><strong>a</strong></span> <span class='ocrx_word' id='word_1_173' title='bbox 238 2305 417 2386; x_wconf 65' lang='lat' dir='ltr'><strong>spostolicae</strong></span> <span class='ocrx_word' id='word_1_174' title='bbox 439 2307 614 2382; x_wconf 70' lang='lat' dir='ltr'><strong>reservatis,</strong></span> <span class='ocrx_word' id='word_1_175' title='bbox 642 2304 853 2384; x_wconf 82' lang='lat' dir='ltr'><strong>delinquentes</strong></span> <span class='ocrx_word' id='word_1_176' title='bbox 874 2319 1084 2385; x_wconf 81' lang='lat' dir='ltr'><strong>quoscumque</strong></span> <span class='ocrx_word' id='word_1_177' title='bbox 1111 2307 1171 2368; x_wconf 91' lang='lat' dir='ltr'><strong>sibi</strong></span> 
     </span>
     <span class='ocr_line' id='line_1_25' title="bbox 196 2393 1172 2476; baseline 0.006 -24"><span class='ocrx_word' id='word_1_178' title='bbox 196 2413 212 2452; x_wconf 80' lang='lat' dir='ltr'><strong>a</strong></span> <span class='ocrx_word' id='word_1_179' title='bbox 237 2393 373 2456; x_wconf 90' lang='lat' dir='ltr'><strong>subditos</strong></span> <span class='ocrx_word' id='word_1_180' title='bbox 387 2395 418 2456; x_wconf 95' lang='lat' dir='ltr'><strong>in</strong></span> <span class='ocrx_word' id='word_1_181' title='bbox 432 2395 552 2456; x_wconf 79' lang='lat' dir='ltr'><strong>diocesi</strong></span> <span class='ocrx_word' id='word_1_182' title='bbox 567 2397 637 2470; x_wconf 80' lang='lat' dir='ltr'><strong>sua,</strong></span> <span class='ocrx_word' id='word_1_183' title='bbox 648 2413 702 2476; x_wconf 93' lang='lat' dir='ltr'><strong>per</strong></span> <span class='ocrx_word' id='word_1_184' title='bbox 715 2393 840 2475; x_wconf 88' lang='lat' dir='ltr'><strong>seipsos,</strong></span> <span class='ocrx_word' id='word_1_185' title='bbox 855 2399 907 2455; x_wconf 89' lang='lat' dir='ltr'><strong>aul</strong></span> <span class='ocrx_word' id='word_1_186' title='bbox 921 2393 1071 2456; x_wconf 82' lang='lat' dir='ltr'><strong>vicarium</strong></span> <span class='ocrx_word' id='word_1_187' title='bbox 1086 2394 1125 2456; x_wconf 86' lang='lat' dir='ltr'><strong>od</strong></span> <span class='ocrx_word' id='word_1_188' title='bbox 1141 2396 1172 2458; x_wconf 93' lang='lat' dir='ltr'><strong>id</strong></span> 
     </span>
     <span class='ocr_line' id='line_1_26' title="bbox 197 2480 1173 2565; baseline 0.004 -23"><span class='ocrx_word' id='word_1_189' title='bbox 197 2503 213 2541; x_wconf 75' lang='grc' dir='ltr'>ι</span> <span class='ocrx_word' id='word_1_190' title='bbox 237 2483 404 2563; x_wconf 85' lang='lat' dir='ltr'><strong>specialiter</strong></span> <span class='ocrx_word' id='word_1_191' title='bbox 418 2483 640 2565; x_wconf 89' lang='lat' dir='ltr'><strong>deputandum,</strong></span> <span class='ocrx_word' id='word_1_192' title='bbox 656 2484 686 2544; x_wconf 95' lang='lat' dir='ltr'><strong>in</strong></span> <span class='ocrx_word' id='word_1_193' title='bbox 701 2480 767 2544; x_wconf 86' lang='lat' dir='ltr'><strong>loro</strong></span> <span class='ocrx_word' id='word_1_194' title='bbox 781 2481 988 2560; x_wconf 76' lang='lat' dir='ltr'><strong>conscientie,</strong></span> <span class='ocrx_word' id='word_1_195' title='bbox 1008 2483 1098 2565; x_wconf 91' lang='lat' dir='ltr'><strong>gratis</strong></span> <span class='ocrx_word' id='word_1_196' title='bbox 1111 2485 1173 2546; x_wconf 75' lang='lat' dir='ltr'><strong>alr--</strong></span> 
     </span>
     <span class='ocr_line' id='line_1_27' title="bbox 197 2570 1174 2655; baseline 0.007 -27"><span class='ocrx_word' id='word_1_197' title='bbox 197 2591 213 2628; x_wconf 77' lang='lat' dir='ltr'><strong>a</strong></span> <span class='ocrx_word' id='word_1_198' title='bbox 237 2571 351 2634; x_wconf 89' lang='lat' dir='ltr'><strong>solvere</strong></span> <span class='ocrx_word' id='word_1_199' title='bbox 363 2620 371 2652; x_wconf 92' lang='lat'><strong>,</strong></span> <span class='ocrx_word' id='word_1_200' title='bbox 382 2573 522 2655; x_wconf 77' lang='lat' dir='ltr'><strong>imposita</strong></span> <span class='ocrx_word' id='word_1_201' title='bbox 535 2572 710 2654; x_wconf 72' lang='lat' dir='ltr'><strong>poenitentis</strong></span> <span class='ocrx_word' id='word_1_202' title='bbox 723 2570 856 2633; x_wconf 87' lang='lat' dir='ltr'><strong>salutari.</strong></span> <span class='ocrx_word' id='word_1_203' title='bbox 871 2571 954 2632; x_wconf 89' lang='lat' dir='ltr'><strong>ldem</strong></span> <span class='ocrx_word' id='word_1_204' title='bbox 964 2577 994 2633; x_wconf 88' lang='lat' dir='ltr'><strong>et</strong></span> <span class='ocrx_word' id='word_1_205' title='bbox 1007 2573 1039 2632; x_wconf 82' lang='lat' dir='ltr'><strong>in</strong></span> <span class='ocrx_word' id='word_1_206' title='bbox 1052 2571 1174 2636; x_wconf 70' lang='lat' dir='ltr'><strong>heresis</strong></span> 
     </span>
     <span class='ocr_line' id='line_1_28' title="bbox 198 2659 1172 2739; baseline 0.007 -21"><span class='ocrx_word' id='word_1_207' title='bbox 198 2681 213 2718; x_wconf 82' lang='lat' dir='ltr'><strong>a</strong></span> <span class='ocrx_word' id='word_1_208' title='bbox 237 2661 376 2739; x_wconf 80' lang='lat' dir='ltr'><strong>crimine,</strong></span> <span class='ocrx_word' id='word_1_209' title='bbox 399 2662 432 2724; x_wconf 92' lang='lat' dir='ltr'><strong>in</strong></span> <span class='ocrx_word' id='word_1_210' title='bbox 448 2661 556 2724; x_wconf 92' lang='lat' dir='ltr'><strong>eodem</strong></span> <span class='ocrx_word' id='word_1_211' title='bbox 576 2659 639 2723; x_wconf 89' lang='lat' dir='ltr'><strong>loro</strong></span> <span class='ocrx_word' id='word_1_212' title='bbox 663 2659 877 2738; x_wconf 79' lang='lat' dir='ltr'><strong>conscientiae,</strong></span> <span class='ocrx_word' id='word_1_213' title='bbox 896 2660 941 2722; x_wconf 91' lang='lat' dir='ltr'><strong>eis</strong></span> <span class='ocrx_word' id='word_1_214' title='bbox 957 2661 1085 2738; x_wconf 82' lang='lat' dir='ltr'><strong>tantum,</strong></span> <span class='ocrx_word' id='word_1_215' title='bbox 1105 2681 1172 2726; x_wconf 92' lang='lat' dir='ltr'><strong>non</strong></span> 
     </span>
     <span class='ocr_line' id='line_1_29' title="bbox 197 2749 771 2833; baseline 0.005 -27"><span class='ocrx_word' id='word_1_216' title='bbox 197 2768 213 2806; x_wconf 79' lang='lat' dir='ltr'><strong>s</strong></span> <span class='ocrx_word' id='word_1_217' title='bbox 237 2766 343 2811; x_wconf 89' lang='lat' dir='ltr'><strong>eorum</strong></span> <span class='ocrx_word' id='word_1_218' title='bbox 357 2751 483 2813; x_wconf 84' lang='lat' dir='ltr'><strong>Vicoriis</strong></span> <span class='ocrx_word' id='word_1_219' title='bbox 497 2751 535 2812; x_wconf 92' lang='lat' dir='ltr'><strong>sit</strong></span> <span class='ocrx_word' id='word_1_220' title='bbox 548 2749 740 2833; x_wconf 89' lang='lat' dir='ltr'><strong>permissum.</strong></span> <span class='ocrx_word' id='word_1_221' title='bbox 756 2771 771 2808; x_wconf 80' lang='lat' dir='ltr'><strong>a</strong></span> 
     </span>
    </p>

    <p class='ocr_par' dir='ltr' id='par_1_8' title="bbox 197 2835 1259 3723">
     <span class='ocr_line' id='line_1_30' title="bbox 238 2835 1172 2922; baseline 0.003 -22"><span class='ocrx_word' id='word_1_222' title='bbox 238 2838 296 2900; x_wconf 87' lang='lat' dir='ltr'><strong>Sed</strong></span> <span class='ocrx_word' id='word_1_223' title='bbox 305 2838 370 2902; x_wconf 84' lang='lat' dir='ltr'><strong>haeo</strong></span> <span class='ocrx_word' id='word_1_224' title='bbox 383 2839 507 2902; x_wconf 80' lang='lat' dir='ltr'><strong>facultas</strong></span> <span class='ocrx_word' id='word_1_225' title='bbox 520 2839 557 2901; x_wconf 89' lang='lat' dir='ltr'><strong>ab</strong></span> <span class='ocrx_word' id='word_1_226' title='bbox 570 2839 687 2902; x_wconf 76' lang='lat' dir='ltr'><strong>occulta</strong></span> <span class='ocrx_word' id='word_1_227' title='bbox 700 2835 805 2900; x_wconf 86' lang='lat' dir='ltr'><strong>haeresi</strong></span> <span class='ocrx_word' id='word_1_228' title='bbox 817 2837 1000 2914; x_wconf 87' lang='lat' dir='ltr'><strong>absolvendi,</strong></span> <span class='ocrx_word' id='word_1_229' title='bbox 1012 2837 1172 2922; x_wconf 82' lang='lat' dir='ltr'><strong>Episcopis</strong></span> 
     </span>
     <span class='ocr_line' id='line_1_31' title="bbox 197 2925 1259 3010; baseline 0.002 -22"><span class='ocrx_word' id='word_1_230' title='bbox 197 2925 306 2990; x_wconf 89' lang='lat' dir='ltr'><strong>deinde</strong></span> <span class='ocrx_word' id='word_1_231' title='bbox 319 2927 376 2989; x_wconf 86' lang='lat' dir='ltr'><strong>luit</strong></span> <span class='ocrx_word' id='word_1_232' title='bbox 389 2928 504 2991; x_wconf 86' lang='lat' dir='ltr'><strong>sublata</strong></span> <span class='ocrx_word' id='word_1_233' title='bbox 518 2927 555 2990; x_wconf 88' lang='lat' dir='ltr'><strong>ab</strong></span> <span class='ocrx_word' id='word_1_234' title='bbox 573 2928 741 3010; x_wconf 81' lang='lat' dir='ltr'><strong>Apostolict</strong></span> <span class='ocrx_word' id='word_1_235' title='bbox 755 2926 842 2990; x_wconf 88' lang='lat' dir='ltr'><strong>Sede.</strong></span> <span class='ocrx_word' id='word_1_236' title='bbox 866 2927 942 2989; x_wconf 92' lang='lat' dir='ltr'><strong>lllud</strong></span> <span class='ocrx_word' id='word_1_237' title='bbox 956 2934 1073 2990; x_wconf 88' lang='lat' dir='ltr'><strong>constat</strong></span> <span class='ocrx_word' id='word_1_238' title='bbox 1086 2933 1117 2990; x_wconf 74' lang='grc' dir='ltr'><strong>1ο</strong></span> <span class='ocrx_word' id='word_1_239' title='bbox 1130 2948 1173 2996; x_wconf 74' lang='lat' dir='ltr'><strong>ex</strong></span> <span class='ocrx_word' id='word_1_240' title='bbox 1258 3001 1259 3004; x_wconf 8' lang='grc' dir='ltr'><strong>Ἴ</strong></span> 
     </span>
     <span class='ocr_line' id='line_1_32' title="bbox 198 3015 1169 3101; baseline 0.006 -27"><span class='ocrx_word' id='word_1_241' title='bbox 198 3015 283 3077; x_wconf 76' lang='lat' dir='ltr'><strong>Bulla</strong></span> <span class='ocrx_word' id='word_1_242' title='bbox 299 3017 403 3088; x_wconf 80' lang='lat' dir='ltr'><strong>Cone.</strong></span> <span class='ocrx_word' id='word_1_243' title='bbox 419 3018 451 3078; x_wconf 92' lang='lat' dir='ltr'><strong>in</strong></span> <span class='ocrx_word' id='word_1_244' title='bbox 465 3019 537 3101; x_wconf 80' lang='lat' dir='ltr'><strong>qut,</strong></span> <span class='ocrx_word' id='word_1_245' title='bbox 554 3025 621 3099; x_wconf 93' lang='lat' dir='ltr'><strong>post</strong></span> <span class='ocrx_word' id='word_1_246' title='bbox 635 3015 803 3080; x_wconf 87' lang='lat' dir='ltr'><strong>Concilium</strong></span> <span class='ocrx_word' id='word_1_247' title='bbox 816 3015 963 3093; x_wconf 80' lang='lat' dir='ltr'><strong>Trident,</strong></span> <span class='ocrx_word' id='word_1_248' title='bbox 978 3017 1169 3099; x_wconf 88' lang='lat' dir='ltr'><strong>etquidem,</strong></span> 
     </span>
     <span class='ocr_line' id='line_1_33' title="bbox 197 3103 1173 3188; baseline 0.008 -24"><span class='ocrx_word' id='word_1_249' title='bbox 197 3110 287 3186; x_wconf 87' lang='lat' dir='ltr'><strong>prout</strong></span> <span class='ocrx_word' id='word_1_250' title='bbox 308 3105 439 3184; x_wconf 89' lang='lat' dir='ltr'><strong>videtur,</strong></span> <span class='ocrx_word' id='word_1_251' title='bbox 457 3112 594 3188; x_wconf 87' lang='lat' dir='ltr'><strong>tempore</strong></span> <span class='ocrx_word' id='word_1_252' title='bbox 612 3105 747 3187; x_wconf 78' lang='lat' dir='ltr'><strong>Gregorii</strong></span> <span class='ocrx_word' id='word_1_253' title='bbox 767 3107 833 3168; x_wconf 88' lang='lat' dir='ltr'><strong>Xlll</strong></span> <span class='ocrx_word' id='word_1_254' title='bbox 860 3103 988 3187; x_wconf 87' lang='lat' dir='ltr'><strong>(Bened.</strong></span> <span class='ocrx_word' id='word_1_255' title='bbox 1014 3107 1100 3185; x_wconf 81' lang='lat' dir='ltr'><strong>xlv,</strong></span> <span class='ocrx_word' id='word_1_256' title='bbox 1120 3107 1173 3172; x_wconf 82' lang='lat' dir='ltr'><strong>De</strong></span> 
     </span>
     <span class='ocr_line' id='line_1_34' title="bbox 198 3191 1169 3276; baseline 0.005 -21"><span class='ocrx_word' id='word_1_257' title='bbox 198 3191 328 3275; x_wconf 75' lang='lat' dir='ltr'><strong>Synodo,</strong></span> <span class='ocrx_word' id='word_1_258' title='bbox 345 3194 396 3256; x_wconf 92' lang='lat' dir='ltr'><strong>lib.</strong></span> <span class='ocrx_word' id='word_1_259' title='bbox 413 3199 444 3270; x_wconf 82' lang='lat'><strong>9,</strong></span> <span class='ocrx_word' id='word_1_260' title='bbox 458 3213 487 3259; x_wconf 89' lang='lat' dir='ltr'><strong>c.</strong></span> <span class='ocrx_word' id='word_1_261' title='bbox 503 3201 543 3272; x_wconf 76' lang='lat' dir='ltr'><strong>l,</strong></span> <span class='ocrx_word' id='word_1_262' title='bbox 559 3204 593 3257; x_wconf 86' lang='lat' dir='ltr'><strong>n⁰</strong></span> <span class='ocrx_word' id='word_1_263' title='bbox 606 3197 652 3274; x_wconf 87' lang='lat'><strong>8),</strong></span> <span class='ocrx_word' id='word_1_264' title='bbox 669 3195 779 3257; x_wconf 89' lang='lat' dir='ltr'><strong>inserta</strong></span> <span class='ocrx_word' id='word_1_265' title='bbox 792 3193 850 3256; x_wconf 88' lang='lat' dir='ltr'><strong>luit</strong></span> <span class='ocrx_word' id='word_1_266' title='bbox 864 3212 994 3276; x_wconf 85' lang='lat' dir='ltr'><strong>sequens</strong></span> <span class='ocrx_word' id='word_1_267' title='bbox 1007 3193 1143 3260; x_wconf 84' lang='lat' dir='ltr'><strong>clausula</strong></span> <span class='ocrx_word' id='word_1_268' title='bbox 1160 3219 1169 3260; x_wconf 91' lang='lat'>:</span> 
     </span>
     <span class='ocr_line' id='line_1_35' title="bbox 200 3283 1171 3366; baseline 0.01 -27"><span class='ocrx_word' id='word_1_269' title='bbox 200 3303 216 3339; x_wconf 81' lang='lat' dir='ltr'><strong>a</strong></span> <span class='ocrx_word' id='word_1_270' title='bbox 239 3285 261 3343; x_wconf 83' lang='lat' dir='ltr'><strong>A</strong></span> <span class='ocrx_word' id='word_1_271' title='bbox 283 3283 470 3365; x_wconf 75' lang='lat' dir='ltr'><strong>praediolis..</strong></span> <span class='ocrx_word' id='word_1_272' title='bbox 495 3284 597 3346; x_wconf 91' lang='lat' dir='ltr'><strong>nullus</strong></span> <span class='ocrx_word' id='word_1_273' title='bbox 616 3301 671 3365; x_wconf 91' lang='lat' dir='ltr'><strong>per</strong></span> <span class='ocrx_word' id='word_1_274' title='bbox 693 3283 787 3346; x_wconf 89' lang='lat' dir='ltr'><strong>alium</strong></span> <span class='ocrx_word' id='word_1_275' title='bbox 804 3285 898 3364; x_wconf 74' lang='lat' dir='ltr'><strong>quam</strong></span> <span class='ocrx_word' id='word_1_276' title='bbox 921 3301 976 3366; x_wconf 86' lang='lat' dir='ltr'><strong>per</strong></span> <span class='ocrx_word' id='word_1_277' title='bbox 994 3285 1171 3351; x_wconf 85' lang='lat' dir='ltr'><strong>Romanum</strong></span> 
     </span>
     <span class='ocr_line' id='line_1_36' title="bbox 197 3371 1171 3449; baseline 0.012 -20"><span class='ocrx_word' id='word_1_278' title='bbox 197 3395 212 3429; x_wconf 73' lang='lat' dir='ltr'><strong>a</strong></span> <span class='ocrx_word' id='word_1_279' title='bbox 237 3373 433 3449; x_wconf 87' lang='lat' dir='ltr'><strong>Pontificem,</strong></span> <span class='ocrx_word' id='word_1_280' title='bbox 448 3373 506 3434; x_wconf 88' lang='lat' dir='ltr'><strong>nisi</strong></span> <span class='ocrx_word' id='word_1_281' title='bbox 520 3375 551 3434; x_wconf 94' lang='lat' dir='ltr'><strong>in</strong></span> <span class='ocrx_word' id='word_1_282' title='bbox 566 3372 671 3434; x_wconf 86' lang='lat' dir='ltr'><strong>mortis</strong></span> <span class='ocrx_word' id='word_1_283' title='bbox 683 3372 809 3435; x_wconf 89' lang='lat' dir='ltr'><strong>articulo</strong></span> <span class='ocrx_word' id='word_1_284' title='bbox 821 3373 1037 3436; x_wconf 87' lang='lat' dir='ltr'><strong>constitutus...</strong></span> <span class='ocrx_word' id='word_1_285' title='bbox 1052 3371 1171 3441; x_wconf 85' lang='lat' dir='ltr'><strong>absolvi</strong></span> 
     </span>
     <span class='ocr_line' id='line_1_37' title="bbox 197 3461 1171 3544; baseline 0.011 -27"><span class='ocrx_word' id='word_1_286' title='bbox 197 3482 212 3517; x_wconf 78' lang='lat' dir='ltr'><strong>s</strong></span> <span class='ocrx_word' id='word_1_287' title='bbox 236 3462 343 3540; x_wconf 90' lang='lat' dir='ltr'><strong>possit;</strong></span> <span class='ocrx_word' id='word_1_288' title='bbox 358 3461 449 3524; x_wconf 89' lang='lat' dir='ltr'><strong>etiam</strong></span> <span class='ocrx_word' id='word_1_289' title='bbox 471 3468 616 3544; x_wconf 73' lang='lat' dir='ltr'><strong>pretextu</strong></span> <span class='ocrx_word' id='word_1_290' title='bbox 638 3463 813 3544; x_wconf 77' lang='lat' dir='ltr'><strong>quorumvis</strong></span> <span class='ocrx_word' id='word_1_291' title='bbox 831 3461 1004 3524; x_wconf 79' lang='lat' dir='ltr'><strong>facultatum</strong></span> <span class='ocrx_word' id='word_1_292' title='bbox 1018 3467 1049 3524; x_wconf 92' lang='lat' dir='ltr'><strong>et</strong></span> <span class='ocrx_word' id='word_1_293' title='bbox 1062 3461 1171 3528; x_wconf 92' lang='lat' dir='ltr'><strong>indul-</strong></span> 
     </span>
     <span class='ocr_line' id='line_1_38' title="bbox 197 3549 1172 3634; baseline 0.01 -28"><span class='ocrx_word' id='word_1_294' title='bbox 197 3555 335 3610; x_wconf 75' lang='lat' dir='ltr'><strong>atorum</strong></span> <span class='ocrx_word' id='word_1_295' title='bbox 372 3550 615 3632; x_wconf 86' lang='lat' dir='ltr'><strong>quibuscumque</strong></span> <span class='ocrx_word' id='word_1_296' title='bbox 647 3549 836 3631; x_wconf 82' lang='lat' dir='ltr'><strong>personis...</strong></span> <span class='ocrx_word' id='word_1_297' title='bbox 870 3550 960 3612; x_wconf 83' lang='lat' dir='ltr'><strong>ctiam</strong></span> <span class='ocrx_word' id='word_1_298' title='bbox 991 3550 1172 3634; x_wconf 77' lang='lat' dir='ltr'><strong>Episcopots&#39;</strong></span> 
     </span>
     <span class='ocr_line' id='line_1_39' title="bbox 198 3635 1168 3723; baseline 0.006 -25"><span class='ocrx_word' id='word_1_299' title='bbox 198 3657 212 3698; x_wconf 79' lang='lat' dir='ltr'><strong>s</strong></span> <span class='ocrx_word' id='word_1_300' title='bbox 236 3636 281 3699; x_wconf 87' lang='lat' dir='ltr'><strong>vel</strong></span> <span class='ocrx_word' id='word_1_301' title='bbox 308 3637 366 3700; x_wconf 80' lang='lat' dir='ltr'><strong>alid</strong></span> <span class='ocrx_word' id='word_1_302' title='bbox 392 3639 498 3718; x_wconf 87' lang='lat' dir='ltr'><strong>majori</strong></span> <span class='ocrx_word' id='word_1_303' title='bbox 520 3636 665 3718; x_wconf 84' lang='lat' dir='ltr'><strong>dignitate</strong></span> <span class='ocrx_word' id='word_1_304' title='bbox 687 3635 829 3718; x_wconf 72' lang='lat' dir='ltr'><strong>pradilis,</strong></span> <span class='ocrx_word' id='word_1_305' title='bbox 853 3655 907 3723; x_wconf 87' lang='lat' dir='ltr'><strong>per</strong></span> <span class='ocrx_word' id='word_1_306' title='bbox 926 3655 1032 3704; x_wconf 85' lang='lat' dir='ltr'><strong>nosao</strong></span> <span class='ocrx_word' id='word_1_307' title='bbox 1051 3639 1168 3710; x_wconf 65' lang='lat' dir='ltr'><strong>dicum</strong></span> 
     </span>
    </p>
   </div>
   <div class='ocr_carea' id='block_1_3' title="bbox 0 0 1290 3992">
    <p class='ocr_par' dir='ltr' id='par_1_9' title="bbox 0 0 1290 3992">
     <span class='ocr_line' id='line_1_40' title="bbox 0 0 1290 3992; baseline 0 0"><span class='ocrx_word' id='word_1_308' title='bbox 0 0 1290 3992; x_wconf 95' lang='lat' dir='ltr'><strong> </strong></span> 
     </span>
    </p>
   </div>
  </div>
 </body>
</html>
