2588 3994
997 13 1286 120 ὴ

218 167 255 228 96
439 187 577 234 annuam
598 185 698 235 rorrus
718 190 800 237 runis
822 189 970 242 conemur.

219 288 250 348 S.
280 287 435 350 Pontificis
457 289 632 350 auctoritate
663 288 796 370 antiquis
832 291 979 372 ignotam.
1018 298 1198 365 Jansenistffl

219 394 359 458 quoqne,
374 383 405 438 et
423 396 458 440 er
477 377 638 440 Gallicanis
652 377 737 439 multi
753 397 789 441 ex
806 377 862 443 hoc
883 381 1060 462 insinuant,
1075 392 1197 455 conscit

219 473 248 527 et
269 467 449 530 connivente
472 470 606 530 llomant
630 467 722 541 sede,
744 479 939 552 propagatam
966 472 1056 538 tuisse
1082 476 1198 561 impos-

218 561 332 634 turam,
371 557 504 621 indebita
538 558 610 621 hinc
645 561 807 624 accessisse
827 563 988 642 pontificia
1029 571 1196 635 auctoritati

218 644 422 724 incrementa,
437 647 672 710 diminutorem
688 650 907 732 Episcoporom
922 659 952 714 et
966 657 1196 736 provincialium

218 736 509 817 conciliorumjuru‚
525 756 659 800 aversam
674 737 807 820 denique
824 747 854 802 et
871 740 1077 807 obnubilatam
1093 767 1196 812 varam

222 821 359 889 Ecclesia
373 825 575 908 disciplinam.
592 829 635 888 Ita
650 827 781 910 Flemy,
797 831 862 890 Van
876 831 975 913 Espen
990 880 998 907 ‚
1013 834 1194 902 Febronius.

223 911 290 976 ttae
304 923 376 978 sunt
389 914 438 978 hle
448 915 628 992 refellenda3
641 915 694 977 sed
705 917 788 997 prins
802 919 1039 984 exarninandum
1049 931 1114 986 est:

258 1001 326 1065 178.
337 1037 378 1050 -
387 1005 410 1066 1.
433 1005 506 1077 Quis
520 1003 610 1067 tuerit
619 1004 767 1084 Isidorus,
781 1026 843 1090 quo
852 1015 1000 1092 tempore,
1012 1018 1042 1076 et
1055 1032 1148 1095 quom
1161 1015 1194 1080 in

222 1108 344 1175 toopum
358 1095 521 1175 scripserit.

263 1195 293 1252 t0
316 1189 454 1251 Isidorus
480 1186 538 1250 ista
569 1197 677 1267 aperto
705 1189 839 1252 assumit
868 1203 983 1248 nomon
1008 1187 1041 1250 S.
1065 1185 1178 1250 Isidori

222 1278 425 1359 Hispalensis.
442 1277 481 1338 de
498 1295 562 1358 qno
584 1287 689 1338 tamen
712 1297 751 1340 oe
772 1277 899 1354 cogitari
917 1277 1045 1357 uiridem
1061 1287 1176 1352 potest.

222 1369 321 1431 Habet
333 1372 417 1430 enim
436 1367 578 1448 praelatio
595 1387 602 1429 :
621 1392 636 1424 o
654 1367 765 1448 incipit
781 1367 922 1450 praehoo
938 1366 967 1429 S,
984 1365 1090 1428 isidori
1105 1367 1178 1448 eppi

220 1481 235 1520 o
263 1460 332 1520 libri
360 1457 466 1537 hujus.
492 1458 627 1520 lsnlorus
649 1457 799 1519 llarcotor
820 1458 868 1536 (in
898 1457 1004 1519 maritis
1030 1457 1181 1519 codicibus

221 1573 236 1606 o
262 1547 420 1630 peccator)
442 1547 673 1608 servusChristi
689 1561 787 1620 »,cto.
806 1547 892 1608 -Et
912 1565 1018 1608 resera
1032 1549 1178 1608 collectio

221 1637 300 1702 nihil
317 1637 402 1698 aliud
418 1644 464 1698 est
478 1653 572 1718 quara
587 1636 719 1717 llispuno
733 1637 1045 1708 connectamur
1060 1637 1180 1709 adcola

222 1734 297 1791 sunt
315 1725 494 1806 apocrypha
522 1729 644 1804 multa,
669 1743 806 1806 quorum
832 1729 976 1808 quaetlam
997 1726 1061 1806 jam
1090 1735 1178 1787 exta·

221 1817 310 1894 hant,
327 1819 418 1896 plura
435 1819 476 1875 ab
492 1827 619 1877 auctore
629 1817 802 1880 composita
816 1829 888 1877 sunt
903 1815 1125 1882 diversissimis
1140 1833 1178 1878 ex
1285 1829 1286 1866 1

222 1907 308 1970 locis.
324 1903 370 1967 Cl'.
388 1903 418 1966 P.
443 1901 573 1980 illocali,
590 1903 763 1967 Decretolea
787 1905 839 1967 Pa.
865 1904 943 1968 hio.
961 1923 970 1982 ς
992 1904 1097 1966 Schne
1110 1904 1180 1979 tter,

221 1993 278 2059 Dic
293 1995 382 2058 Lehre
392 2012 447 2056 rou
462 1995 517 2057 den
534 1994 895 2076 Kirchenrechtspuettco,
912 1994 929 2056 2
944 1997 994 2056 ed.
1013 2015 1042 2074 p.
1055 1999 1090 2059 at
1110 2011 1180 2074 seq.

261 2091 293 2146 ⁶2⁰
319 2083 518 2146 collectionis
546 2085 646 2165 prima
681 2085 805 2146 molitio
832 2084 965 2145 hahetur
986 2085 1080 2164 paulo
1110 2091 1183 2164 post

221 2173 599 2240 cono.Sue‹stttn011sea.
616 2173 688 2248 853,
711 2182 740 2234 et
757 2177 869 2235 saltem
889 2175 919 2235 in
936 2173 1027 2236 Cone.
1047 2172 1180 2235 Curisia-

222 2266 306 2327 ceosi
324 2283 351 2326 a.
379 2261 450 2336 857,
474 2263 527 2324 uhi
548 2281 694 2343 expresse
716 2263 844 2325 citatur.
862 2261 1005 2324 Ceterum
1023 2281 1096 2325 com
1120 2264 1180 2324 l'al·

222 2356 321 2419 sarius
347 2372 422 2416 usus
443 2353 485 2415 sit
506 2353 708 2415 documentis
733 2353 925 2414 authenticis
952 2372 1015 2414 non
1037 2354 1077 2413 ita
1097 2354 1180 2414 anti·

220 2445 302 2527 quis,
317 2463 346 2505 v.
360 2463 389 2520 a.
404 2442 480 2523 Syn.
492 2441 772 2522 Aquisgtanatensi
789 2460 818 2502 a.
833 2441 903 2519 836,
919 2453 1059 2523 tempore
1075 2443 1180 2504 rrrotlio

221 2532 417 2597 collectionis
431 2531 688 2612 compilationem
704 2541 773 2593 tuto
791 2549 943 2610 reponere
959 2550 1136 2610 possumus.

261 2623 292 2684 3⁰
310 2621 397 2684 Circa
411 2623 515 2702 opacis
537 2627 699 2684 auctorem
726 2629 757 2684 et
778 2621 912 2700 patriam
930 2621 1049 2694 multo,
1070 2639 1179 2702 eaque

221 2715 359 2775 maxima
381 2713 474 2774 vario
505 2714 672 2794 proposita
698 2721 774 2774 sunt
800 2711 1000 2792 hypotheses.
1018 2714 1058 2773 At
1077 2727 1181 2792 noque

219 2803 339 2876 Romus,
352 2819 456 2880 neque
472 2801 502 2862 in
517 2801 667 2883 Hispania
683 2800 872 2882 compilatas
883 2819 951 2864 esse
967 2801 1181 2864 lalsasdecra·

218 2893 295 2956 tales
322 2890 469 2954 sustineri
499 2901 611 2972 potest.
629 2890 789 2954 Deseritur
813 2895 931 2973 pariter
958 2891 1067 2971 opinio
1086 2890 1179 2968 juxta

216 3001 314 3063 qoam
341 2979 508 3060 llloguntiao
537 2980 695 3043 fabricata
722 2989 825 3043 essent
854 2999 871 3043 a
900 2977 1031 3054 locutio,
1059 2989 1114 3042 sut
1137 2980 1178 3042 ab

217 3071 343 3149 orgo-0.
364 3079 419 3132 aut
446 3071 541 3132 etiam
569 3089 586 3132 a
612 3069 765 3132 Rhahano
794 3071 918 3144 hluuro;
955 3080 1093 3132 ceterum
1123 3069 1179 3132 uni

216 3163 383 3239 sitiantque
412 3157 537 3222 falsario
564 3161 657 3222 hotho
673 3161 860 3222 trihuuotur
874 3173 904 3220 et
928 3157 1048 3222 Pseudo
1066 3157 1179 3220 Decre-

217 3250 309 3321 tnles‚
326 3257 357 3310 et
377 3251 512 3328 capitula
532 3250 741 3329 hogrtramni,
760 3259 791 3311 et
810 3249 1000 3329 Capitularru
1017 3247 1178 3311 Benedicti

218 3340 340 3402 Levitae.
355 3340 481 3403 Rectius
505 3341 603 3418 patria
622 3341 727 3419 operis
746 3340 902 3417 assignata
923 3347 970 3400 ast
986 3361 999 3394 a
1018 3339 1177 3400 recentio-

217 3429 306 3492 ribus
319 3429 432 3506 Galia,
449 3431 621 3508 pracsertim
642 3427 802 3506 prouincia
818 3427 998 3502 ilementum
1015 3439 1177 3490 auctorem

220 3536 293 3582 uero
317 3519 464 3582 dixerunt
489 3519 619 3599 quidam
642 3516 861 3592 Hincmarum
891 3522 974 3601 quoti
1001 3518 1177 3579 absurdum

219 3618 277 3688 est,
306 3608 436 3690 quidam
464 3605 657 3682 hothadum
694 3607 747 3670 alii
776 3607 901 3689 Lupum
935 3605 1095 3682 abbatom,
1122 3605 1178 3670 sad

205 3869 220 3945 a
265 3944 267 3947 ,
