2506 3984
465 269 551 318 arran
573 271 691 319 antuus.
1005 255 1065 318 tau

94 365 247 430 Generalis
260 367 299 431 ad
316 367 500 450 Episcopum
520 367 663 449 appellari
681 370 827 450 nequeat,
848 364 934 446 juxta
948 383 1015 447 cap.
1028 367 1064 438 E,

92 453 265 531 titulatio.
276 458 305 532 l,
314 455 345 517 in
354 459 397 531 6⁰,
406 455 436 520 in
445 455 621 538 quolegitur
631 458 734 519 :sNon
744 462 886 539 putamus
900 453 982 516 illam
992 473 1065 516 con·

92 563 107 603 r
132 543 340 618 suetudinem,
353 550 600 626 quantocumque
613 551 749 628 tempore
762 544 801 606 de
815 542 892 606 iacto
906 551 1064 622 servatam,

92 653 107 690 r
132 651 298 696 consonam
312 633 435 710 rationi,
451 632 533 715 qudd
546 634 584 696 ab
595 633 722 716 officiali
734 632 878 716 Episcopi
890 631 1065 694 odeumdern

90 743 106 780 a
132 721 310 804 Episcopum
331 721 428 784 ualeat
447 722 614 804 appellari:
639 741 678 786 ne
699 720 863 786 abeodem
881 719 1064 802 adseipsum

16 805 19 809 ’
91 831 106 868 a
132 812 213 888 (cirm
227 812 265 872 sit
281 810 362 874 idem
376 809 559 875 auditorium
573 812 741 894 utriusque)
756 809 915 894 appellatio
930 807 1066 891 interpo-

92 919 106 955 ι)
132 899 342 962 sitatideatur.
357 920 373 960 r
387 899 463 962 vide
474 899 645 978 uouimlte
662 900 807 974 Iudiciis,
818 916 888 982 pars
901 902 1022 976 asera
1034 898 1064 972 l,

95 1005 163 1070 cap.
179 993 218 1066 2,
253 1035 261 1051 .
277 993 307 1052 8.

132 1079 176 1139 Ex
190 1009 251 1160 qulo
261 1078 398 1161 sequitur
410 1077 513 1162 qudd,
529 1078 677 1162 Episcopo
692 1077 872 1144 nominatim
887 1094 1065 1142 excommu-

91 1166 191 1228 nicato
203 1213 212 1244 ‚
223 1183 370 1249 suspenso
381 1175 433 1230 aut
446 1167 623 1244 interdicto,
638 1173 670 1231 et
681 1175 715 1230 ut
726 1168 776 1230 tali
792 1167 984 1243 denuntiato,
996 1185 1065 1230 sus-

90 1254 240 1337 pendatur
260 1257 372 1338 pariter
397 1255 493 1339 ipsius
507 1257 644 1320 Vicarius
665 1255 833 1340 Generalis,
848 1257 938 1318 etiam
965 1255 1063 1338 quoad

92 1344 284 1424 negotiajam
299 1345 438 1428 incoepta.
449 1345 533 1408 ldem
546 1351 593 1408 cst
601 1345 763 1408 dicendum
777 1345 877 1407 statim
890 1363 926 1408 ac
938 1345 1065 1406 moritur

90 1433 270 1516 Episcopus,
287 1440 339 1496 aut
351 1435 409 1497 alio
420 1435 511 1496 modo
524 1434 632 1498 desinit
647 1453 712 1497 esse
726 1435 903 1516 Episcopus.

131 1527 221 1586 1123.
245 1525 367 1598 Ouaerit.
384 1529 415 1586 l·
427 1527 534 1589 Utrum
548 1523 685 1586 Vicarius
703 1523 856 1586 Generalis
869 1523 907 1585 sit
926 1539 1064 1585 necessa-

89 1611 136 1675 rib
149 1613 377 1676 constituendus
390 1619 453 1676 tam
467 1615 499 1675 in
514 1612 731 1695 temporalibus
744 1615 837 1695 quam
856 1611 888 1674 in
902 1611 1064 1694 spirituali·

90 1700 172 1764 bus?

131 1789 210 1852 Noto
225 1791 378 1854 Vicarium
399 1791 538 1874 Episcopi
554 1791 586 1852 ia
603 1789 832 1874 temporalibus,
847 1808 901 1854 seu
924 1789 1062 1854 OEcono·

92 1896 177 1941 anum
191 1877 275 1943 illum
289 1899 355 1945 esse
370 1899 461 1964 quem
481 1881 535 1944 sibi
552 1880 707 1944 constituit
727 1881 894 1964 Episcopus
916 1879 953 1943 ad
967 1879 1063 1942 admi-

91 1967 244 2033 nistranda
269 1969 350 2034 bona
377 1989 431 2034 sua
452 1971 647 2053 temporalia,
671 1989 705 2033 ea
736 1972 902 2053 praesertim
930 1989 999 2053 quae
1025 1968 1063 2032 ad

91 2055 184 2139 ipsius
198 2057 381 2122 beneficium
395 2077 449 2122 seu
469 2079 595 2121 mensam
611 2065 763 2140 spectant3
778 2060 933 2122 Vicarium
946 2061 1017 2122 verb
1031 2061 1063 2120 in

90 2146 300 2227 spiritualibus
310 2166 375 2210 esse
389 2147 491 2223 illum,
502 2148 553 2229 qui
564 2146 601 2208 ad
612 2147 812 2210 exercendam
826 2155 966 2210 caeteram
976 2147 1064 2229 juris·

91 2234 253 2298 dictionem
265 2237 497 2299 ecclesiasticam
511 2235 641 2318 eligitur.
653 2235 707 2298 His
720 2236 894 2318 explicatis:

132 2328 220 2388 litt.
244 2327 335 2408 Resp.
350 2329 381 2388 l·
394 2325 548 2388 Vicarium
563 2326 593 2386 in
614 2325 830 2407 temporalibus
842 2325 980 2401 tantum,
999 2343 1062 2388 non

92 2414 188 2476 uocari
205 2415 326 2497 proprie
348 2414 502 2478 Vicarium
516 2414 715 2491 Generalem‚
731 2421 764 2476 ut
777 2413 980 2477 communiter
993 2431 1062 2476 sen-

92 2507 172 2564 trunt
185 2509 340 2582 auctores,
355 2503 408 2567 sed
427 2519 620 2567 oecononmm
630 2550 638 2579 ‚
650 2521 706 2566 nec
716 2521 781 2566 esse
790 2521 878 2586 posse
887 2502 1063 2584 Delegatum

92 2593 122 2654 S.
140 2591 225 2655 Sedis
237 2640 245 2671 ,
257 2593 314 2655 nisi
327 2593 449 2656 aliunde
459 2592 637 2656 obtinuisset
650 2592 842 2674 Dignitatem.

131 2681 220 2764 Resp.
236 2685 270 2745 2⁰
281 2681 364 2746 Idem
379 2683 470 2746 sentit
487 2681 619 2744 Ferraris
629 2682 669 2760 (u0
679 2680 813 2743 Vicarius
828 2678 1009 2759 Gener.‚art.
1025 2687 1060 2761 2,

93 2778 126 2831 η’
142 2772 185 2848 1),
202 2771 301 2853 quoad
324 2771 478 2835 Vicarium
499 2771 531 2833 in
551 2769 757 2854 spiritualibus
773 2772 908 2848 tantum,
931 2770 1062 2856 citatque

93 2859 194 2941 plures
216 2861 359 2924 Doctores
384 2880 441 2944 pro
467 2859 525 2923 lato
542 2862 689 2924 sententia
704 2879 713 2922 ε
731 2861 847 2924 «Ratio
867 2865 929 2934 est,
945 2861 1059 2943 inquit,

92 2971 107 3008 r
132 2949 203 3030 quia
216 2950 349 3013 Ecclesia
362 2949 452 3013 babet
463 2949 637 3032 spitualis
646 2958 676 3012 et
690 2949 901 3032 temporatia...
918 2949 1063 3035 Adeoque

92 3061 108 3099 r
132 3038 243 3102 debent
257 3040 288 3101 in
302 3038 399 3102 forma
412 3039 579 3101 vicariatus
592 3038 682 3101 ambo
695 3039 848 3101 constitui.
864 3060 880 3098 a

133 3129 211 3191 Sunt
219 3135 321 3192 tamen
334 3129 497 3192 canonistas
511 3147 598 3190 secus
611 3127 786 3209 opinantes,
801 3147 933 3210 quorum
944 3137 1062 3195 senten-

94 3218 449 3282 tiaconlormiorvidetur
458 3218 592 3280 Concilio
601 3217 775 3280 Tridentino
788 3217 872 3300 (sess.
885 3222 922 3282 ta
935 3270 942 3292 ,
959 3239 1025 3303 cap.
1041 3225 1061 3285 E

95 3311 161 3382 et3,
171 3307 298 3390 doreti),
307 3307 472 3371 ubiVicarii
483 3306 879 3390 inspiritualibusvocantur
890 3307 1062 3384 timoratos·

95 3405 124 3462 et
136 3398 246 3461 dicitur
258 3396 340 3479 qubd
350 3396 524 3460 asententia
533 3395 705 3475 hujusmodi
720 3397 907 3460 vicariorum
918 3397 1065 3479 appellari

95 3487 189 3570 possit
209 3486 247 3550 ad
273 3487 545 3568 Metropolitanum.
570 3488 645 3548 ltem
671 3485 703 3547 in
730 3485 882 3566 rescriptis
902 3487 930 3548 S.
953 3486 1059 3562 Sedis,

96 3577 204 3640 Vicarii
223 3577 254 3638 in
273 3575 476 3657 spiritualibus
493 3574 648 3658 generales
662 3581 900 3656 nuncupantur:
919 3596 934 3632 o
948 3574 1061 3640 Dilecto

97 3686 112 3724 ι
135 3665 283 3746 Episcopo
297 3667 375 3744 tt...,
393 3683 447 3728 seu
464 3664 573 3728 dilecto
592 3663 712 3726 Vicorio
733 3663 798 3743 ejus
811 3664 843 3726 io
854 3662 1061 3744 spiritualibus
