2586 3988
210 235 252 305 to
430 250 566 304 vascam
585 242 687 303 rorrus
706 239 789 304 suats
809 229 957 304 canonici.

211 361 379 442 allegantur
392 378 490 423 causae
510 357 615 422 tinales
630 377 683 422 seu
704 359 840 437 motivae,
852 377 981 440 quarum
994 359 1135 442 quaelibet
1146 377 1183 424 ex

210 467 243 512 sc
264 458 309 512 est
331 449 482 512 sufficiens
501 448 539 511 ad
554 447 775 529 impetrandam
799 450 943 528 gratiam,
966 455 996 510 et
1009 457 1109 512 tamen
1125 469 1183 513 una

210 537 356 601 duntaxat
372 545 417 601 est
433 555 518 614 vera3
540 537 671 598 validum
687 543 731 598 est
749 544 822 598 tunc
837 539 1015 618 rescriptum
1030 556 1067 598 ex
1081 539 1185 620 regula

207 626 284 705 iuris
297 630 334 689 3'1
351 628 382 688 in
398 633 428 688 6⁰
442 647 449 687 ε
465 625 569 688 rutile
581 624 730 686 condolet
741 644 799 706 per
813 625 921 686 inatile
935 625 1091 698 u'tiart,·s
1114 628 1185 708 quia

210 715 269 778 illae
282 716 428 779 causaede
442 716 519 777 facto
534 732 596 776 non
612 722 684 776 sunt
698 715 815 775 motivas
829 731 882 777 seu
904 713 1094 795 principales,
1111 735 1185 797 prae·

211 808 255 865 ter
269 823 361 866 unam
376 821 445 884 quae
459 802 638 884 supponitur
660 819 739 863 vera.
764 803 827 864 Nec
846 802 943 864 obstat
961 802 1043 883 quod
1057 805 1088 864 iu
1106 823 1183 885 quo-

209 909 343 972 cumque
363 893 507 973 rescripto
524 889 765 970 subintelligatur
785 889 930 966 clausula,
947 889 985 950 St
993 909 1093 970 preces
1106 893 1182 952 oeri-

211 988 270 1042 tate
279 981 418 1040 cltontcr
426 1001 437 1050 ;
453 979 523 1060 quia
533 978 597 1040 hacc
610 977 713 1058 regula
727 977 827 1040 locum
838 977 926 1039 habet
935 980 1052 1040 tantdm
1062 979 1183 1060 quando

210 1068 365 1150 subreptio
378 1067 525 1147 contingit
540 1067 572 1128 in
586 1065 847 1141 substantialibus;
863 1067 954 1146 porrd
967 1083 1057 1128 causa
1072 1069 1182 1150 impul·

209 1159 272 1218 siva
286 1175 347 1218 non
362 1163 408 1218 est
421 1154 618 1218 subtantialis.
635 1155 798 1232 (Reiffenst.
813 1154 886 1216 ibid.
904 1159 1059 1234 rso-raa).

249 1248 300 1306 dl.
323 1245 444 1318 Quaerit.
463 1248 512 1306 12⁰
527 1243 686 1306 Undenam
700 1243 836 1324 dignosci
853 1243 944 1324 possit
958 1243 1182 1326 subreptionem

209 1333 371 1415 contigisse
384 1335 501 1396 tantiam
522 1333 602 1394 circa
621 1349 744 1394 oausam
758 1331 970 1414 impulsivam,
985 1339 1015 1394 et
1028 1351 1090 1396 non
1104 1336 1181 1399 circa

210 1423 351 1484 motivam
367 1441 420 1484 seu
436 1421 658 1503 principalem?

250 1513 337 1592 llesp.
364 1511 396 1571 ld
417 1510 552 1592 dignosci
569 1515 683 1590 potest:
697 1513 728 1570 l⁰
747 1509 770 1571 si
786 1509 876 1572 unica
889 1527 980 1572 causa
998 1511 1182 1593 exprimatur

209 1597 242 1661 in
258 1599 362 1660 litteris
383 1597 632 1679 dispensationis;
659 1595 724 1659 brec
744 1605 789 1659 est
809 1599 889 1660 certe
901 1600 1013 1666 motiva
1033 1619 1138 1676 causa,
1154 1610 1183 1664 et

212 1705 273 1749 non
284 1685 441 1768 impulsiva
451 1688 568 1747 tantiam
579 1705 586 1746 ε
597 1687 669 1766 quia
683 1693 727 1747 est
740 1687 815 1748 ratio
829 1687 976 1768 rescripti.
986 1691 1017 1748 2⁰
1032 1689 1183 1780 Imprimis

211 1775 431 1838 desumendum
455 1781 501 1836 est
520 1791 557 1836 ex
578 1777 654 1854 stylo
668 1772 763 1836 Curiae
782 1792 915 1836 romanas
935 1793 1075 1856 quaenam
1092 1795 1182 1840 causa

212 1864 249 1924 sit
263 1865 389 1938 motiva,
405 1871 457 1925 aut
477 1862 635 1944 impulsiva
652 1862 751 1924 solirm
763 1881 770 1923 :
782 1863 806 1924 si
824 1862 862 1924 de
877 1861 954 1942 stylo
974 1881 1035 1925 non
1050 1871 1180 1944 constet,

211 1951 393 2014 arbitrioviri
403 1951 559 2032 prudentis
568 1949 738 2028 seujudicis
748 1951 926 2031 relinquitur
935 1949 1180 2030 discernendum,

211 2040 282 2122 qui,
297 2041 339 2102 ait
358 2039 511 2102 Reiffenst.
528 2042 572 2116 (ηο
588 2041 667 2117 196),
679 2037 709 2100 id
720 2039 876 2118 judicabit,
885 2059 921 2101 ex
930 2041 998 2116 jure
1012 2043 1180 2119 conamuni,

211 2129 431 2192 consuetudine
454 2129 486 2190 in
507 2127 657 2191 similibus
675 2126 825 2188 observari
846 2127 953 2206 solita,
977 2129 1102 2209 aliisque
1123 2129 1182 2191 cir·

211 2218 409 2279 cumstantiis.
433 2217 464 2279 Si
488 2217 631 2280 omnibus
649 2215 696 2277 his
709 2215 867 2292 adhibitis,
888 2215 1017 2298 supersit
1036 2215 1180 2292 dubium,

212 2305 364 2386 subreptio
378 2305 564 2388 probabilius
577 2305 680 2367 baberi
694 2303 785 2366 debet
802 2311 836 2366 ut
858 2304 1017 2386 impulsiva
1038 2307 1157 2368 tantum
1172 2324 1181 2366 r

211 2395 283 2476 quia
303 2396 333 2456 in
349 2394 442 2459 dubio
457 2394 598 2457 standum
614 2400 659 2456 est
673 2411 727 2474 pro
741 2393 841 2454 valore
855 2397 949 2467 actos,
965 2409 1018 2454 sou
1033 2395 1181 2475 rescripti.

252 2487 303 2546 65.
326 2485 447 2557 Quaerit.
472 2486 522 2545 13·
536 2485 681 2554 Quasnam
702 2481 899 2564 exprimenda
912 2481 973 2544 siut
988 2481 1020 2543 in
1030 2482 1183 2563 rescriptis

213 2576 246 2634 at
259 2590 321 2634 non
335 2579 515 2635 censeantur
528 2569 725 2652 subreptitia?

252 2657 342 2742 Resp'.
359 2662 393 2721 ln
408 2659 559 2742 rescriptis
573 2659 696 2738 iustitia
713 2657 776 2721 duo
789 2659 980 2742 potissimum
996 2665 1066 2722 sunt
1082 2659 1182 2742 expri-

212 2748 324 2812 menda
337 2747 492 2810 videlicet:
509 2752 540 2810 l·
554 2750 587 2809 ln
602 2747 775 2830 posterioris
790 2749 1000 2830 impetratione
1015 2747 1079 2810 fieri
1092 2748 1185 2811 debet

213 2837 327 2899 mentio
349 2837 469 2918 prioris.
492 2841 525 2898 2⁰
546 2837 659 2898 Montio
681 2835 719 2898 de
741 2836 904 2917 pendentia
918 2836 978 2898 litis
997 2844 1026 2898 et
1040 2853 1184 2918 processu

213 2943 315 2988 coram
327 2924 387 2986 alio
398 2925 499 3004 judice
507 2925 656 3000 inchoato,
672 2926 869 3006 quantaeuis
885 2925 999 3003 subest
1013 2943 1080 3008 cap.
1096 2925 1185 2988 Inter

213 3013 399 3087 monasterio,
416 3012 450 3074 de
462 3021 534 3075 seat.
555 3020 584 3075 et
596 3032 628 3074 re
635 3012 734 3092 judic.

253 3104 287 3162 In
302 3102 453 3183 rescriptis
468 3101 703 3175 beneficialibus,
713 3102 848 3164 utvaleat
861 3101 1030 3185 impetratio
1042 3101 1187 3165 beneficii

214 3190 420 3260 ecclesiastisi,
440 3190 554 3252 mentio
571 3189 637 3251 sveri
658 3189 748 3252 debet
767 3192 889 3254 alterius
913 3190 1069 3264 beneficii,
1084 3209 1184 3272 quan-

215 3279 323 3342 tumvis
344 3279 469 3357 modici,
493 3280 518 3342 si
542 3277 624 3360 quod
639 3279 801 3360 impetrans
821 3281 884 3358 jam
898 3279 999 3342 babet.
1020 3279 1091 3360 Cap.
1109 3279 1187 3343 Clam

221 3366 283 3430 rdco
298 3373 346 3442 ll,
358 3367 393 3430 dc
406 3369 556 3450 rescript,
567 3375 596 3428 et
605 3385 671 3450 cap.
681 3369 718 3429 Si
722 3377 897 3451 proponente
905 3373 957 3445 42,
967 3368 1060 3449 ejusd.

255 3457 443 3538 Rescriptum
457 3455 660 3537 quodcunque
675 3458 776 3537 gratiae
788 3459 979 3538 impetratum
994 3463 1097 3518 contra
1108 3475 1185 3519 con-

215 3546 427 3620 suetudinem,
442 3545 488 3606 vel
498 3551 641 3606 statutum
653 3545 829 3625 particulare
842 3547 1012 3627 cujuspiam
1021 3543 1186 3622 Ecclesiae,

216 3651 277 3695 non
290 3635 382 3712 valet,
401 3633 457 3692 nisi
475 3632 525 3692 liat
539 3634 654 3694 tuentio
668 3633 815 3712 eiusdem,
829 3633 934 3696 saltam
949 3651 1003 3716 por
1015 3632 1187 3695 clausulam
