2570 4006
534 313 619 360 traca
640 313 758 363 antuus.
876 281 880 287 ’
1073 299 1130 360 tat

160 411 243 473 missi
254 414 453 493 vocabantur3
469 416 514 479 vel
538 436 594 499 pro
608 417 750 480 omnibus
771 417 899 498 negotiis
915 437 985 500 quaa
998 419 1030 480 in
1045 419 1132 481 certis

96 563 99 570 ,
159 500 301 565 Ecclesia·
316 505 449 584 partibus
461 506 689 583 oriebantur‚et
702 515 775 570 tunc
787 508 989 585 Apocra'siarii
1001 528 1050 570 seu
1066 509 1133 569 Res·

158 591 288 676 pensatas
309 595 580 676 nuncupabantur,
595 602 626 658 et
645 595 755 658 horum
777 595 926 677 originem
951 597 1132 659 llincmarus

159 677 338 745 Rhemcnsis
360 701 379 746 a
399 691 536 766 tempore
557 685 742 748 Constantini
765 686 865 766 llagni
889 684 1011 748 deducit
1033 687 1129 762 (Gard.

52 783 54 786 ·
160 767 354 847 Sogliadnst.
363 772 432 854 jur.
446 772 697 855 pub.‚§3·l);vel
710 773 1042 856 deniqueeligebatura
1053 776 1132 836 Pon·

159 855 239 920 tilice
248 859 371 940 quidam
382 879 418 924 ax
427 861 584 944 Episcopis
597 863 729 945 regionis
739 865 949 945 quaeaLagato
962 869 1027 926 erat
1040 863 1133 925 admi-

160 945 329 1028 nistranda,
351 955 383 1014 et
400 959 475 1016 tunc
499 951 632 1014 Vicarias
651 951 806 1016 dicebatur
828 950 1010 1034 apostoticae
1032 953 1128 1030 (last,

160 1035 196 1095 li.
220 1036 322 1114 deM.‚
341 1059 370 1122 p.
387 1042 472 1120 304);
496 1041 564 1103 talis
577 1040 634 1103 tuit
651 1062 667 1100 a
679 1041 846 1104 Vicariatus
860 1039 1133 1128 Thessalonicensis

160 1145 176 1184 a
200 1123 230 1186 in
245 1125 373 1207 Illyrico,
391 1131 571 1192 Arelatensis
580 1131 611 1192 in
622 1130 725 1192 Gallia.
739 1134 777 1191 at
790 1130 900 1193 saeculo
913 1131 953 1192 tx
967 1131 1133 1194 vicariatus

160 1234 176 1272 a
200 1215 353 1295 apostolici
367 1219 494 1282 rariores
507 1225 683 1296 evaserunt,
706 1237 743 1281 ex
763 1219 858 1300 iisque
872 1218 1022 1299 originem
1045 1237 1131 1281 snam

160 1323 177 1362 n
200 1301 350 1368 duxerunt
364 1307 469 1390 Legati
480 1309 606 1390 antiqui
621 1307 824 1370 Ecclesiarum
839 1325 961 1370 suarum
974 1313 1128 1388 praetextu,
1153 1307 1155 1310 ’

160 1411 176 1450 r
201 1390 356 1474 legationis
372 1397 428 1458 sibi
445 1397 597 1460 vindicant
617 1397 837 1478 Dignitatem...
853 1413 959 1477 quaa...
976 1395 1041 1457 sine
1057 1401 1132 1462 nota

160 1501 176 1540 a
201 1483 379 1562 spostolicae
392 1485 477 1548 Sedis
489 1487 684 1549 concessione
699 1487 730 1547 in
745 1502 932 1549 successores
946 1486 1096 1548 transiret.
1111 1507 1127 1545 a

161 1569 262 1651 (Card.
279 1573 372 1654 Sogl,
385 1574 438 1656 ib.)
451 1574 526 1638 Vide
541 1574 617 1637 inira
626 1577 717 1656 (807).

200 1663 269 1724 sot.
295 1665 382 1726 Nunc
395 1665 466 1727 verd
484 1664 558 1726 colii
573 1671 644 1727 sunt
662 1663 768 1746 Legati
780 1663 881 1726 nuntii
893 1668 923 1724 et
935 1663 1127 1745 conjudices,

159 1770 176 1808 a
200 1755 234 1812 ut
246 1749 287 1812 illi
301 1771 377 1833 quos
390 1771 470 1836 saepc
483 1755 565 1836 Papa
577 1753 666 1815 mittit
680 1753 716 1816 ad
730 1753 852 1836 aliquod
866 1750 975 1814 andum
999 1753 1130 1814 ministe-

160 1859 176 1898 a
200 1839 279 1900 riam
293 1842 508 1919 exercendum
524 1843 573 1904 alii
593 1844 664 1905 verb
691 1850 763 1906 sunt
781 1841 888 1924 Legati
903 1840 1037 1923 jndices,
1054 1861 1130 1923 quos

160 1948 176 1984 a
200 1927 280 2010 Papa
290 1929 489 1994 mittensiacit
499 1931 670 1994 Ordinarios
680 1931 711 1992 in
726 1934 807 1994 certa
820 1929 981 2013 provincia.
993 1929 1130 1993 Etdehis

160 2019 413 2098 »posterioribus
444 2025 551 2081 tractat
581 2037 713 2100 praesens
742 2020 848 2082 titulus
883 2019 1128 2101 (Decretclium),

159 2125 175 2163 n
199 2123 260 2166 non
274 2106 311 2168 de
323 2106 471 2186 prioribus
485 2107 663 2185 (ballistast,
679 2106 734 2182 ib,
751 2117 784 2168 n⁰
797 2107 844 2186 l.)

198 2213 214 2250 a
245 2193 346 2272 Legati
372 2193 525 2272 judices...
558 2201 629 2256 sunt
655 2195 686 2256 in
713 2195 820 2276 triplici
843 2193 1027 2275 differentia,
1048 2201 1128 2262 ride-

159 2301 175 2340 n
198 2279 267 2342 licet
280 2281 417 2362 Legatici
434 2282 542 2357 latera,
557 2283 662 2363 Legati
674 2283 757 2344 missi
769 2301 823 2346 seu
838 2283 950 2346 Nuntii
967 2287 1129 2368 apostolici

159 2387 175 2428 a
199 2375 230 2430 et
243 2369 349 2452 Legati
360 2370 436 2446 nati.
455 2392 471 2430 a
489 2371 666 2451 (Reiffenst.‚
681 2370 736 2448 ib„
752 2383 785 2433 n⁰
800 2375 846 2452 6.)

198 2461 268 2520 805.
296 2481 311 2519 a
334 2458 433 2540 Legati
455 2460 474 2521 a*
497 2459 608 2536 latere,
637 2459 734 2542 inquit
757 2461 858 2522 Devoti
874 2459 935 2542 (lib.
953 2466 990 2540 l,
1015 2465 1059 2526 tit.
1088 2470 1126 2544 3,

159 2569 175 2606 a
199 2553 271 2610 sect.
283 2551 313 2622 2,
323 2547 342 2629 ξ
354 2550 415 2628 30),
430 2555 502 2611 sunt
514 2548 684 2612 cardinales
697 2567 775 2630 quos
789 2551 819 2612 S.
837 2550 972 2614 Pontifex
992 2555 1076 2634 quasi
1091 2575 1127 2618 ex

158 2657 174 2695 r
198 2655 254 2698 suo
267 2635 406 2700 dimissos
419 2637 509 2700 latere
523 2643 573 2715 ¹..,
588 2637 689 2700 autad
704 2641 866 2720 Supremos
879 2640 1033 2724 Principes
1049 2692 1056 2716 ,
1077 2653 1127 2708 aut
1176 2663 1182 2674 ·

159 2737 174 2784 t
198 2725 230 2787 in
243 2725 363 2788 ditionis
375 2727 581 2790 ecclesiasticae
592 2728 758 2809 provincias
771 2727 871 2790 mittit.
887 2729 924 2790 Hi
939 2748 1030 2812 supra
1042 2741 1127 2797 caete-

159 2836 174 2874 υ
198 2833 248 2876 ros
267 2815 393 2896 Legatos
414 2817 567 2892 eminent3
591 2835 696 2878 eorum
717 2817 749 2877 in
772 2818 956 2898 provinciam
975 2821 1123 2902 adventu,

159 2924 174 2962 a
199 2902 264 2964 silet
285 2903 413 2966 aliorum
436 2906 614 2986 Legatorum
637 2911 765 2985 potestas
779 2909 856 2988 (cap.
872 2911 902 2983 8,
917 2907 952 2970 de
963 2909 1012 2990 off.
1028 2913 1122 2993 Lep).

158 3013 174 3052 a
198 2994 328 3056 Utuntur
344 2993 520 3074 apostolicis
532 2993 702 3073 Insignibus
716 2997 792 3075 (cap.
816 2998 870 3072 03,
892 2995 926 3057 de
943 2997 1055 3077 Pria.);
1072 3003 1124 3062 ab·
1186 3007 1191 3014 '

157 3102 173 3140 a
197 3080 315 3143 solvunt
328 3081 602 3144 excommunicatos
612 3087 733 3163 propter
743 3082 933 3146 violationem
946 3087 1123 3152 clericorum

157 3192 173 3230 r
199 3171 280 3250 (cap.
301 3173 331 3242 9,
346 3168 381 3231 dc
396 3169 444 3250 off.
466 3171 561 3250 teg),
577 3177 606 3232 et
624 3171 807 3252 amplissima
823 3171 964 3238 fruuntur
981 3185 1124 3258 potestate

157 3279 172 3318 n
197 3275 288 3339 quam
310 3257 483 3320 describunt
500 3258 616 3320 litterae
638 3259 899 3342 Apostolicae‚pcr
914 3281 990 3344 quas
1012 3284 1123 3330 munus

156 3368 173 3408 n
196 3346 364 3428 Legationis
378 3347 539 3428 accipiunt.
555 3367 570 3405 a

197 3438 266 3498 806.
290 3435 389 3516 Legati
403 3435 484 3495 missi
496 3453 550 3497 seu
572 3435 674 3497 Nuntii
689 3437 850 3518 tpostottet
869 3438 907 3501 de
922 3441 1121 3509 cardinalium

159 3542 286 3587 numero
303 3541 364 3586 non
378 3529 468 3596 sunl,
486 3523 540 3586 sed
566 3526 583 3586 lt
606 3525 686 3606 Papi
711 3525 869 3588 mittuntur
898 3525 936 3588 ad
958 3531 1121 3611 Supremos

190 3651 353 3702 ‘cardinales
373 3650 403 3701 ad
422 3650 485 3701 latus
506 3651 629 3702 Pontificio
652 3651 781 3709 assistunt.
802 3657 826 3702 ot
848 3652 955 3704 sicalum
979 3655 1117 3723 mittuntur¹

162 3721 229 3798 qussi
240 3721 253 3770 l
264 3721 338 3772 latare
348 3721 440 3772 extrahi
453 3721 565 3774 videntur
577 3723 705 3783 (Ferraria,
715 3735 742 3771 vr
754 3723 863 3789 laamas,
878 3727 905 3772 n⁰
916 3725 949 3784 a).
