<?xml version="1.0" encoding="UTF-8"?>
<!DOCTYPE html PUBLIC "-//W3C//DTD XHTML 1.0 Transitional//EN"
    "http://www.w3.org/TR/xhtml1/DTD/xhtml1-transitional.dtd">
<html xmlns="http://www.w3.org/1999/xhtml" xml:lang="en" lang="en">
 <head>
  <title>
</title>
<meta http-equiv="Content-Type" content="text/html;charset=utf-8" />
  <meta name='ocr-system' content='tesseract 3.04.00' />
  <meta name='ocr-capabilities' content='ocr_page ocr_carea ocr_par ocr_line ocrx_word'/>
</head>
<body>
  <div class='ocr_page' id='page_1' title='image "./manualetotiusju03craigoog_0049.png"; bbox 0 0 2586 3988; ppageno 0'>
   <div class='ocr_carea' id='block_1_1' title="bbox 201 219 951 289">
    <p class='ocr_par' dir='ltr' id='par_1_1' title="bbox 201 219 951 289">
     <span class='ocr_line' id='line_1_1' title="bbox 201 219 951 289; baseline -0.013 -3"><span class='ocrx_word' id='word_1_1' title='bbox 201 228 240 289; x_wconf 73' lang='lat'>26</span> <span class='ocrx_word' id='word_1_2' title='bbox 418 235 557 285; x_wconf 71' lang='lat' dir='ltr'>renarra</span> <span class='ocrx_word' id='word_1_3' title='bbox 578 219 682 284; x_wconf 79' lang='lat' dir='ltr'>corros</span> <span class='ocrx_word' id='word_1_4' title='bbox 702 230 783 281; x_wconf 77' lang='lat' dir='ltr'>ruris</span> <span class='ocrx_word' id='word_1_5' title='bbox 804 230 951 280; x_wconf 81' lang='lat' dir='ltr'>canoarcr.</span> 
     </span>
    </p>
   </div>
   <div class='ocr_carea' id='block_1_2' title="bbox 272 402 1098 591">
    <p class='ocr_par' dir='ltr' id='par_1_2' title="bbox 272 402 1098 591">
     <span class='ocr_line' id='line_1_2' title="bbox 661 402 707 460; baseline 0 0"><span class='ocrx_word' id='word_1_6' title='bbox 661 402 707 460; x_wconf 91' lang='lat' dir='ltr'>lll.</span> 
     </span>
     <span class='ocr_line' id='line_1_3' title="bbox 272 536 1098 591; baseline -0.004 -6"><span class='ocrx_word' id='word_1_7' title='bbox 272 541 307 585; x_wconf 76' lang='lat' dir='ltr'>ua</span> <span class='ocrx_word' id='word_1_8' title='bbox 322 539 466 591; x_wconf 74' lang='lat' dir='ltr'>ucautslra</span> <span class='ocrx_word' id='word_1_9' title='bbox 479 538 705 583; x_wconf 73' lang='lat' dir='ltr'>raouutttarlortu</span> <span class='ocrx_word' id='word_1_10' title='bbox 717 537 807 588; x_wconf 75' lang='lat' dir='ltr'><strong>QUOAD</strong></span> <span class='ocrx_word' id='word_1_11' title='bbox 821 537 907 582; x_wconf 75' lang='lat' dir='ltr'>LEGES</span> <span class='ocrx_word' id='word_1_12' title='bbox 921 536 1098 582; x_wconf 71' lang='lat' dir='ltr'>coartatam.</span> 
     </span>
    </p>
   </div>
   <div class='ocr_carea' id='block_1_3' title="bbox 195 669 1185 3600">
    <p class='ocr_par' dir='ltr' id='par_1_3' title="bbox 203 669 1175 927">
     <span class='ocr_line' id='line_1_4' title="bbox 242 669 1174 754; baseline -0.011 -16"><span class='ocrx_word' id='word_1_13' title='bbox 242 679 292 738; x_wconf 79' lang='lat' dir='ltr'>tt).</span> <span class='ocrx_word' id='word_1_14' title='bbox 315 673 519 754; x_wconf 87' lang='lat' dir='ltr'>Promulgatio</span> <span class='ocrx_word' id='word_1_15' title='bbox 539 679 584 734; x_wconf 87' lang='lat' dir='ltr'>est</span> <span class='ocrx_word' id='word_1_16' title='bbox 604 672 754 734; x_wconf 85' lang='lat' dir='ltr'>intimatio</span> <span class='ocrx_word' id='word_1_17' title='bbox 776 671 848 752; x_wconf 83' lang='lat' dir='ltr'>logia</span> <span class='ocrx_word' id='word_1_18' title='bbox 868 671 948 752; x_wconf 79' lang='lat' dir='ltr'>foeta</span> <span class='ocrx_word' id='word_1_19' title='bbox 969 669 1174 732; x_wconf 77' lang='lat' dir='ltr'><em>communitati</em></span> 
     </span>
     <span class='ocr_line' id='line_1_5' title="bbox 203 759 1175 844; baseline -0.005 -20"><span class='ocrx_word' id='word_1_20' title='bbox 203 763 315 824; x_wconf 82' lang='lat' dir='ltr'>aomina</span> <span class='ocrx_word' id='word_1_21' title='bbox 330 761 517 844; x_wconf 80' lang='lat' dir='ltr'>legislatoris,</span> <span class='ocrx_word' id='word_1_22' title='bbox 529 759 682 844; x_wconf 82' lang='lat' dir='ltr'>etquidem</span> <span class='ocrx_word' id='word_1_23' title='bbox 694 767 741 822; x_wconf 85' lang='lat' dir='ltr'>sot</span> <span class='ocrx_word' id='word_1_24' title='bbox 745 759 865 843; x_wconf 80' lang='lat' dir='ltr'>publici</span> <span class='ocrx_word' id='word_1_25' title='bbox 874 767 908 822; x_wconf 87' lang='lat' dir='ltr'>ut</span> <span class='ocrx_word' id='word_1_26' title='bbox 919 759 1074 820; x_wconf 84' lang='lat' dir='ltr'>moraliter</span> <span class='ocrx_word' id='word_1_27' title='bbox 1078 760 1175 841; x_wconf 82' lang='lat' dir='ltr'>possit</span> 
     </span>
     <span class='ocr_line' id='line_1_6' title="bbox 203 849 890 927; baseline -0.006 -15"><span class='ocrx_word' id='word_1_28' title='bbox 203 852 243 913; x_wconf 83' lang='lat' dir='ltr'>od</span> <span class='ocrx_word' id='word_1_29' title='bbox 255 852 343 912; x_wconf 83' lang='lat' dir='ltr'>totius</span> <span class='ocrx_word' id='word_1_30' title='bbox 356 850 570 912; x_wconf 85' lang='lat' dir='ltr'>communitatis</span> <span class='ocrx_word' id='word_1_31' title='bbox 577 850 713 912; x_wconf 85' lang='lat' dir='ltr'>notitiam</span> <span class='ocrx_word' id='word_1_32' title='bbox 726 849 890 927; x_wconf 84' lang='lat' dir='ltr'>pervenire.</span> 
     </span>
    </p>

    <p class='ocr_par' dir='ltr' id='par_1_4' title="bbox 195 937 1174 1642">
     <span class='ocr_line' id='line_1_7' title="bbox 242 937 1171 1020; baseline -0.002 -18"><span class='ocrx_word' id='word_1_33' title='bbox 242 941 335 1002; x_wconf 80' lang='lat' dir='ltr'>l‘orrd</span> <span class='ocrx_word' id='word_1_34' title='bbox 353 965 365 997; x_wconf 78' lang='lat' dir='ltr'>o</span> <span class='ocrx_word' id='word_1_35' title='bbox 385 939 553 1002; x_wconf 84' lang='lat' dir='ltr'>necessaria</span> <span class='ocrx_word' id='word_1_36' title='bbox 567 945 611 1001; x_wconf 89' lang='lat' dir='ltr'>est</span> <span class='ocrx_word' id='word_1_37' title='bbox 623 937 840 1020; x_wconf 79' lang='lat' dir='ltr'>promulgatio,</span> <span class='ocrx_word' id='word_1_38' title='bbox 860 937 959 1020; x_wconf 88' lang='lat' dir='ltr'>inquit</span> <span class='ocrx_word' id='word_1_39' title='bbox 972 938 1003 1000; x_wconf 88' lang='lat' dir='ltr'>S.</span> <span class='ocrx_word' id='word_1_40' title='bbox 1019 937 1171 1016; x_wconf 81' lang='lat' dir='ltr'><strong>Thomas,</strong></span> 
     </span>
     <span class='ocr_line' id='line_1_8' title="bbox 202 1027 1174 1109; baseline -0.004 -17"><span class='ocrx_word' id='word_1_41' title='bbox 202 1037 233 1092; x_wconf 88' lang='lat' dir='ltr'>ut</span> <span class='ocrx_word' id='word_1_42' title='bbox 248 1029 295 1091; x_wconf 84' lang='lat' dir='ltr'>lex</span> <span class='ocrx_word' id='word_1_43' title='bbox 308 1028 416 1091; x_wconf 88' lang='lat' dir='ltr'>habeat</span> <span class='ocrx_word' id='word_1_44' title='bbox 431 1045 516 1090; x_wconf 90' lang='lat' dir='ltr'>suam</span> <span class='ocrx_word' id='word_1_45' title='bbox 530 1027 679 1090; x_wconf 86' lang='lat' dir='ltr'>virtutem.</span> <span class='ocrx_word' id='word_1_46' title='bbox 693 1029 757 1106; x_wconf 70' lang='lat' dir='ltr'>etl,</span> <span class='ocrx_word' id='word_1_47' title='bbox 770 1031 800 1104; x_wconf 67' lang='lat' dir='ltr'>a,</span> <span class='ocrx_word' id='word_1_48' title='bbox 812 1046 843 1109; x_wconf 92' lang='lat' dir='ltr'>q.</span> <span class='ocrx_word' id='word_1_49' title='bbox 859 1032 908 1102; x_wconf 82' lang='grc'>90,</span> <span class='ocrx_word' id='word_1_50' title='bbox 920 1033 976 1088; x_wconf 83' lang='lat' dir='ltr'>art.</span> <span class='ocrx_word' id='word_1_51' title='bbox 987 1029 1030 1105; x_wconf 78' lang='lat' dir='ltr'>t.)</span> <span class='ocrx_word' id='word_1_52' title='bbox 1044 1029 1174 1089; x_wconf 76' lang='lat' dir='ltr'>Necesse</span> 
     </span>
     <span class='ocr_line' id='line_1_9' title="bbox 195 1116 1172 1200; baseline -0.002 -19"><span class='ocrx_word' id='word_1_53' title='bbox 195 1121 246 1181; x_wconf 83' lang='lat' dir='ltr'>est</span> <span class='ocrx_word' id='word_1_54' title='bbox 260 1117 342 1180; x_wconf 88' lang='lat' dir='ltr'>enirn</span> <span class='ocrx_word' id='word_1_55' title='bbox 354 1123 536 1200; x_wconf 80' lang='lat' dir='ltr'>praeceptum</span> <span class='ocrx_word' id='word_1_56' title='bbox 551 1117 681 1186; x_wconf 83' lang='lat' dir='ltr'>intimari</span> <span class='ocrx_word' id='word_1_57' title='bbox 697 1116 724 1178; x_wconf 92' lang='lat' dir='ltr'>ei</span> <span class='ocrx_word' id='word_1_58' title='bbox 737 1133 827 1198; x_wconf 88' lang='lat' dir='ltr'>quem</span> <span class='ocrx_word' id='word_1_59' title='bbox 842 1116 1012 1191; x_wconf 91' lang='lat' dir='ltr'>concernit;</span> <span class='ocrx_word' id='word_1_60' title='bbox 1028 1117 1108 1197; x_wconf 86' lang='lat' dir='ltr'>atqui</span> <span class='ocrx_word' id='word_1_61' title='bbox 1124 1117 1172 1179; x_wconf 83' lang='lat' dir='ltr'>lex</span> 
     </span>
     <span class='ocr_line' id='line_1_10' title="bbox 203 1203 1174 1289; baseline 0 -21"><span class='ocrx_word' id='word_1_62' title='bbox 203 1206 295 1268; x_wconf 82' lang='lat' dir='ltr'>fertur</span> <span class='ocrx_word' id='word_1_63' title='bbox 309 1225 364 1289; x_wconf 91' lang='lat' dir='ltr'>pro</span> <span class='ocrx_word' id='word_1_64' title='bbox 382 1207 615 1280; x_wconf 83' lang='lat' dir='ltr'>communitate3</span> <span class='ocrx_word' id='word_1_65' title='bbox 638 1217 710 1286; x_wconf 88' lang='lat' dir='ltr'>ergo</span> <span class='ocrx_word' id='word_1_66' title='bbox 728 1203 784 1287; x_wconf 90' lang='lat' dir='ltr'>ipsi</span> <span class='ocrx_word' id='word_1_67' title='bbox 806 1205 937 1267; x_wconf 88' lang='lat' dir='ltr'>intimari</span> <span class='ocrx_word' id='word_1_68' title='bbox 955 1203 1061 1280; x_wconf 82' lang='lat' dir='ltr'>debet,</span> <span class='ocrx_word' id='word_1_69' title='bbox 1076 1203 1107 1265; x_wconf 91' lang='lat' dir='ltr'>id</span> <span class='ocrx_word' id='word_1_70' title='bbox 1127 1213 1174 1268; x_wconf 87' lang='lat' dir='ltr'>cst</span> 
     </span>
     <span class='ocr_line' id='line_1_11' title="bbox 202 1293 1174 1379; baseline -0.002 -21"><span class='ocrx_word' id='word_1_71' title='bbox 202 1295 399 1379; x_wconf 87' lang='lat' dir='ltr'>promulgari.</span> <span class='ocrx_word' id='word_1_72' title='bbox 425 1294 512 1360; x_wconf 80' lang='lat' dir='ltr'>Unda</span> <span class='ocrx_word' id='word_1_73' title='bbox 535 1301 570 1356; x_wconf 87' lang='lat' dir='ltr'>ut</span> <span class='ocrx_word' id='word_1_74' title='bbox 589 1301 705 1356; x_wconf 87' lang='lat' dir='ltr'>eertum</span> <span class='ocrx_word' id='word_1_75' title='bbox 733 1299 764 1356; x_wconf 93' lang='lat' dir='ltr'>et</span> <span class='ocrx_word' id='word_1_76' title='bbox 784 1293 985 1356; x_wconf 89' lang='lat' dir='ltr'>indubitatum</span> <span class='ocrx_word' id='word_1_77' title='bbox 1007 1293 1174 1356; x_wconf 89' lang='lat' dir='ltr'>admittitur</span> 
     </span>
     <span class='ocr_line' id='line_1_12' title="bbox 203 1383 1174 1465; baseline -0.002 -19"><span class='ocrx_word' id='word_1_78' title='bbox 203 1384 240 1446; x_wconf 89' lang='lat' dir='ltr'>ab</span> <span class='ocrx_word' id='word_1_79' title='bbox 262 1383 424 1460; x_wconf 86' lang='lat' dir='ltr'>omnibus,</span> <span class='ocrx_word' id='word_1_80' title='bbox 453 1383 653 1446; x_wconf 88' lang='lat' dir='ltr'>necessariam</span> <span class='ocrx_word' id='word_1_81' title='bbox 675 1401 741 1445; x_wconf 90' lang='lat' dir='ltr'>esse</span> <span class='ocrx_word' id='word_1_82' title='bbox 770 1383 1041 1465; x_wconf 78' lang='lat' dir='ltr'>promulgationem</span> <span class='ocrx_word' id='word_1_83' title='bbox 1070 1383 1174 1464; x_wconf 87' lang='lat' dir='ltr'>legum</span> 
     </span>
     <span class='ocr_line' id='line_1_13' title="bbox 203 1471 1173 1555; baseline -0.003 -20"><span class='ocrx_word' id='word_1_84' title='bbox 203 1491 463 1555; x_wconf 86' lang='lat' dir='ltr'>quarumcumque</span> <span class='ocrx_word' id='word_1_85' title='bbox 484 1492 491 1533; x_wconf 93' lang='lat'><strong>:</strong></span> <span class='ocrx_word' id='word_1_86' title='bbox 508 1474 596 1553; x_wconf 81' lang='lat' dir='ltr'>Leges</span> <span class='ocrx_word' id='word_1_87' title='bbox 609 1473 685 1534; x_wconf 84' lang='lat' dir='ltr'>euim</span> <span class='ocrx_word' id='word_1_88' title='bbox 695 1471 894 1534; x_wconf 84' lang='lat' dir='ltr'>instituuntur</span> <span class='ocrx_word' id='word_1_89' title='bbox 907 1471 970 1532; x_wconf 70' lang='lat' dir='ltr'>mm</span> <span class='ocrx_word' id='word_1_90' title='bbox 978 1471 1173 1553; x_wconf 75' lang='lat' dir='ltr'>promulgan-</span> 
     </span>
     <span class='ocr_line' id='line_1_14' title="bbox 204 1557 893 1642; baseline -0.001 -20"><span class='ocrx_word' id='word_1_91' title='bbox 204 1570 272 1638; x_wconf 77' lang='lat' dir='ltr'>tur,</span> <span class='ocrx_word' id='word_1_92' title='bbox 288 1564 329 1624; x_wconf 89' lang='lat' dir='ltr'>ait</span> <span class='ocrx_word' id='word_1_93' title='bbox 345 1563 505 1624; x_wconf 80' lang='lat' dir='ltr'><strong>Gratianus</strong></span> <span class='ocrx_word' id='word_1_94' title='bbox 519 1563 602 1642; x_wconf 86' lang='lat' dir='ltr'>(cap.</span> <span class='ocrx_word' id='word_1_95' title='bbox 619 1561 656 1622; x_wconf 89' lang='lat' dir='ltr'>In</span> <span class='ocrx_word' id='word_1_96' title='bbox 670 1557 745 1624; x_wconf 82' lang='lat' dir='ltr'>istis.</span> <span class='ocrx_word' id='word_1_97' title='bbox 762 1560 830 1622; x_wconf 90' lang='lat' dir='ltr'>dist.</span> <span class='ocrx_word' id='word_1_98' title='bbox 847 1562 893 1640; x_wconf 78' lang='lat' dir='ltr'>t).</span> 
     </span>
    </p>

    <p class='ocr_par' dir='ltr' id='par_1_5' title="bbox 202 1649 1175 1998">
     <span class='ocr_line' id='line_1_15' title="bbox 243 1649 1174 1731; baseline 0.001 -20"><span class='ocrx_word' id='word_1_99' title='bbox 243 1651 442 1712; x_wconf 88' lang='lat' dir='ltr'>Consentiunt</span> <span class='ocrx_word' id='word_1_100' title='bbox 471 1667 578 1712; x_wconf 88' lang='lat' dir='ltr'>ornnes</span> <span class='ocrx_word' id='word_1_101' title='bbox 599 1650 725 1712; x_wconf 75' lang='lat' dir='ltr'>minime</span> <span class='ocrx_word' id='word_1_102' title='bbox 749 1650 861 1731; x_wconf 82' lang='lat' dir='ltr'><strong>requiri</strong></span> <span class='ocrx_word' id='word_1_103' title='bbox 882 1655 916 1712; x_wconf 88' lang='lat' dir='ltr'>ut</span> <span class='ocrx_word' id='word_1_104' title='bbox 937 1649 984 1712; x_wconf 77' lang='lat' dir='ltr'>lea</span> <span class='ocrx_word' id='word_1_105' title='bbox 1008 1649 1174 1714; x_wconf 87' lang='lat' dir='ltr'>innotescat</span> 
     </span>
     <span class='ocr_line' id='line_1_16' title="bbox 203 1737 1174 1820; baseline 0 -18"><span class='ocrx_word' id='word_1_106' title='bbox 203 1739 328 1819; x_wconf 81' lang='lat' dir='ltr'>singulis</span> <span class='ocrx_word' id='word_1_107' title='bbox 349 1739 484 1820; x_wconf 80' lang='lat' dir='ltr'>privatis,</span> <span class='ocrx_word' id='word_1_108' title='bbox 509 1737 561 1800; x_wconf 92' lang='lat' dir='ltr'>sed</span> <span class='ocrx_word' id='word_1_109' title='bbox 583 1738 717 1804; x_wconf 86' lang='lat' dir='ltr'>sufficere</span> <span class='ocrx_word' id='word_1_110' title='bbox 744 1739 768 1800; x_wconf 91' lang='lat' dir='ltr'>si</span> <span class='ocrx_word' id='word_1_111' title='bbox 792 1746 834 1800; x_wconf 87' lang='lat' dir='ltr'>sat</span> <span class='ocrx_word' id='word_1_112' title='bbox 858 1738 977 1820; x_wconf 76' lang='lat' dir='ltr'>publice</span> <span class='ocrx_word' id='word_1_113' title='bbox 1004 1739 1174 1802; x_wconf 85' lang='lat' dir='ltr'>notificetur</span> 
     </span>
     <span class='ocr_line' id='line_1_17' title="bbox 202 1827 1175 1912; baseline 0.002 -22"><span class='ocrx_word' id='word_1_114' title='bbox 202 1827 422 1900; x_wconf 79' lang='lat' dir='ltr'>communitati,</span> <span class='ocrx_word' id='word_1_115' title='bbox 438 1835 472 1890; x_wconf 87' lang='lat' dir='ltr'>ut</span> <span class='ocrx_word' id='word_1_116' title='bbox 484 1845 591 1890; x_wconf 92' lang='lat' dir='ltr'>omnes</span> <span class='ocrx_word' id='word_1_117' title='bbox 605 1827 879 1912; x_wconf 86' lang='lat' dir='ltr'>proquibuslertur</span> <span class='ocrx_word' id='word_1_118' title='bbox 892 1828 1044 1908; x_wconf 81' lang='lat' dir='ltr'>moraliter</span> <span class='ocrx_word' id='word_1_119' title='bbox 1057 1829 1175 1892; x_wconf 82' lang='lat' dir='ltr'>valeant</span> 
     </span>
     <span class='ocr_line' id='line_1_18' title="bbox 204 1916 492 1998; baseline 0.003 -21"><span class='ocrx_word' id='word_1_120' title='bbox 204 1916 285 1977; x_wconf 89' lang='lat' dir='ltr'>illam</span> <span class='ocrx_word' id='word_1_121' title='bbox 298 1935 492 1998; x_wconf 88' lang='lat' dir='ltr'>cognoscere.</span> 
     </span>
    </p>

    <p class='ocr_par' dir='ltr' id='par_1_6' title="bbox 205 2005 1176 2356">
     <span class='ocr_line' id='line_1_19' title="bbox 242 2005 1173 2090; baseline 0.003 -25"><span class='ocrx_word' id='word_1_122' title='bbox 242 2007 317 2070; x_wconf 89' lang='lat' dir='ltr'>ltem</span> <span class='ocrx_word' id='word_1_123' title='bbox 340 2027 355 2063; x_wconf 85' lang='lat' dir='ltr'>a</span> <span class='ocrx_word' id='word_1_124' title='bbox 376 2024 437 2068; x_wconf 92' lang='lat' dir='ltr'>non</span> <span class='ocrx_word' id='word_1_125' title='bbox 455 2013 597 2088; x_wconf 81' lang='lat' dir='ltr'>apparet,</span> <span class='ocrx_word' id='word_1_126' title='bbox 613 2007 653 2068; x_wconf 90' lang='lat' dir='ltr'>ait</span> <span class='ocrx_word' id='word_1_127' title='bbox 667 2010 732 2069; x_wconf 88' lang='lat' dir='ltr'>Van</span> <span class='ocrx_word' id='word_1_128' title='bbox 753 2009 852 2090; x_wconf 80' lang='lat' dir='ltr'>Espen</span> <span class='ocrx_word' id='word_1_129' title='bbox 873 2007 917 2086; x_wconf 79' lang='lat' dir='ltr'>(cie</span> <span class='ocrx_word' id='word_1_130' title='bbox 937 2006 1084 2084; x_wconf 75' lang='lat' dir='ltr'>Promulg.</span> <span class='ocrx_word' id='word_1_131' title='bbox 1101 2005 1173 2088; x_wconf 64' lang='lat' dir='ltr'>leg„</span> 
     </span>
     <span class='ocr_line' id='line_1_20' title="bbox 207 2094 1175 2178; baseline 0.004 -24"><span class='ocrx_word' id='word_1_132' title='bbox 207 2117 221 2148; x_wconf 82' lang='lat' dir='ltr'>n</span> <span class='ocrx_word' id='word_1_133' title='bbox 242 2111 270 2154; x_wconf 91' lang='lat' dir='ltr'>c.</span> <span class='ocrx_word' id='word_1_134' title='bbox 290 2097 318 2170; x_wconf 83' lang='lat' dir='ltr'>l,</span> <span class='ocrx_word' id='word_1_135' title='bbox 338 2094 407 2174; x_wconf 76' lang='lat'>§2)</span> <span class='ocrx_word' id='word_1_136' title='bbox 429 2094 467 2156; x_wconf 89' lang='lat' dir='ltr'>de</span> <span class='ocrx_word' id='word_1_137' title='bbox 486 2096 600 2157; x_wconf 88' lang='lat' dir='ltr'>ratione</span> <span class='ocrx_word' id='word_1_138' title='bbox 620 2095 693 2176; x_wconf 88' lang='lat' dir='ltr'>legis</span> <span class='ocrx_word' id='word_1_139' title='bbox 712 2115 814 2158; x_wconf 89' lang='lat' dir='ltr'>esse...</span> <span class='ocrx_word' id='word_1_140' title='bbox 836 2103 870 2159; x_wconf 91' lang='lat' dir='ltr'>ut</span> <span class='ocrx_word' id='word_1_141' title='bbox 892 2099 957 2176; x_wconf 87' lang='lat' dir='ltr'>ejus</span> <span class='ocrx_word' id='word_1_142' title='bbox 974 2096 1175 2178; x_wconf 76' lang='lat' dir='ltr'>promulgatio</span> 
     </span>
     <span class='ocr_line' id='line_1_21' title="bbox 207 2181 1176 2261; baseline 0.006 -21"><span class='ocrx_word' id='word_1_143' title='bbox 207 2205 222 2240; x_wconf 76' lang='lat' dir='ltr'>a</span> <span class='ocrx_word' id='word_1_144' title='bbox 244 2189 325 2244; x_wconf 89' lang='lat' dir='ltr'>certo</span> <span class='ocrx_word' id='word_1_145' title='bbox 341 2190 371 2246; x_wconf 90' lang='lat' dir='ltr'>et</span> <span class='ocrx_word' id='word_1_146' title='bbox 382 2181 580 2245; x_wconf 86' lang='lat' dir='ltr'>determinato</span> <span class='ocrx_word' id='word_1_147' title='bbox 594 2184 652 2246; x_wconf 90' lang='lat' dir='ltr'>ritu</span> <span class='ocrx_word' id='word_1_148' title='bbox 672 2185 739 2261; x_wconf 85' lang='lat' dir='ltr'>liat,</span> <span class='ocrx_word' id='word_1_149' title='bbox 755 2191 805 2248; x_wconf 90' lang='lat' dir='ltr'>aut</span> <span class='ocrx_word' id='word_1_150' title='bbox 825 2188 914 2248; x_wconf 89' lang='lat' dir='ltr'>certis</span> <span class='ocrx_word' id='word_1_151' title='bbox 928 2193 957 2248; x_wconf 91' lang='lat' dir='ltr'>et</span> <span class='ocrx_word' id='word_1_152' title='bbox 969 2183 1176 2248; x_wconf 82' lang='lat' dir='ltr'>determinatis</span> 
     </span>
     <span class='ocr_line' id='line_1_22' title="bbox 205 2270 992 2356; baseline 0.001 -25"><span class='ocrx_word' id='word_1_153' title='bbox 205 2292 221 2331; x_wconf 81' lang='lat' dir='ltr'>u</span> <span class='ocrx_word' id='word_1_154' title='bbox 245 2270 333 2348; x_wconf 87' lang='lat' dir='ltr'>locis,</span> <span class='ocrx_word' id='word_1_155' title='bbox 350 2272 395 2334; x_wconf 86' lang='lat' dir='ltr'>lex</span> <span class='ocrx_word' id='word_1_156' title='bbox 409 2271 528 2354; x_wconf 78' lang='lat' dir='ltr'>publice</span> <span class='ocrx_word' id='word_1_157' title='bbox 542 2272 678 2354; x_wconf 82' lang='lat' dir='ltr'>alligatur</span> <span class='ocrx_word' id='word_1_158' title='bbox 690 2274 736 2336; x_wconf 84' lang='lat' dir='ltr'>rel</span> <span class='ocrx_word' id='word_1_159' title='bbox 750 2274 961 2356; x_wconf 81' lang='lat' dir='ltr'>proclametur.</span> <span class='ocrx_word' id='word_1_160' title='bbox 981 2297 992 2332; x_wconf 72' lang='lat' dir='ltr'>r</span> 
     </span>
    </p>

    <p class='ocr_par' dir='ltr' id='par_1_7' title="bbox 205 2355 1178 2688">
     <span class='ocr_line' id='line_1_23' title="bbox 244 2355 1176 2445; baseline 0.008 -25"><span class='ocrx_word' id='word_1_161' title='bbox 244 2363 294 2422; x_wconf 77' lang='lat' dir='ltr'>tl.</span> <span class='ocrx_word' id='word_1_162' title='bbox 317 2355 604 2444; x_wconf 83' lang='lat' dir='ltr'>Disputatur&#39;utrunr</span> <span class='ocrx_word' id='word_1_163' title='bbox 621 2361 720 2444; x_wconf 85' lang='lat' dir='ltr'>legum</span> <span class='ocrx_word' id='word_1_164' title='bbox 736 2356 957 2444; x_wconf 80' lang='lat' dir='ltr'>pontificiarum</span> <span class='ocrx_word' id='word_1_165' title='bbox 975 2362 1176 2445; x_wconf 81' lang='lat' dir='ltr'>promulgatio</span> 
     </span>
     <span class='ocr_line' id='line_1_24' title="bbox 205 2448 1178 2533; baseline 0.005 -24"><span class='ocrx_word' id='word_1_166' title='bbox 205 2449 308 2510; x_wconf 86' lang='lat' dir='ltr'>Romae</span> <span class='ocrx_word' id='word_1_167' title='bbox 329 2448 426 2524; x_wconf 87' lang='lat' dir='ltr'>iacta,</span> <span class='ocrx_word' id='word_1_168' title='bbox 442 2449 593 2512; x_wconf 85' lang='lat' dir='ltr'>sulliciens</span> <span class='ocrx_word' id='word_1_169' title='bbox 612 2449 665 2526; x_wconf 85' lang='lat' dir='ltr'>sit,</span> <span class='ocrx_word' id='word_1_170' title='bbox 685 2451 731 2512; x_wconf 85' lang='lat' dir='ltr'>vel</span> <span class='ocrx_word' id='word_1_171' title='bbox 746 2469 786 2513; x_wconf 88' lang='lat' dir='ltr'>an</span> <span class='ocrx_word' id='word_1_172' title='bbox 806 2452 936 2533; x_wconf 82' lang='lat' dir='ltr'>amplius</span> <span class='ocrx_word' id='word_1_173' title='bbox 956 2452 1124 2533; x_wconf 86' lang='lat' dir='ltr'>requiratur</span> <span class='ocrx_word' id='word_1_174' title='bbox 1143 2459 1178 2514; x_wconf 83' lang='lat' dir='ltr'>ut</span> 
     </span>
     <span class='ocr_line' id='line_1_25' title="bbox 205 2537 1177 2622; baseline 0.005 -24"><span class='ocrx_word' id='word_1_175' title='bbox 205 2538 406 2619; x_wconf 81' lang='lat' dir='ltr'>promulgatio</span> <span class='ocrx_word' id='word_1_176' title='bbox 425 2555 530 2602; x_wconf 87' lang='lat' dir='ltr'>earum</span> <span class='ocrx_word' id='word_1_177' title='bbox 549 2537 601 2600; x_wconf 84' lang='lat' dir='ltr'>irat</span> <span class='ocrx_word' id='word_1_178' title='bbox 615 2537 646 2599; x_wconf 94' lang='lat' dir='ltr'>in</span> <span class='ocrx_word' id='word_1_179' title='bbox 661 2539 787 2620; x_wconf 88' lang='lat' dir='ltr'>singulis</span> <span class='ocrx_word' id='word_1_180' title='bbox 801 2541 962 2622; x_wconf 88' lang='lat' dir='ltr'>provinciis</span> <span class='ocrx_word' id='word_1_181' title='bbox 979 2541 1025 2604; x_wconf 85' lang='lat' dir='ltr'>rel</span> <span class='ocrx_word' id='word_1_182' title='bbox 1038 2539 1177 2603; x_wconf 84' lang='lat' dir='ltr'>dioecesi·</span> 
     </span>
     <span class='ocr_line' id='line_1_26' title="bbox 207 2626 1055 2688; baseline 0.004 -2"><span class='ocrx_word' id='word_1_183' title='bbox 207 2626 273 2688; x_wconf 90' lang='lat' dir='ltr'>bus.</span> <span class='ocrx_word' id='word_1_184' title='bbox 1052 2651 1055 2658; x_wconf 92' lang='lat'>·</span> 
     </span>
    </p>

    <p class='ocr_par' dir='ltr' id='par_1_8' title="bbox 206 2715 1180 3154">
     <span class='ocr_line' id='line_1_27' title="bbox 250 2715 1179 2797; baseline 0.013 -25"><span class='ocrx_word' id='word_1_185' title='bbox 250 2735 266 2772; x_wconf 81' lang='lat' dir='ltr'>a</span> <span class='ocrx_word' id='word_1_186' title='bbox 286 2715 365 2777; x_wconf 90' lang='lat' dir='ltr'>Olim</span> <span class='ocrx_word' id='word_1_187' title='bbox 378 2715 537 2780; x_wconf 86' lang='lat' dir='ltr'>decretalia</span> <span class='ocrx_word' id='word_1_188' title='bbox 550 2715 731 2782; x_wconf 83' lang='lat' dir='ltr'>Pontificum</span> <span class='ocrx_word' id='word_1_189' title='bbox 746 2716 855 2794; x_wconf 74' lang='lat' dir='ltr'>Sirmii,</span> <span class='ocrx_word' id='word_1_190' title='bbox 871 2719 1036 2782; x_wconf 86' lang='lat' dir='ltr'>Innocentii</span> <span class='ocrx_word' id='word_1_191' title='bbox 1047 2767 1055 2797; x_wconf 89' lang='lat'>,</span> <span class='ocrx_word' id='word_1_192' title='bbox 1068 2720 1179 2784; x_wconf 85' lang='lat' dir='ltr'>Leonis</span> 
     </span>
     <span class='ocr_line' id='line_1_28' title="bbox 206 2803 1180 2891; baseline 0.008 -28"><span class='ocrx_word' id='word_1_193' title='bbox 206 2819 222 2863; x_wconf 84' lang='lat' dir='ltr'>u</span> <span class='ocrx_word' id='word_1_194' title='bbox 246 2803 284 2865; x_wconf 89' lang='lat' dir='ltr'>ad</span> <span class='ocrx_word' id='word_1_195' title='bbox 307 2803 475 2886; x_wconf 89' lang='lat' dir='ltr'>aliquarum</span> <span class='ocrx_word' id='word_1_196' title='bbox 492 2805 636 2868; x_wconf 83' lang='lat' dir='ltr'>duntaxat</span> <span class='ocrx_word' id='word_1_197' title='bbox 655 2805 877 2888; x_wconf 84' lang='lat' dir='ltr'>provinciarum</span> <span class='ocrx_word' id='word_1_198' title='bbox 899 2809 1063 2891; x_wconf 87' lang='lat' dir='ltr'>Episcopos</span> <span class='ocrx_word' id='word_1_199' title='bbox 1082 2808 1180 2871; x_wconf 87' lang='lat' dir='ltr'>mitte·</span> 
     </span>
     <span class='ocr_line' id='line_1_29' title="bbox 207 2891 1178 2977; baseline 0.011 -27"><span class='ocrx_word' id='word_1_200' title='bbox 207 2913 223 2950; x_wconf 79' lang='lat' dir='ltr'>u</span> <span class='ocrx_word' id='word_1_201' title='bbox 247 2891 357 2955; x_wconf 87' lang='lat' dir='ltr'>bantur</span> <span class='ocrx_word' id='word_1_202' title='bbox 370 2913 377 2953; x_wconf 93' lang='lat'><strong>:</strong></span> <span class='ocrx_word' id='word_1_203' title='bbox 390 2911 457 2975; x_wconf 77' lang='lat' dir='ltr'>quae</span> <span class='ocrx_word' id='word_1_204' title='bbox 469 2902 586 2972; x_wconf 83' lang='lat' dir='ltr'>tamen,</span> <span class='ocrx_word' id='word_1_205' title='bbox 598 2902 718 2977; x_wconf 88' lang='lat' dir='ltr'>recepto</span> <span class='ocrx_word' id='word_1_206' title='bbox 732 2913 831 2972; x_wconf 85' lang='lat' dir='ltr'>more,</span> <span class='ocrx_word' id='word_1_207' title='bbox 844 2896 889 2959; x_wconf 82' lang='lat' dir='ltr'>rel</span> <span class='ocrx_word' id='word_1_208' title='bbox 899 2897 1015 2976; x_wconf 86' lang='lat' dir='ltr'>adjecto</span> <span class='ocrx_word' id='word_1_209' title='bbox 1024 2897 1178 2977; x_wconf 87' lang='lat' dir='ltr'>mandato,</span> 
     </span>
     <span class='ocr_line' id='line_1_30' title="bbox 208 2979 1178 3068; baseline 0.008 -28"><span class='ocrx_word' id='word_1_210' title='bbox 208 3002 224 3040; x_wconf 79' lang='lat' dir='ltr'>u</span> <span class='ocrx_word' id='word_1_211' title='bbox 250 2979 379 3045; x_wconf 89' lang='lat' dir='ltr'>subinde</span> <span class='ocrx_word' id='word_1_212' title='bbox 397 3000 468 3045; x_wconf 89' lang='lat' dir='ltr'>eum</span> <span class='ocrx_word' id='word_1_213' title='bbox 489 2983 554 3045; x_wconf 87' lang='lat' dir='ltr'>aliis</span> <span class='ocrx_word' id='word_1_214' title='bbox 575 2991 665 3066; x_wconf 89' lang='lat' dir='ltr'>atquc</span> <span class='ocrx_word' id='word_1_215' title='bbox 686 2984 752 3046; x_wconf 90' lang='lat' dir='ltr'>aliis</span> <span class='ocrx_word' id='word_1_216' title='bbox 765 2985 921 3068; x_wconf 88' lang='lat' dir='ltr'>Episcopis</span> <span class='ocrx_word' id='word_1_217' title='bbox 940 2988 1178 3064; x_wconf 87' lang='lat' dir='ltr'>communicata,</span> 
     </span>
     <span class='ocr_line' id='line_1_31' title="bbox 209 3071 1050 3154; baseline 0.011 -25"><span class='ocrx_word' id='word_1_218' title='bbox 209 3087 284 3132; x_wconf 78' lang='lat' dir='ltr'>rac</span> <span class='ocrx_word' id='word_1_219' title='bbox 298 3078 360 3133; x_wconf 87' lang='lat' dir='ltr'>toto</span> <span class='ocrx_word' id='word_1_220' title='bbox 371 3071 444 3134; x_wconf 82' lang='lat' dir='ltr'>orbe</span> <span class='ocrx_word' id='word_1_221' title='bbox 458 3071 593 3154; x_wconf 90' lang='lat' dir='ltr'>dispersa</span> <span class='ocrx_word' id='word_1_222' title='bbox 606 3080 708 3136; x_wconf 87' lang='lat' dir='ltr'>sunt...</span> <span class='ocrx_word' id='word_1_223' title='bbox 1045 3105 1050 3113; x_wconf 96' lang='lat'><em>·</em></span> 
     </span>
    </p>

    <p class='ocr_par' dir='ltr' id='par_1_9' title="bbox 210 3159 1185 3600">
     <span class='ocr_line' id='line_1_32' title="bbox 255 3159 1183 3243; baseline 0.011 -27"><span class='ocrx_word' id='word_1_224' title='bbox 255 3159 428 3222; x_wconf 73' lang='lat' dir='ltr'>«Hodierna</span> <span class='ocrx_word' id='word_1_225' title='bbox 444 3161 653 3243; x_wconf 89' lang='lat' dir='ltr'>promulgandi</span> <span class='ocrx_word' id='word_1_226' title='bbox 665 3163 746 3243; x_wconf 85' lang='lat' dir='ltr'>leges</span> <span class='ocrx_word' id='word_1_227' title='bbox 759 3162 1007 3242; x_wconf 80' lang='lat' dir='ltr'>pontificiasratio</span> <span class='ocrx_word' id='word_1_228' title='bbox 1021 3163 1083 3225; x_wconf 82' lang='lat' dir='ltr'>iord</span> <span class='ocrx_word' id='word_1_229' title='bbox 1098 3163 1129 3223; x_wconf 89' lang='lat' dir='ltr'>in</span> <span class='ocrx_word' id='word_1_230' title='bbox 1143 3180 1183 3226; x_wconf 88' lang='lat' dir='ltr'>eo</span> 
     </span>
     <span class='ocr_line' id='line_1_33' title="bbox 210 3249 1181 3332; baseline 0.008 -24"><span class='ocrx_word' id='word_1_231' title='bbox 210 3271 226 3308; x_wconf 76' lang='lat' dir='ltr'>a</span> <span class='ocrx_word' id='word_1_232' title='bbox 251 3249 406 3325; x_wconf 84' lang='lat' dir='ltr'>consistit,</span> <span class='ocrx_word' id='word_1_233' title='bbox 426 3257 458 3311; x_wconf 92' lang='lat' dir='ltr'>ut</span> <span class='ocrx_word' id='word_1_234' title='bbox 471 3249 572 3313; x_wconf 78' lang='lat' dir='ltr'>&#39;llullae</span> <span class='ocrx_word' id='word_1_235' title='bbox 595 3253 823 3332; x_wconf 86' lang='lat' dir='ltr'>promulgentur</span> <span class='ocrx_word' id='word_1_236' title='bbox 839 3256 957 3326; x_wconf 73' lang='lat' dir='ltr'>lterum,</span> <span class='ocrx_word' id='word_1_237' title='bbox 977 3253 1134 3332; x_wconf 73' lang='lat' dir='ltr'>alligantur</span> <span class='ocrx_word' id='word_1_238' title='bbox 1150 3253 1181 3316; x_wconf 89' lang='lat' dir='ltr'>in</span> 
     </span>
     <span class='ocr_line' id='line_1_34' title="bbox 212 3338 1184 3424; baseline 0.006 -27"><span class='ocrx_word' id='word_1_239' title='bbox 212 3359 228 3397; x_wconf 83' lang='lat' dir='ltr'>r</span> <span class='ocrx_word' id='word_1_240' title='bbox 252 3339 315 3399; x_wconf 86' lang='lat' dir='ltr'>acie</span> <span class='ocrx_word' id='word_1_241' title='bbox 325 3338 427 3420; x_wconf 85' lang='lat' dir='ltr'>Campi</span> <span class='ocrx_word' id='word_1_242' title='bbox 438 3339 544 3415; x_wconf 79' lang='lat' dir='ltr'>Florae,</span> <span class='ocrx_word' id='word_1_243' title='bbox 553 3347 582 3401; x_wconf 91' lang='lat' dir='ltr'>et</span> <span class='ocrx_word' id='word_1_244' title='bbox 591 3339 627 3402; x_wconf 88' lang='lat' dir='ltr'>ad</span> <span class='ocrx_word' id='word_1_245' title='bbox 638 3343 735 3402; x_wconf 82' lang='lat' dir='ltr'>ratres</span> <span class='ocrx_word' id='word_1_246' title='bbox 747 3343 878 3404; x_wconf 77' lang='lat' dir='ltr'>Basiliam</span> <span class='ocrx_word' id='word_1_247' title='bbox 891 3343 1112 3424; x_wconf 70' lang='lat' dir='ltr'>apestolorum,</span> <span class='ocrx_word' id='word_1_248' title='bbox 1127 3359 1184 3403; x_wconf 87' lang='lat' dir='ltr'>nec</span> 
     </span>
     <span class='ocr_line' id='line_1_35' title="bbox 212 3427 1185 3512; baseline 0.006 -26"><span class='ocrx_word' id='word_1_249' title='bbox 212 3447 228 3486; x_wconf 82' lang='lat' dir='ltr'>r</span> <span class='ocrx_word' id='word_1_250' title='bbox 254 3444 314 3486; x_wconf 94' lang='lat' dir='ltr'>non</span> <span class='ocrx_word' id='word_1_251' title='bbox 331 3427 361 3487; x_wconf 92' lang='lat' dir='ltr'>in</span> <span class='ocrx_word' id='word_1_252' title='bbox 377 3429 558 3491; x_wconf 72' lang='lat' dir='ltr'>cancellaria</span> <span class='ocrx_word' id='word_1_253' title='bbox 577 3429 749 3511; x_wconf 80' lang='lat' dir='ltr'>apostolica,</span> <span class='ocrx_word' id='word_1_254' title='bbox 765 3441 795 3493; x_wconf 89' lang='lat' dir='ltr'>ct</span> <span class='ocrx_word' id='word_1_255' title='bbox 809 3449 863 3512; x_wconf 90' lang='lat' dir='ltr'>pro</span> <span class='ocrx_word' id='word_1_256' title='bbox 884 3431 1040 3512; x_wconf 68' lang='lat' dir='ltr'>pulrlicatis</span> <span class='ocrx_word' id='word_1_257' title='bbox 1055 3431 1185 3492; x_wconf 77' lang='lat' dir='ltr'>taatrenn-</span> 
     </span>
     <span class='ocr_line' id='line_1_36' title="bbox 213 3517 1183 3600; baseline 0.008 -25"><span class='ocrx_word' id='word_1_258' title='bbox 213 3535 229 3575; x_wconf 83' lang='lat' dir='ltr'>u</span> <span class='ocrx_word' id='word_1_259' title='bbox 253 3519 309 3578; x_wconf 89' lang='lat' dir='ltr'>tur.</span> <span class='ocrx_word' id='word_1_260' title='bbox 337 3539 352 3573; x_wconf 79' lang='lat' dir='ltr'>a</span> <span class='ocrx_word' id='word_1_261' title='bbox 377 3517 555 3600; x_wconf 82' lang='lat' dir='ltr'>(Zallinger,</span> <span class='ocrx_word' id='word_1_262' title='bbox 577 3518 653 3580; x_wconf 85' lang='lat' dir='ltr'>last.</span> <span class='ocrx_word' id='word_1_263' title='bbox 668 3518 738 3598; x_wconf 81' lang='lat' dir='ltr'>jur.</span> <span class='ocrx_word' id='word_1_264' title='bbox 756 3527 856 3582; x_wconf 84' lang='lat' dir='ltr'>natur.</span> <span class='ocrx_word' id='word_1_265' title='bbox 885 3527 915 3582; x_wconf 83' lang='lat' dir='ltr'>et</span> <span class='ocrx_word' id='word_1_266' title='bbox 936 3519 1047 3598; x_wconf 77' lang='lat' dir='ltr'>coclea,</span> <span class='ocrx_word' id='word_1_267' title='bbox 1071 3519 1123 3582; x_wconf 88' lang='lat' dir='ltr'>lib.</span> <span class='ocrx_word' id='word_1_268' title='bbox 1143 3521 1183 3598; x_wconf 80' lang='lat' dir='ltr'>a,</span> 
     </span>
    </p>
   </div>
   <div class='ocr_carea' id='block_1_4' title="bbox 217 3603 384 3686">
    <p class='ocr_par' dir='ltr' id='par_1_10' title="bbox 217 3603 384 3686">
     <span class='ocr_line' id='line_1_37' title="bbox 217 3603 384 3686; baseline 0 -20"><span class='ocrx_word' id='word_1_269' title='bbox 217 3612 249 3666; x_wconf 81' lang='lat' dir='ltr'>n⁰</span> <span class='ocrx_word' id='word_1_270' title='bbox 259 3607 330 3683; x_wconf 81' lang='lat' dir='ltr'>tuo,</span> <span class='ocrx_word' id='word_1_271' title='bbox 345 3603 384 3686; x_wconf 81' lang='grc'>3).</span> 
     </span>
    </p>
   </div>
   <div class='ocr_carea' id='block_1_5' title="bbox 0 0 1305 3988">
    <p class='ocr_par' dir='ltr' id='par_1_11' title="bbox 0 0 1305 3988">
     <span class='ocr_line' id='line_1_38' title="bbox 0 0 1305 3988; baseline 0 0"><span class='ocrx_word' id='word_1_272' title='bbox 0 0 1305 3988; x_wconf 95' lang='lat' dir='ltr'> </span> 
     </span>
    </p>
   </div>
  </div>
 </body>
</html>
