2496 3992
198 175 256 236 llc8
403 190 541 235 ursulus
562 189 664 234 rorans
685 187 767 234 runis
786 189 940 235 canonici.

197 311 242 359 ciis
256 322 330 358 unam
342 323 371 357 ex
382 308 498 356 omnibus
513 320 596 356 veram
613 320 668 356 esse
682 306 822 355 constiterit
837 307 941 355 :eodem
954 308 1028 356 modo
1041 307 1151 358 civitates
1238 286 1241 331 3

197 397 245 431 noa
264 388 375 442 possunt.
398 379 461 426 citra
484 380 569 428 scelus
592 391 679 441 gerere
693 391 720 426 se
736 387 853 439 tanquam
866 379 887 424 si
908 379 971 427 Deus
986 379 1086 428 omnino
1103 395 1151 430 non

198 459 269 508 asset,
281 457 324 501 aut
336 465 418 500 auram
438 449 565 512 religionis
580 450 646 498 uellit
667 448 774 497 alienam
790 448 902 508 nihilque
922 450 1074 512 prolaturam
1090 451 1151 514 abji-

198 539 260 580 cere,
273 530 315 571 aiut
338 523 460 572 asciscere
474 521 505 570 dc
520 521 631 583 pluribus
644 520 777 584 generibus
790 519 962 570 indifferenter
972 523 1040 582 quod
1058 524 1149 574 libeat:

198 595 346 656 arnninoquo
370 595 461 642 dehent
479 591 576 642 eumin
599 591 702 641 colendo
724 593 825 640 numine
850 605 945 642 morem
961 606 1082 656 usurpare
1099 609 1150 645 mo·

199 669 315 728 dumque.
327 681 375 726 quo
385 665 431 714 coli
445 680 472 714 ae
487 665 550 714 licus
561 663 613 726 ipsa
628 663 804 712 domonstravit
819 663 893 712 uelle.

229 739 342 787 Sanctum
353 737 429 800 igitur
442 740 537 798 oportet
552 736 616 798 apud
628 735 751 797 principes
763 749 818 784 esse
829 735 872 784 llei
888 749 989 788 nomen.
999 739 1153 799 ponendum-

199 810 284 872 quein
303 808 434 871 praecipuis
455 807 552 856 illorum
564 806 652 856 olllciis
668 807 816 868 religionem
834 807 915 870 qratia
926 809 1066 870 complecti,
1077 810 1153 858 bene-

200 881 305 930 volentia
316 879 388 932 tueri.
399 880 542 928 auctoritate
555 883 666 938 nutuque
679 878 762 942 legum
778 884 870 940 tepore,
882 893 928 928 uec
940 879 1067 941 quippiam
1081 881 1154 930 inati-

201 960 270 1002 tuorc
293 961 335 1000 aut
355 952 488 1000 decernere
507 950 572 1012 quod
586 949 618 998 ait
638 949 693 1010 ejus
714 949 878 999 incolumitati
901 950 1063 1002 contrarium.
1080 954 1108 1002 ld
1129 959 1153 1001 et

201 1025 294 1072 civibus
315 1023 385 1071 deber
396 1027 414 1076 t,
430 1022 519 1082 quillus
537 1025 657 1084 praesunt.
681 1019 736 1069 llari
751 1021 819 1070 enim
837 1023 996 1084 susceptique
1005 1037 1091 1082 omnes
1108 1027 1151 1073 ho-

202 1097 279 1144 mines
294 1108 378 1142 eunius
388 1093 419 1141 ad
431 1106 554 1140 summum
567 1091 691 1154 quoddam
711 1096 736 1142 ot
750 1092 863 1142 ultimum
882 1093 1011 1144 bonorum.
1027 1109 1076 1157 quo
1096 1107 1153 1144 sunt

201 1169 284 1216 omnia
311 1164 412 1214 consilia
444 1163 573 1212 referenda
598 1167 667 1212 ostra
689 1165 751 1213 hanc
772 1163 932 1231 fragilitatem
955 1165 1151 1230 brevitatemque

201 1239 256 1288 rita
278 1236 385 1286 incoelia
400 1236 556 1284 collocatum.
582 1235 700 1293 Quoniam
725 1241 806 1284 autem
827 1237 884 1286 triac
909 1237 997 1297 pendet
1021 1239 1152 1288 homiuum

202 1311 309 1371 undiquc
326 1309 425 1370 expleta
439 1321 468 1355 ac
482 1308 590 1369 perlecta
602 1305 714 1361 latinitas,
734 1306 825 1355 idcirco
836 1311 933 1370 as·eqni
947 1322 1012 1366 eum,
1028 1309 1073 1371 qui
1085 1325 1153 1360 com·

202 1385 405 1431 memoratusast.
426 1377 500 1426 linem
519 1379 580 1426 tanti
599 1379 700 1426 interest
722 1379 875 1439 singulorum
890 1385 919 1428 ut
934 1379 1010 1440 pluria
1033 1380 1154 1433 interesse

202 1468 251 1503 non
266 1452 349 1515 possit.
373 1450 474 1500 Civilem
497 1450 571 1512 igitar
588 1449 738 1503 societatem,
756 1451 880 1499 communi
901 1451 998 1500 utilitati
1018 1457 1113 1515 namra,
1128 1455 1153 1505 in

203 1527 293 1575 tuenda
308 1523 467 1586 prosperitate
482 1521 623 1582 reipublicae
639 1535 741 1570 necesse
756 1527 793 1570 est
809 1521 846 1570 aio
867 1525 994 1572 consulere
1006 1523 1112 1580 civibus.
1128 1533 1155 1576 nt

202 1597 335 1647 obtinendo
354 1595 562 1656 ailipiscendoque
594 1605 691 1641 summo
715 1591 750 1640 illi
773 1598 846 1655 atque
870 1592 1067 1644 incommutabili
1090 1598 1154 1646 bono

201 1669 267 1731 quod
283 1670 368 1727 sponte
377 1669 504 1726 appetunt.
520 1677 570 1714 non
584 1667 654 1712 modo
665 1663 726 1712 nihil
740 1663 857 1725 importat
868 1679 975 1726 unquam
988 1665 1150 1729 incommodi,

200 1740 334 1788 sedomues
346 1749 511 1797 quascumque
521 1735 804 1798 possit.opportunitatos
813 1735 1017 1794 alferatouarum
1026 1741 1154 1803 praecipua

201 1817 247 1869 cst,
256 1813 283 1858 ut
294 1809 365 1856 detur
373 1819 446 1864 opera
455 1806 568 1865 religioni
582 1811 668 1856 sancte
677 1805 841 1868 inviolateque
852 1809 978 1858 servanda
986 1809 1060 1871 cujus
1071 1812 1155 1862 officia

201 1881 326 1930 noruiuem
342 1879 390 1926 ueo
402 1881 563 1939 conjungunt.

230 1953 292 2000 llera
315 1955 395 1998 autam
424 1949 510 2012 religio
538 1962 593 2010 quae
620 1949 663 2011 sit,
685 1963 734 1998 non
752 1949 887 2001 difficulter
898 1950 965 2002 ridet
978 1953 1020 2014 qui
1032 1952 1156 2016 judicium

201 2024 310 2088 prudens
327 2022 502 2082 sincerumque
514 2021 654 2070 adtribuerit
670 2035 676 2068 :
696 2023 846 2086 argumentis
861 2023 927 2072 enirn
938 2025 1067 2086 permultis
1082 2033 1156 2090 atque

202 2093 349 2152 illustribus,
366 2094 467 2142 ueritate
484 2093 601 2142 nimirum
616 2092 797 2154 vaticiniorum,
814 2095 977 2158 prodigiorum
1006 2095 1154 2160 lrequentia,

202 2165 330 2218 celerrima
349 2163 408 2213 fidoi
421 2163 458 2212 val
473 2179 516 2226 per
531 2163 626 2213 modios
643 2165 726 2214 hostes
737 2179 767 2215 ac
785 2165 892 2216 maxima
904 2167 1083 2228 impedimenta
1096 2186 1156 2234 pro-

202 2237 341 2300 pagatione,
357 2238 490 2298 martyrum
506 2235 657 2294 testimonio,
674 2236 779 2298 aliisque
793 2237 913 2288 similibus
925 2240 1012 2300 liquet,
1028 2255 1084 2289 aim
1101 2257 1158 2293 esse

202 2310 276 2358 unica
293 2321 385 2360 voram.
407 2321 480 2368 qaam
496 2307 568 2355 lesus
582 2307 696 2356 unrlstua
708 2307 815 2357 instituit
829 2309 933 2372 ipsemet
943 2315 967 2360 et
977 2312 1157 2365 aeclesiastica

200 2381 315 2430 tuendam
331 2377 737 2440 propagandamquademandauit.

175 2503 177 2508 ,
232 2454 292 2500 Nam
307 2450 446 2512 unigenitus
462 2450 502 2498 llei
515 2450 591 2498 Filius
610 2449 787 2500 societatomin
801 2453 874 2501 terris
889 2453 1024 2514 constituit,
1039 2469 1096 2518 quse
1112 2457 1156 2506 Eo-

201 2521 391 2580 clcsiadicitur,
410 2521 449 2570 oui
467 2523 591 2571 excelsum
617 2521 777 2584 divinumque
800 2537 890 2573 munus
912 2525 939 2574 in
952 2539 1039 2575 omues
1052 2529 1156 2578 soerulo-

201 2611 255 2644 rum
267 2601 353 2645 aetates
376 2593 568 2643 continuandum
585 2591 728 2653 transmisit,
751 2596 816 2658 qnod
831 2595 885 2657 ipsa
903 2599 999 2646 al’elre
1019 2606 1155 2662 acceperat.

201 2665 349 2718 Sicutmlslt
362 2665 499 2728 mapulas,
521 2671 547 2715 et
561 2677 606 2728 epo
621 2667 694 2715 aaltto
710 2681 751 2717 aaa
766 2668 783 2718 ¹.
806 2665 870 2718 ane
884 2681 929 2729 epo
956 2669 1081 2720 arincam
1097 2687 1157 2723 aina

201 2735 321 2785 omullus
335 2737 422 2784 dietas
438 2735 557 2798 usquead
577 2737 824 2788 consummationem
836 2738 922 2788 aaecull
946 2738 969 2789 ⁹.
994 2739 1080 2803 igitur,
1091 2741 1157 2794 sicut

201 2811 273 2858 lesus
287 2807 397 2856 Christus
414 2807 440 2856 in
455 2812 532 2856 terras
545 2806 613 2856 venit
636 2813 663 2856 ut
677 2808 789 2858 homines
806 2814 887 2857 attona
909 2808 1056 2860 habeantet
1073 2812 1159 2862 udus-

201 2879 301 2930 duntlna
323 2877 434 2927 doleant
448 2880 469 2937 ³,
487 2879 574 2928 eodem
591 2879 663 2928 modo
692 2879 800 2929 Ecclesia
825 2879 977 2942 propositum
995 2881 1079 2942 habet,
1099 2889 1157 2934 tan·

201 2958 274 3004 quam
289 2947 374 3005 sunem,
392 2950 496 2998 salutem
509 2951 645 2998 animorum
660 2951 835 3012 sempiternam
850 2966 856 2999 :
871 2951 903 2999 ob
919 2965 1024 3014 eamque
1034 2967 1088 3001 rem
1098 2956 1156 3006 talis

201 3025 239 3068 cst
251 3023 337 3068 natura
350 3033 404 3069 sua.
417 3023 443 3068 ut
455 3021 562 3084 porrigat
576 3035 629 3070 sese
640 3022 670 3070 ad
689 3022 765 3070 lotias
779 3022 933 3084 complexum
945 3025 1026 3084 gantis
1039 3024 1158 3078 humanae

202 3091 274 3140 nullis
290 3104 332 3139 noc
345 3091 455 3140 locorum
465 3108 510 3142 nec
523 3103 658 3155 temporum
669 3093 790 3143 limitibus
802 3093 994 3156 circumscripta.
1009 3093 1071 3144 Peos
1080 3103 1158 3149 tanate

202 3161 365 3224 anaqellara
384 3168 457 3213 omni
472 3166 594 3216 creatura
613 3165 637 3218 ⁴.
