2496 3992
38 3628 82 3637 Α..

211 281 269 344 692
412 295 553 342 utuurtu
574 294 678 340 rorrus
698 295 777 339 runis
798 294 955 339 canonici.

211 413 317 475 denique
332 410 482 473 amplissima
500 411 573 468 bona,
586 409 675 471 quibus
690 409 816 456 mortalem
829 423 930 471 quoque
945 409 1084 460 bominum
1100 414 1168 460 ritem

211 483 342 534 christiane
356 483 442 547 religio
461 496 504 531 sua
519 485 604 542 sponte
620 481 712 542 explet,
734 480 906 528 communitati
924 481 1098 544 societatique
1110 486 1169 533 cirili

211 555 295 604 omnia
305 566 451 614 queruntur
465 552 515 601 :ita
529 557 555 599 ut
569 551 629 598 illud
640 558 754 613 appareat
771 551 902 600 verissime
914 553 1034 602 dictum:
1051 569 1067 603 e
1084 558 1169 606 Pendet

211 625 371 688 oreligione,
391 639 440 686 qua
466 625 528 672 lleus
546 624 645 675 colitur.
662 621 817 685 reipublicae
834 630 912 671 status
932 640 938 671 :
963 627 1100 688 multaque
1112 629 1170 676 inter

172 714 174 721 ⁸
212 696 277 746 bunc
290 700 315 745 et
328 695 396 744 illem
414 695 526 758 cognatio
539 699 565 742 et
583 697 604 741 ta
617 693 737 742 uitiositas
755 693 888 742 intercedit
904 695 908 721 ¹
925 712 951 742 r.

242 768 330 817 sorum
340 767 390 816 rim
403 767 522 815 bonorum
535 766 692 823 mirabiliter,
712 764 746 813 uti
763 765 837 820 solet,
854 771 1004 826 persecutus
1016 773 1057 817 est
1074 775 1169 833 Augus·

211 839 278 888 tinus
289 839 396 900 pluribus
411 838 479 896 locis,
493 836 599 885 maxime
613 851 670 884 roro
684 836 726 885 ubi
744 836 877 884 Ecclesiam
894 838 1048 887 catholicam
1064 845 1170 903 appellat

211 911 242 959 iis
255 909 335 960 verbis
358 923 394 959 :o
415 910 449 958 Tu
476 907 605 970 pueriliter
625 921 723 970 pueros,
739 907 833 956 sortiter
849 907 965 970 juvenes.
980 911 1071 971 quiete
1086 928 1166 965 senes.

211 986 282 1045 prout
294 982 413 1044 cujusque
427 994 475 1028 uon
492 979 603 1040 corporis
618 983 720 1032 tontum.
735 979 778 1028 sed
793 983 817 1027 et
836 979 913 1027 animi
929 987 991 1029 oetas
1008 988 1055 1041 est,
1069 997 1169 1033 exerces

211 1067 239 1101 ac
253 1054 334 1101 doces.
355 1052 389 1100 Tu
401 1049 504 1100 reminas
520 1049 580 1097 viris
592 1049 644 1098 suis
662 1063 710 1097 non
725 1049 753 1097 ad
767 1051 914 1111 explendam
927 1051 1074 1113 libidinem,
1088 1058 1167 1103 sedat

210 1123 389 1188 propagandam
407 1122 509 1184 prolem.
522 1126 547 1169 et
565 1121 596 1169 ad
608 1120 644 1169 rei
659 1119 788 1168 familiaris
806 1122 960 1176 societatem.
975 1128 1044 1171 casta
1060 1131 1089 1173 et
1104 1126 1167 1175 fideli

209 1194 349 1246 obedientia
360 1193 469 1254 subjicis.
479 1194 512 1240 Tu
528 1191 593 1240 viros
601 1191 756 1254 conjugibus,
770 1207 817 1240 non
832 1194 863 1240 ad
883 1193 1041 1242 illudendum
1055 1195 1165 1247 imbetit.

210 1268 296 1316 liorem
308 1280 405 1317 sexum.
417 1265 459 1314 sed
468 1264 559 1313 sinceri
569 1264 660 1311 amoris
668 1264 763 1327 tegibus
772 1264 883 1326 practicis.
900 1265 934 1313 Tu
943 1268 1092 1325 parentibus
1104 1269 1166 1318 filios

209 1340 286 1388 libera
301 1339 407 1400 quadam
429 1336 546 1385 servitute
562 1335 700 1398 subjungis,
719 1342 832 1396 parentes
846 1335 904 1384 tiliis
928 1337 968 1398 pia
994 1338 1165 1389 dominatione

209 1410 361 1474 praeponis...
377 1410 411 1456 Tu
425 1408 490 1456 cives
502 1407 604 1464 civibus,
620 1413 642 1454 tu
660 1413 747 1470 gentes
759 1407 881 1470 gentibus,
897 1412 922 1455 et
933 1422 1041 1470 prorsus
1054 1413 1165 1461 homines

209 1483 343 1546 primorum
355 1483 483 1543 pareutum
498 1478 675 1534 recordatione,
687 1492 735 1526 non
745 1478 861 1527 societate
877 1483 981 1533 tanturn.
997 1482 1042 1529 sed
1058 1487 1163 1544 quadarn

209 1554 282 1604 etiam
299 1553 458 1606 fraternitate.
475 1548 614 1612 conjungis.
628 1551 703 1599 [loces
716 1564 787 1613 reges
801 1551 942 1612 prospicere
956 1551 1063 1612 populis.
1081 1568 1164 1604 mones.

209 1627 311 1689 populos
324 1640 350 1674 se
365 1624 470 1672 subdere
486 1623 590 1684 regibus.
604 1622 698 1678 Quibus
723 1623 796 1669 bonor
808 1622 934 1679 debeatur,
949 1624 1043 1682 quibus
1054 1626 1163 1679 adiectu.

209 1699 297 1760 quibus
314 1695 459 1751 reverentia,
475 1694 564 1755 quibus
587 1693 668 1742 timor.
684 1692 772 1753 quibus
785 1693 930 1749 con-olatio,
945 1693 1037 1752 quibus
1050 1698 1161 1745 edurum·

208 1770 252 1824 tio,
271 1769 360 1826 ouibus
375 1766 518 1816 cohortatio.
535 1764 623 1826 quibus
639 1763 778 1825 disciplina,
800 1764 891 1823 quibus
907 1762 1049 1824 objurgatio
1074 1771 1161 1829 quibo,

210 1839 366 1901 supplicium,
380 1839 466 1885 sedulo
484 1838 578 1892 doces;
601 1836 734 1883 ostendens
749 1835 954 1895 quemadmodum
966 1840 991 1882 et
1013 1851 1064 1885 non
1084 1855 1162 1889 omn*-

208 1913 254 1959 bus
266 1909 356 1959 omnia.
368 1913 393 1955 et
406 1906 624 1962 outnibusoaritas,
639 1911 663 1954 et
677 1904 737 1953 nulli
752 1906 870 1953 debeatur
885 1905 993 1966 injuria*
1009 1923 1029 1955 r.
1044 1936 1076 1945 -
1087 1913 1159 1961 idern·

208 1995 255 2042 que
270 1981 318 2028 alio
341 1981 392 2028 loco
412 1979 476 2026 mole
498 1978 622 2040 sapientes
642 1978 826 2040 reprebendens
851 1978 961 2040 politicos
985 1979 1149 2047 philosopho,

207 2067 221 2102 ι
238 2053 283 2113 Qui
297 2051 431 2100 doctrinam
446 2050 536 2097 Christi
552 2051 679 2096 adversam
697 2048 842 2098 dicuntesse
854 2050 1006 2112 reipublice,
1020 2053 1085 2104 ‹lcnt
1096 2074 1162 2106 exer-

207 2124 283 2172 citum
298 2124 378 2176 talem,
402 2121 487 2183 quates
504 2120 615 2168 doctrina
633 2119 721 2167 Christi
739 2135 793 2168 esse
813 2120 904 2168 milites
922 2121 1004 2182 jussit,
1023 2127 1087 2175 dcnt
1104 2131 1162 2177 tales

207 2195 376 2258 provinciales.
394 2192 569 2249 tatosmarttos,
580 2193 642 2239 tales
653 2190 780 2253 conjuges,
797 2193 857 2241 tates
874 2198 1073 2254 parentes.talcs
1089 2200 1161 2259 tilios,

206 2269 269 2316 tales
284 2266 402 2322 dominos,
415 2265 475 2312 tales
487 2278 579 2317 servor,
599 2264 661 2310 tales
676 2277 755 2327 reges,
780 2264 841 2311 tales
852 2263 958 2325 judices.
972 2267 1034 2315 tales
1054 2270 1163 2333 denique

207 2339 342 2388 debitorum
357 2338 433 2398 ipsius
453 2334 505 2383 tisci
522 2334 659 2384 redditores
673 2338 698 2382 et
712 2340 847 2394 exactores,
865 2335 950 2396 quales
973 2351 1030 2386 esse
1049 2345 1164 2404 proecipit

206 2410 314 2458 doctrina
324 2408 465 2465 christiana,
483 2413 507 2456 et
521 2407 626 2454 audeant
638 2419 691 2454 eam
705 2406 787 2455 dicere
803 2406 993 2457 adrersamesse
1005 2413 1162 2472 reipublice,

205 2483 277 2530 immo
292 2496 349 2530 vero
371 2495 418 2529 non
435 2479 548 2527 dubitent
571 2491 625 2527 eam
648 2477 760 2527 confiteri
777 2492 901 2540 magnam,
918 2478 939 2527 si
964 2482 1162 2551 obtemperetur,

206 2554 311 2603 salutem
326 2566 381 2602 esse
394 2549 535 2611 reipublicae
548 2549 558 2582 ³
575 2567 597 2598 o.

237 2625 291 2673 Fuit
303 2624 435 2686 aliquando
446 2627 551 2683 tempus,
566 2635 622 2669 cum
638 2620 781 2683 evangelica
793 2621 945 2684 pbilosophis
960 2625 1113 2687 gubernaret
1124 2630 1163 2679 ci-

204 2700 291 2748 ritetes
304 2711 310 2744 ε
324 2710 372 2758 quo
389 2699 501 2755 tempore
514 2692 653 2741 christiane
669 2693 796 2755 sapientie
814 2693 849 2741 vis
870 2693 913 2742 illa
936 2700 962 2743 et
977 2696 1061 2746 divina
1083 2702 1162 2752 rirtus

204 2770 230 2818 in
245 2771 321 2832 leges.
339 2767 459 2815 instituta.
478 2779 557 2813 mores
581 2766 734 2826 populorum,
757 2765 782 2812 in
798 2779 885 2814 omnes
900 2765 1044 2828 reipublicae
1060 2772 1162 2822 ordines

204 2841 360 2900 rationesque
379 2840 547 2900 penetraverat
566 2851 642 2885 :curn
655 2836 742 2898 religio
758 2839 892 2899 pertesum
907 2837 1030 2886 Christum
1046 2841 1163 2895 instituta

202 2916 228 2963 in
237 2927 276 2966 eo,
288 2925 335 2971 quo
347 2923 444 2970 aequum
458 2915 518 2957 erat.
531 2908 657 2972 dignitatis
667 2910 743 2971 gradu
755 2908 858 2957 tirmiter
870 2908 1081 2974 collocatagratia
1094 2918 1162 2977 prin.

204 2986 286 3045 cipum
305 2980 463 3044 legitimaque
479 2981 664 3043 magistratuum
680 2981 754 3029 tutela
770 2979 861 3040 ubique
872 2981 987 3030 floreret:
1006 2997 1062 3032 cum
1077 3000 1164 3036 sacer·

203 3054 296 3105 dotium
319 3057 392 3113 atque
406 3051 535 3114 importum
554 3051 685 3100 concordia
708 3056 734 3100 et
756 3051 834 3099 arnico
860 3051 999 3100 olssciorum
1015 3054 1163 3109 vicissitudo

203 3127 325 3188 auspicato
346 3126 516 3186 conjungeret.
542 3124 625 3184 quue
643 3123 713 3171 modo
728 3123 863 3185 composita
883 3123 968 3172 civitas
984 3124 1079 3175 [ructus
1104 3130 1162 3177 tulit

203 3199 269 3249 omni
282 3196 395 3261 opinione
410 3193 522 3256 majores.
540 3208 644 3256 quorum
659 3193 724 3258 rigat
741 3195 860 3247 memoria
878 3196 1004 3259 etrigebit
1015 3196 1162 3250 innumera-

201 3272 290 3322 bilibus
305 3283 387 3320 rerum
402 3273 529 3332 gestarum
555 3266 698 3331 consignata
714 3267 885 3327 monumentis,
898 3280 954 3329 qute
973 3270 1042 3318 nulla
1066 3271 1163 3321 adrer-

228 3472 250 3514 i.
266 3472 324 3514 ster.
343 3471 398 3524 imp.
411 3471 437 3511 ed
449 3468 547 3523 cyrillum
563 3469 665 3514 Alexand.
685 3476 706 3512 et
717 3471 830 3524 Episcopos
840 3473 928 3527 metrop.
943 3494 969 3504 -
983 3471 1028 3517 car.
1050 3475 1160 3522 tebbao-

202 3524 289 3619 &gebin
299 3526 456 3619 ss‘nssicbmiligl.
471 3577 536 3625 cath..
552 3588 598 3627 esp.
616 3586 669 3626 xxx,
681 3589 701 3618 n.
713 3577 749 3620 tlt,

229 3634 249 3674 t.
262 3630 331 3683 Epist.
344 3638 442 3672 cxxxvttt
451 3631 488 3681 tal.
500 3631 520 3682 5)
530 3630 714 3682 edldarcelliuuur,
731 3642 778 3687 cup.
792 3638 815 3681 tt,
828 3633 853 3674 nl
862 3631 898 3679 51.
