2574 3994
484 269 569 320 trena
591 267 708 320 enrutts.
1014 249 1072 323 153

105 397 118 432 r
143 379 262 458 petere,
277 379 307 436 et
321 376 401 456 Papa
421 373 576 436 consuevit
589 371 756 436 concedere
779 371 983 438 licentiam...
998 376 1072 441 reei-

104 487 117 522 a
140 464 250 546 gnandi
265 463 531 544 Episcopatum....

140 555 187 614 il.
201 552 391 614 Conscientia
400 549 536 613 criminis
549 567 610 612 non
620 551 744 631 quidem
756 550 926 630 cuiuslibet,
935 552 1074 619 sedillius

105 664 118 702 r
142 640 294 705 duntaxat.
311 638 394 721 quod
408 645 477 722 post
489 647 588 702 actam
601 640 810 720 poenitenlianr
824 640 949 724 impedit
962 661 1074 708 execu-

105 751 117 788 ι
141 728 368 795 lionemollicii.

141 840 155 880 r
181 821 214 880 ll.
231 817 421 881 imbecillitas
434 817 569 900 corporis
583 834 638 899 per
655 835 748 898 quam
762 817 831 900 quis
845 818 998 904 impotens
1010 819 1081 884 red·

106 931 119 967 ι
141 905 220 970 ditur
232 906 269 968 ad
282 905 495 987 exequendum
513 905 648 968 olllclum
662 907 820 986 pastorale.

144 1017 158 1057 r
175 997 221 1057 lll.
239 995 519 1058 Defectusscientiar
532 995 742 1076 competentis.

143 1085 216 1147 er.
228 1084 338 1146 llalitia
351 1083 457 1165 piebis,
471 1083 512 1145 ob
529 1101 622 1165 quam
637 1081 789 1148 interdum
802 1085 921 1170 cogitur
933 1086 1077 1152 Praelatus

146 1171 181 1236 alt
192 1173 285 1253 ipsius
298 1173 446 1254 regimine
459 1171 622 1234 declinare.

145 1281 160 1319 s
183 1261 218 1323 V.
236 1263 329 1324 Grave
343 1261 519 1324 scandalum
530 1260 612 1341 quod
626 1260 712 1324 aliter
725 1260 823 1326 sedari
837 1279 900 1326 non
913 1271 1021 1346 potest.

143 1370 158 1410 a
187 1352 232 1412 ill.
249 1351 453 1432 irregularitas
467 1368 642 1431 personae...

143 1458 158 1509 p
187 1439 286 1502 cause
303 1440 399 1502 illae...
418 1437 572 1502 sufiiciunt
592 1438 704 1520 pariter
717 1437 755 1502 ad
773 1439 990 1522 resignandum
1005 1441 1079 1508 inle-

106 1552 120 1589 υ
146 1538 238 1590 riores
268 1528 434 1610 Dignitates
469 1533 500 1590 el
533 1526 680 1590 beneficia
712 1536 850 1592 curata...
883 1531 979 1594 Causa
1010 1550 1079 1614 quae

107 1639 122 1676 r
145 1615 254 1679 sufficit
267 1615 305 1680 ad
323 1615 560 1679 renuntiandum
574 1617 785 1698 Episcopatui‚
801 1618 897 1682 multd
912 1619 1010 1703 magis
1022 1621 1079 1685 erit

107 1728 121 1766 n
145 1705 297 1767 sulliciens
311 1705 349 1767 ad
363 1705 579 1787 resignandum
595 1704 719 1768 inlcrius
733 1705 955 1770 beneficium.»

145 1814 160 1851 a
186 1793 363 1872 Huiusmodi
385 1795 484 1857 causis
498 1812 553 1876 pro
573 1793 777 1874 resignatione
797 1793 975 1859 inferiorum
989 1796 1080 1862 bene

110 1905 125 1940 a
145 1879 283 1944 liciorum
293 1883 324 1945 S.
336 1884 408 1945 Pius
421 1883 457 1954 V,
471 1882 502 1944 in
517 1883 572 1944 sua
583 1883 801 1945 Constitutione
813 1883 926 1960 Oronte
937 1885 1081 1950 Ecclesia

106 1993 120 2031 a
146 1978 242 2034 certas
271 1971 343 2034 alias
366 1970 538 2052 adjunxit...
563 1973 689 2053 lusuper
719 1971 747 2033 vi
770 1972 906 2050 ejusdem
933 1973 1081 2044 Constitu-

106 2083 120 2118 υ
145 2060 238 2123 lionis
251 2067 388 2123 vetantur
401 2060 541 2142 Episcopi
560 2058 709 2121 beneficia
728 2060 879 2142 resignata
897 2065 1080 2146 consangui-

106 2174 120 2208 ι)
148 2149 224 2226 nois,
238 2148 381 2212 affinibus
394 2150 439 2211 vel
445 2149 644 2211 familiaribus
654 2148 874 2230 resignantium
884 2149 1077 2216 conferre...»

106 2238 219 2320 Soglia‚
236 2238 338 2300 Instil.
349 2237 418 2319 jur.
429 2237 526 2320 priv„
540 2237 559 2317 ξ
573 2241 623 2300 98.

147 2331 218 2389 tls.
241 2327 362 2398 Quaerit.
377 2330 410 2388 t⁰
423 2327 530 2390 Utrum
545 2331 668 2408 propter
685 2324 752 2388 illas
770 2341 878 2388 omnes
895 2343 1016 2406 causas,
1031 2327 1084 2390 ha

107 2429 184 2480 nens
197 2413 332 2478 officium
345 2423 482 2478 teneatur
496 2415 528 2476 in
542 2415 727 2477 conscientia
742 2413 783 2475 illi
798 2414 997 2478 renuntiare?

148 2507 239 2586 Resp.
255 2505 333 2566 ltard
344 2523 415 2566 eum
426 2503 466 2568 ad
481 2501 512 2566 id
525 2505 622 2566 teneri
637 2503 669 2566 in
683 2503 869 2567 conscientia
881 2509 952 2566 ante
965 2510 1084 2569 senlen-

106 2597 180 2658 tiam
196 2593 367 2676 superioris.

77 2679 85 2690 '
151 2685 183 2746 1ο
192 2685 259 2745 Non
269 2681 431 2746 teneturol
445 2679 680 2744 imbecillitatem
693 2681 822 2764 corporis
830 2697 844 2757 ;
857 2680 920 2746 imd
932 2702 989 2746 nec
998 2702 1085 2766 supc-

107 2771 172 2835 rior
178 2772 217 2834 ob
225 2771 431 2834 hanccausarn
438 2778 533 2854 potest
540 2771 672 2853 aliquem
680 2789 736 2833 sun
744 2770 892 2835 beneficio
900 2773 1026 2854 privare.
1036 2774 1085 2837 Sic

107 2861 194 2923 enim
210 2860 300 2923 babet
310 2879 377 2943 cap.
397 2860 544 2942 Experto
557 2863 588 2935 1,
603 2859 638 2921 dc
655 2859 769 2924 Clerico
783 2869 962 2940 oeprotoatc:
980 2865 1086 2926 «Ciam

108 2971 125 3009 a
153 2950 342 3012 aurasiensis
357 2949 522 3031 Episcopus
531 2949 613 3030 graui
625 2948 732 3010 morbo
746 2955 776 3011 et
789 2950 945 3012 incurabili
957 2950 1019 3014 lere
1033 2970 1087 3034 per

109 3059 126 3097 a
151 3037 386 3119 quadriennium
399 3037 557 3112 laboravit,
569 3037 610 3098 ita
623 3035 706 3118 quod
717 3038 863 3118 pastorale
876 3037 1011 3102 officium
1025 3058 1088 3104 nun

110 3148 126 3186 a
152 3133 250 3208 potest
263 3127 414 3188 ullatenus
431 3143 609 3202 exercerc„
629 3127 708 3188 cives
725 3126 851 3189 ciuitatis
872 3127 1008 3207 ejusdem
1027 3131 1089 3193 tta

110 3238 127 3278 ι
153 3215 305 3298 postulant
318 3215 518 3288 incessanter,
534 3222 568 3277 ut
586 3215 676 3296 ipsis,
690 3216 762 3276 cum
783 3218 824 3278 sis
843 3217 1089 3300 Metropolitanus

110 3327 127 3364 a
153 3321 278 3382 eorum,
294 3303 414 3366 studeas
430 3301 599 3387 providere.
616 3305 748 3375 Verbm,
766 3306 837 3366 cirm
858 3305 958 3388 ipsum
975 3305 1013 3368 ad
1027 3325 1091 3370 ces·

109 3416 127 3454 n
153 3393 272 3456 sionem
286 3394 467 3474 compellere
488 3409 550 3454 non
566 3392 679 3474 possis,
701 3412 757 3456 nec
772 3393 882 3456 debeas
896 3395 958 3458 ullo
978 3394 1086 3468 modo,

110 3508 128 3545 e
154 3499 214 3545 noc
227 3481 339 3544 alliicto
352 3480 474 3546 alilictio
493 3479 632 3543 addenda
645 3480 720 3543 sit...
741 3481 923 3546 mandamus
941 3491 1092 3565 quatenus

109 3595 127 3632 r
153 3571 197 3634 illi
213 3569 419 3651 coadjutorem
432 3568 569 3634 adsocies
585 3569 683 3632 virum
697 3571 856 3653 providum
870 3577 900 3632 et
913 3570 1091 3647 honestum,

110 3682 128 3721 ο
153 3675 317 3741 perquem
327 3659 547 3742 tamllpiscopo
560 3659 653 3740 quam
663 3657 776 3741 populo
782 3659 893 3722 utiliter
906 3661 1089 3722 consulatur.

321 3751 331 3793 ¹
952 3759 974 3810 ⁸
