2546 3992
221 215 240 278 a
404 231 542 278 aeroma
562 231 664 278 rorans
683 231 765 276 soars
785 229 944 314 aauomcr.

66 373 72 390 -.
167 325 168 328 ’
181 331 338 394 nuntiatur
350 327 470 393 nullum
484 345 549 390 esse
562 326 726 390 discrimen
741 327 926 409 Episcopum
945 325 1022 388 inter
1035 331 1067 388 et
1078 343 1157 407 pres·

16 445 51 482 t
88 433 91 436 “
180 417 345 500 byterum:
370 417 414 482 sic
435 417 467 480 in
483 416 579 498 Epist.
604 415 642 478 ed
658 416 761 478 Titum
782 433 873 497 super
896 413 943 477 his
967 413 1066 477 verbis
1091 421 1157 474 cut

16 497 65 600 Ιῑί·
74 537 86 580 ²:
179 528 197 568 u
220 508 377 570 constituas
392 527 448 590 per
459 505 821 588 ciuitatespresdyterosu‚
834 502 955 576 ctc.,ait
966 512 982 564 ι’
994 502 1099 566 aldem
1113 509 1157 564 est

150 589 151 592 ’
179 617 196 656 s
220 616 293 680 ergo
316 597 474 680 presbyter
489 595 542 676 qui
562 600 594 658 et
619 595 804 677 Episcopus3
821 601 851 656 et
864 602 1027 675 antequam
1047 591 1156 655 diaboli

90 719 91 724 κ
180 707 195 746 s
220 686 402 750 instinctu...
422 685 573 748 diceretur
602 683 634 746 in
657 684 795 766 populis:
812 683 879 765 Epo
892 703 955 744 sum
970 681 1073 754 Pauli,
1090 681 1158 762 Epo

89 797 110 848 χ
180 797 195 834 o
221 775 342 857 Apollo,
370 775 435 857 Epo
458 781 555 836 autem
583 771 706 855 Cepis,
728 771 885 835 communi
912 772 1156 854 presbyterorum

16 867 66 948 ist
93 901 94 904 κ
179 885 195 922 s
220 863 346 926 consilio
371 862 510 926 ecclesie
531 861 814 944 gubernabantur...
838 864 928 924 Putat
956 860 1065 942 aliquis
1094 878 1157 923 non

68 967 72 970 ·’
179 974 195 1010 u
221 953 445 1034 Scripturarum
458 999 466 1028 ,
478 949 531 1013 sed
546 958 680 1014 nostram
693 969 759 1012 esse
773 949 1158 1032 sententiam,Episcopum

180 1063 195 1100 u
220 1049 250 1104 et
266 1041 471 1123 presbyterum
485 1061 574 1102 unum
597 1059 691 1102 esse...
711 1039 835 1121 delegat
850 1039 983 1121 Apostoli
997 1037 1034 1101 ad
1049 1038 1157 1119 Philip

179 1149 195 1188 a
220 1148 329 1211 penses
350 1129 439 1192 verba
461 1129 612 1193 dicentis:
640 1128 750 1196 Paulis
777 1135 807 1190 et
830 1128 1032 1191 Timotheus...
1060 1127 1158 1189 omni-

179 1239 195 1278 »
219 1217 458 1282 hassinone...
475 1237 546 1282 cum
561 1217 717 1300 Episcopis
735 1223 767 1280 et
784 1218 945 1294 Diaconis,
960 1224 1057 1279 eto...
1079 1217 1159 1279 sicut

61 1371 62 1376 ,
180 1329 196 1367 o
219 1326 292 1390 ergo
306 1307 473 1390 presbyteri
492 1307 591 1370 sciunt
610 1325 642 1368 se
662 1325 699 1368 ex
720 1306 862 1370 Ecclesiae
874 1305 1112 1380 consuetudine,
1129 1305 1157 1369 ei

179 1417 195 1455 o
219 1397 271 1478 qui
293 1397 349 1460 sibi
372 1398 549 1480 praepositus
572 1396 662 1459 luerit
686 1414 751 1458 esse
774 1396 943 1476 subjectos,
958 1395 999 1458 ita
1018 1396 1156 1478 Epismpi

48 1509 54 1516 ·
179 1508 195 1545 a
222 1487 359 1550 noverint
367 1505 410 1563 se,
418 1487 514 1569 mapis
527 1483 730 1548 consuetudine
743 1486 828 1568 purim
843 1483 1041 1568 dispositionis
1051 1485 1158 1546 Domi-

23 1595 26 1600 ”
62 1605 64 1608 ·
87 1613 89 1618 ,
112 1587 113 1590 ’
179 1597 195 1634 u
219 1576 296 1638 m'cre
310 1575 453 1650 ueritate,
468 1575 652 1658 presbyteris
669 1594 727 1636 esse
744 1575 884 1657 majores,
902 1581 932 1638 at
951 1574 981 1636 in
1000 1576 1159 1638 communi

16 1665 59 1754 'f
180 1684 196 1722 s
221 1663 331 1746 debere
354 1664 520 1726 Ecclesiam
543 1683 666 1745 regere,
684 1664 834 1725 imitentes
852 1665 995 1744 Moysen,
1010 1663 1063 1745 qui
1085 1666 1158 1726 cirrrr

180 1774 195 1810 u
220 1751 345 1814 haberet
357 1752 439 1814 solus
450 1771 578 1833 praeesse
592 1753 705 1834 populo
718 1753 819 1828 lsrael,
836 1755 876 1814 70
889 1751 993 1834 elegit,
1008 1771 1078 1814 cum
1093 1755 1160 1834 qui-

16 1845 19 1852 “
63 1871 66 1884 ·
180 1861 196 1899 u
220 1839 278 1902 bus
291 1840 439 1922 populum
450 1841 609 1920 iudicaret.
625 1864 640 1900 n
658 1841 806 1904 Eamdem
822 1841 988 1903 doctrinam
1003 1842 1034 1904 S.
1050 1841 1159 1904 Hiero-

182 1946 292 2009 nymus
317 1929 451 1992 defendit
477 1929 509 1990 in
532 1931 587 1992 sut
613 1929 652 1992 ad
676 1930 837 2012 Evagrium
864 1929 1000 2011 epistola.
1016 1929 1091 1992 Vide
1104 1949 1157 2012 ap.

180 2017 217 2077 D.
235 2017 345 2095 Bouix,
360 2017 406 2081 lie
418 2019 582 2102 Episcopo,
598 2026 621 2081 t.
638 2023 668 2096 t,
683 2039 714 2100 p.
727 2024 775 2082 Et.

219 2109 309 2190 Resp.
327 2111 358 2170 1⁰
377 2109 499 2170 Certum
521 2116 566 2170 cst
592 2109 623 2171 S.
646 2109 867 2189 Hieronymum
889 2107 969 2170 clare
988 2106 1160 2172 distinxisse

180 2195 259 2258 inter
272 2197 457 2280 Episcopum
471 2203 502 2258 et
514 2197 744 2279 presbyterum:
761 2198 793 2258 in
808 2197 872 2280 ipsa
882 2197 964 2258 enim
979 2197 1103 2278 epistolt
1118 2199 1159 2261 ad

182 2284 353 2366 Evagrium,
364 2287 409 2349 sic
422 2287 481 2348 ait:
498 2308 513 2344 a
528 2285 605 2359 Ouid
624 2287 707 2348 enim
721 2285 808 2362 iacit,
823 2287 944 2368 sucepti
957 2285 1157 2367 ordinatione,

180 2395 195 2433 a
220 2375 388 2457 Episcopus
401 2374 483 2457 quod
498 2375 653 2457 presbyter
676 2393 738 2438 non
761 2375 906 2438 saciati»
924 2375 1057 2456 -Ergo
1072 2374 1160 2454 juxta

181 2463 212 2524 S.
229 2467 405 2540 Ductorem,
426 2463 581 2546 presbyter
598 2483 660 2527 non
682 2469 780 2547 potest
798 2463 895 2528 iacere
916 2462 1158 2544 ordinationem,

181 2550 233 2613 sed
246 2553 328 2615 solus
342 2553 424 2614 illam
435 2572 578 2634 peragere
592 2553 669 2616 valet
679 2553 854 2636 Episcopus.

222 2639 267 2700 nd
281 2659 347 2723 cap.
359 2645 398 2704 26
409 2642 601 2724 EvangeliiS.
613 2641 716 2706 blattb.
728 2643 772 2706 sic
781 2643 870 2706 babet
884 2642 965 2705 idem
979 2644 1011 2706 S.
1027 2644 1157 2708 Ductor:

185 2749 201 2787 a
221 2729 307 2800 Quod
323 2729 459 2794 iecerunt
471 2739 501 2794 et
517 2732 667 2814 Apostoli,
683 2751 737 2814 per
750 2732 885 2814 singulas
898 2731 1065 2814 provincias
1079 2734 1161 2795 ordi·

181 2838 196 2876 s
223 2825 327 2880 nantes
337 2819 562 2902 presbyteroset
574 2821 745 2904 Episcopos.
760 2843 776 2880 n
793 2819 1160 2904 Ergodistinguebatilloa

58 2961 60 2966 .
183 2904 259 2968 duos
273 2907 394 2987 gradus.
415 2909 465 2972 Sic
480 2909 579 2973 adhuc
599 2909 689 2972 babet
707 2909 738 2972 in
758 2911 891 2992 EpistolA
909 2910 947 2972 ad
962 2911 1158 2975 Marcellum:

186 3015 202 3053 n
225 2995 313 3075 Apud
328 3015 383 3059 nos
398 2999 611 3079 Apostolorum
623 2998 724 3062 locum
738 2999 877 3082 Episcopi
892 3005 1006 3062 tenent.
1022 3001 1084 3062 Nec
1097 3000 1161 3064 da·

182 3104 197 3142 o
223 3083 305 3144 burm
319 3085 393 3166 quin
403 3085 489 3148 deta
501 3088 651 3168 Apostolis
660 3106 761 3151 sermo
770 3087 873 3165 sit,de
882 3105 1015 3170 quorum
1024 3088 1161 3155 fontibus

182 3193 197 3231 r
222 3170 362 3236 derivatae
376 3193 462 3256 aquae
475 3175 567 3248 totius
575 3177 683 3240 mundi
692 3177 857 3241 siccitatem
871 3178 981 3260 rigant.
1001 3179 1090 3241 Juxta
1102 3179 1162 3244 has

182 3282 198 3322 a
222 3279 316 3343 aquas
328 3267 368 3325 70
380 3271 540 3326 creverunt
553 3265 671 3346 palmae,
685 3285 761 3348 quos
770 3273 800 3330 ct
812 3265 929 3330 secundi
937 3265 1048 3329 ordinis
1056 3285 1162 3332 sacer·

183 3371 198 3410 r
223 3349 308 3413 dotes
323 3351 518 3434 intelligimus
532 3363 742 3437 praeceptores.
759 3379 774 3416 n

100 3507 113 3532 ,Ι
225 3449 360 3513 Tandem
379 3449 459 3512 idem
474 3453 505 3513 S.
522 3453 632 3514 Ductor
652 3459 737 3516 tenet
754 3453 947 3538 naufragium
961 3454 992 3518 io
1010 3461 1097 3536 portu
1119 3459 1165 3520 ia-

120 3547 139 3570 l
183 3557 274 3617 cere,
289 3539 341 3620 qui
360 3539 480 3602 nullum
497 3538 658 3604 discrimen
677 3550 784 3623 putant
801 3545 988 3608 intercedere
1007 3544 1164 3626 presbyte-

184 3643 253 3691 mm
280 3628 359 3691 iuter
380 3635 411 3689 et
436 3627 631 3712 Episcopum.
650 3630 760 3693 «Nihil
778 3632 920 3712 interest,
935 3633 1054 3710 scribit,
1081 3634 1164 3699 inter
