2570 4006
384 210 388 218 ’
489 239 576 286 amna
592 240 710 286 naturus.
1024 220 1085 284 389

110 341 186 404 alios
212 343 310 421 potest
336 337 368 400 in
395 339 456 400 tott
485 337 618 399 Ecclesit
648 337 806 418 prohibere
840 338 933 400 libms
957 355 1087 419 pravos,

114 428 240 506 proinde
254 428 283 490 id
299 431 396 510 potest
409 445 463 508 per
477 426 747 507 congregationem
762 426 882 488 Indicis.

152 523 185 580 2⁰
207 515 306 578 Voluit
320 518 351 579 S.
368 514 504 578 Pontifex
517 515 747 596 Congregationi
760 514 871 577 indicis
884 514 1020 578 conterre
1034 534 1089 598 po·

112 611 249 669 testatem
263 603 441 687 prohibendi
457 621 563 685 pravos
578 603 668 664 libros
683 602 714 664 in
728 607 791 666 tott
803 601 940 666 Ecclesia
955 623 964 664 ι
979 603 1090 666 adhoc

113 695 198 758 enim
212 694 344 756 instituta
362 692 418 755 luit
438 693 521 754 bSS.
538 691 736 754 Pontificibus
758 692 823 754 baec
841 692 1039 773 congregatio
1057 699 1091 754 ut

16 806 19 810 ·
115 784 207 845 libros
224 783 392 856 examinet,
412 799 546 866 eosque,
569 780 601 842 in
624 780 735 863 quibus
757 780 952 843 inveniuntur
974 798 1090 842 errores

115 880 221 936 contra
249 870 340 932 lrdem
360 869 406 932 vel
434 869 530 932 bonos
550 887 671 946 morea,
695 868 819 932 damnet
845 887 901 950 pro
931 865 1088 931 universali

116 960 267 1035 Ecclesia,
279 960 364 1040 prius
377 965 480 1020 tamen
496 957 635 1021 consulto
644 965 674 1022 et
687 959 872 1042 approbante
882 958 1090 1020 Sanctissimo.

117 1047 150 1128 ld
174 1053 344 1126 constater
369 1047 454 1110 bulla
476 1047 619 1109 lmmensu
639 1047 711 1109 stru
734 1049 828 1120 V,1at
850 1045 979 1110 lormulb
1001 1045 1119 1108 modo·
1174 1127 1179 1134 ι
1220 1099 1224 1106 .

117 1136 210 1200 relatt
225 1137 342 1216 titt)...

162 1248 178 1282 «
241 1223 534 1307 Cependantiln’est
546 1243 600 1308 pas
615 1241 694 1300 rare,
710 1211 809 1307 inquit
821 1227 858 1286 D.
873 1224 976 1286 Andre
989 1223 1094 1304 (Coum
1172 1260 1182 1276 ι
1260 1303 1261 1316 ¹

118 1333 133 1374 u
159 1313 194 1376 de
207 1313 287 1375 droit
300 1333 401 1389 conon,
417 1326 448 1375 v⁰
462 1313 579 1391 ludeo),
592 1311 630 1374 de
642 1321 763 1376 trouver
777 1331 814 1376 en
828 1314 944 1376 Franco
957 1312 1012 1374 des
1024 1332 1093 1394 per·

120 1425 135 1462 n
161 1420 292 1480 sennes,
307 1404 379 1466 bien
393 1402 615 1465 intentionntes
628 1401 670 1464 du
682 1407 777 1480 resta,
797 1401 850 1463 des
866 1403 981 1483 pretres
994 1405 1094 1464 meme
1149 1427 1151 1432 ’

119 1513 134 1551 u
161 1491 313 1564 instruits,
329 1492 381 1574 qui
396 1489 556 1574 regardeut
578 1491 622 1553 les
640 1508 782 1553 censuras
805 1497 835 1553 et
848 1490 891 1552 les
906 1488 1044 1551 delenses
1056 1489 1095 1552 de

121 1603 136 1640 o
161 1579 190 1642 la
204 1581 424 1662 congregation
438 1580 477 1642 de
490 1580 641 1643 l'lndex...
657 1597 776 1642 comme
795 1579 979 1661 n'obligeant
989 1597 1043 1661 pas
1056 1581 1095 1642 eb

100 1691 147 1742 ,n
161 1669 358 1742 conscience,
373 1688 445 1732 sous
457 1669 487 1732 le
500 1670 641 1752 specieux
656 1670 788 1752 pre'texte
799 1687 862 1752 que
875 1669 919 1732 les
932 1667 1049 1731 decreta
1058 1667 1096 1730 de

122 1781 137 1817 n
154 1756 273 1839 l'lndex
283 1777 322 1820 ne
336 1765 464 1841 sontpas
476 1777 563 1834 aecus
577 1777 616 1821 en
628 1760 759 1834 Franoe3
771 1775 891 1821 comme
905 1757 969 1820 sila
980 1757 1096 1834 Franco

123 1869 138 1906 n
164 1865 203 1909 ne
217 1846 313 1908 laisait
322 1865 375 1928 pas
385 1849 479 1929 partie
492 1847 530 1910 de
539 1848 568 1910 la
578 1846 932 1931 lte'publlqueclurltienne
945 1852 976 1910 et
987 1846 1097 1928 qu'elle

124 1959 138 1992 n
165 1937 216 1996 eut
238 1934 265 1998 le
292 1935 434 2024 privilege
454 1935 492 1998 de
516 1937 661 2017 mepriser
679 1935 723 1998 les
741 1934 879 1997 de'fenses
899 1935 941 1998 du
960 1933 1036 1996 Chel
1050 1953 1098 1998 su·

124 2047 139 2082 n
165 2023 314 2105 prtmede
324 2023 453 2105 lagine,
469 2024 559 2087 delui
569 2023 791 2088 desobeirdans
805 2024 860 2085 des
874 2023 980 2086 choses
994 2041 1097 2105 graves

125 2135 139 2172 »
165 2119 195 2173 et
215 2111 254 2174 de
273 2112 301 2176 la
324 2113 392 2194 plus
410 2112 500 2175 haute
522 2114 729 2194 importance,
746 2112 875 2194 puisque
889 2110 927 2175 de
943 2111 972 2173 la
984 2111 1098 2176 lectura

126 2224 140 2258 n
166 2200 238 2263 d'un
253 2201 325 2263 livre
340 2208 413 2283 peut
425 2201 578 2282 de‘pendre
590 2201 619 2263 la
633 2208 715 2282 perte
729 2200 767 2262 de
781 2201 809 2261 la
819 2199 899 2263 foi...

166 2311 181 2348 n
206 2291 288 2352 Nous
312 2309 350 2352 ne
373 2289 613 2372 comprendrons
629 2289 737 2369 jamnis
756 2295 911 2352 comment
929 2289 1101 2355 des-catho-

127 2402 142 2438 n
168 2378 275 2460 liques
292 2380 342 2460 qui
358 2378 479 2440 doivent
488 2380 551 2441 voir
564 2377 640 2442 dans
653 2378 719 2442 leS.
729 2377 847 2440 Pontile
858 2377 887 2440 le
897 2378 1019 2442 Parada
1032 2385 1100 2444 tous

127 2490 142 2526 n
168 2467 212 2530 les
225 2466 432 2544 chretiens...,
447 2467 475 2531 le
488 2468 606 2531 Vicairc
617 2467 655 2530 de
668 2467 789 2544 J.-c...,
803 2485 836 2530 so
850 2466 966 2534 croient
977 2468 1100 2550 dispen-

127 2581 142 2617 ι)
169 2557 216 2618 ses
236 2555 274 2619 de
294 2556 336 2618 lui
354 2555 439 2620 obeir
458 2563 489 2619 et
509 2557 626 2620 croient
638 2555 763 2638 pouvoir
776 2555 923 2638 mepriser
936 2575 985 2620 ses
997 2557 1101 2621 ordres

129 2669 144 2704 n
169 2663 210 2708 on
223 2663 271 2707 ses
284 2645 458 2708 dolenses..
474 2667 490 2706 a

169 2737 239 2796 731.
263 2733 373 2797 Dicunt
382 2734 506 2816 quidem
515 2733 595 2797 banc
608 2735 776 2798 libertatem
798 2735 830 2798 in
841 2735 966 2800 Galliam
978 2753 1103 2802 consue-

130 2823 234 2886 tudine
248 2821 338 2885 luisse
352 2823 666 2886 introductam-Sed
676 2823 1098 2905 respondeturnullbconsue·

29 2911 30 2973 ζ
129 2911 235 2975 tudine
250 2910 381 2991 legitime
395 2929 482 2991 posse
502 2911 651 2975 introduci
671 2911 843 2976 facultatem
863 2932 926 2976 non
944 2913 1101 2978 obediendi

31 3023 32 3030 ¹
130 2997 299 3062 auctoritati
318 2999 499 3081 competenti
515 3005 544 3061 et
566 3002 661 3062 alteo
678 3001 831 3065 institute.
846 3004 913 3068 Hoc
931 3005 1014 3068 enim
1026 3011 1100 3067 esset

131 3087 244 3238 {abusus
257 3087 379 3238 ενέιῖηε
392 3093 423 3150 et
436 3088 605 3171 corruptela
618 3107 687 3171 quae
702 3089 786 3152 nulla
798 3093 1016 3156 consuetudine
1031 3093 1104 3177 legi·

146 3195 232 3238 mian
246 3193 286 3258 po
317 3195 331 3238 s
347 3223 353 3236 .

174 3268 250 3327 Nota
279 3264 402 3348 insuper
427 3265 511 3348 quod
536 3265 568 3328 in
594 3265 827 3350 raimpressionc
852 3269 983 3348 Indicis,
1013 3274 1107 3337 Bene·

134 3355 206 3418 drot.
221 3355 286 3416 xlv
309 3353 482 3433 hujusmodi
504 3356 775 3435 consuetudinem,
797 3359 893 3422 sicubi
912 3366 1015 3424 tamen
1037 3363 1107 3444 logi·

135 3442 207 3504 time
221 3443 320 3524 vigere
335 3444 481 3526 potuerit,
493 3463 548 3527 per
560 3453 737 3528 sequanum
751 3446 917 3511 clausulam
927 3449 1106 3514 aboleverit:

140 3553 156 3590 u
176 3529 244 3594 Nou
256 3531 475 3596 obstantibus...
495 3537 718 3617 quibuscumque
739 3537 869 3608 statutio,
887 3537 1025 3608 decretio,
1046 3539 1109 3599 uai-

136 3621 152 3676 iv
170 3612 655 3684 tar...uennuultnttunum
666 3622 1108 3706 immmortalituuuuruqau

927 3718 1010 3788 ll*

1025 3899 1106 3909 -.,-.-.ι-
