2588 3994
475 189 699 237 rnooscousm.
1038 179 1077 240 85

137 313 154 350 s
175 293 269 354 Juxta
281 288 361 351 hanc
374 287 616 364 distinctionem,
632 290 656 351 si
671 288 855 370 postulatum
870 289 908 352 ab
928 291 1080 374 Episcopo

100 403 114 440 s
138 381 183 443 vel
205 379 342 442 Paracho
357 377 465 454 suerit,
480 385 513 440 ut
527 380 620 460 possit
645 378 708 440 sveri
730 381 957 444 matrimonium
976 399 1079 444 coram

101 494 114 530 s
137 471 215 533 'litio
234 468 412 544 sacerdote,
432 474 462 529 et
479 467 671 529 contrahatur
689 486 792 529 coram
806 467 886 532 dicto
904 471 997 538 Titio,
1014 476 1080 551 post

100 583 115 618 s
137 579 314 630 mneesscm,
324 556 377 620 sed
392 556 616 638 antecognitum
632 557 796 630 licentiam,
807 557 915 620 valebit
929 560 1081 622 matrimo-

100 672 115 709 ι
139 651 226 712 nium
242 649 268 710 si
281 645 378 709 'lilius
393 646 457 728 ipse
481 644 632 706 licentiam
644 665 697 728 per
710 664 743 706 se
761 645 806 708 vel
823 647 963 727 percitos
978 654 1081 729 postu·

101 763 115 798 s
138 738 263 806 laverit,
293 753 403 808 secus,
426 753 488 797 non
505 734 624 796 valebit,
648 757 663 794 u
689 733 776 816 (Vide
796 733 966 812 lteiffenst.,
982 737 1034 800 lib.
1045 741 1077 813 5,

100 831 143 891 tit.
153 831 206 902 33,
222 835 256 887 u⁰
271 830 338 904 42.)

140 921 212 980 l65.
236 915 359 988 Ouaerit
373 917 405 975 6ο
420 912 569 986 Quidnam
579 917 719 995 operetur
733 914 886 976 innovatio
901 933 954 977 seu
969 915 1080 978 confrr-

103 1008 194 1084 matio
208 999 463 1089 privilegiorum?
517 1015 522 1022 ·
616 1011 619 1017 '
733 1061 738 1068 .

138 1099 239 1178 llesp‘
258 1092 379 1174 Duplici
406 1091 498 1154 modo
515 1090 688 1153 conlirmari
711 1101 839 1174 possunt
852 1093 1007 1176 privilegia
1026 1115 1033 1155 :
1050 1094 1082 1157 in

101 1185 197 1270 [amad
212 1181 378 1256 communi,
394 1180 439 1242 vel
455 1183 485 1242 in
499 1180 596 1261 formai
608 1181 743 1262 speciali,
760 1201 789 1244 v.
809 1203 840 1264 g.
856 1183 881 1244 si
896 1182 1027 1244 dicatur:
1044 1204 1082 1245 ec

100 1274 180 1350 cea-td
194 1271 322 1344 suentid
335 1271 380 1334 vel
395 1289 451 1332 aon
466 1269 595 1334 obstacle
608 1269 669 1351 lege
683 1270 921 1333 etcoesuetudine
930 1271 962 1331 in
971 1280 1084 1333 contra-

80 1375 83 1381 ’
101 1367 201 1438 raum,
218 1363 265 1426 vel
281 1363 431 1423 inseratur
444 1366 530 1422 tenor
544 1359 634 1421 totius
652 1359 797 1442 privilegii
813 1367 864 1422 aut
879 1361 1082 1422 instrumenti.

103 1454 268 1534 (Ferraria,
283 1461 314 1511 v⁰
330 1449 538 1530 priuilegium,
556 1453 612 1510 ort.
629 1453 668 1525 2,
685 1457 729 1510 η’·
744 1453 762 1511 6
777 1455 807 1511 et
819 1453 879 1528 35,
894 1450 975 1530 etc).

142 1540 344 1605 continuatio
357 1538 389 1600 in
406 1539 501 1600 tonna
510 1537 665 1600 communi
676 1537 822 1617 adhibita,
831 1538 950 1602 roborat
960 1539 1083 1621 quidem

102 1631 309 1717 privilegium,
325 1626 529 1710 sedqualehtc
543 1633 572 1688 ct
586 1644 669 1689 nunc
682 1629 796 1704 existit3
809 1627 890 1690 unde
904 1629 928 1690 si
944 1629 1032 1691 luerit
1046 1629 1084 1692 ab

103 1723 192 1786 initio
206 1718 392 1789 invalidum,
412 1717 458 1778 vel
481 1715 579 1778 volere
599 1715 734 1793 desierit,
750 1735 804 1798 per
819 1716 990 1796 hujusmodi
1010 1737 1083 1781 con-

102 1809 327 1880 firmationem,
339 1806 510 1868 nullatenus
529 1805 685 1868 reviviscit.
697 1807 810 1887 Estque
820 1805 850 1868 id
862 1816 945 1870 extra
959 1827 1084 1870 omnem

103 1898 343 1964 controversiam
358 1894 438 1977 apud
453 1897 605 1956 Doctores.

148 1989 243 2050 Aliter
258 2004 306 2048 res
318 2004 350 2048 se
364 1985 454 2047 habet
468 1983 492 2045 si
507 1983 697 2046 conlirmotio
713 1985 764 2046 liat
774 1985 805 2046 in
819 1985 917 2066 sormd
930 1988 1084 2070 specificat:

106 2098 163 2163 per
177 2077 260 2140 illam
272 2074 460 2157 privilegium
471 2072 602 2135 validum
611 2073 755 2146 redditur,
763 2074 879 2135 etiamsi
887 2075 1086 2138 valeredesic·

106 2170 155 2232 rit.
165 2163 746 2248 AEquivatetergonoveeconcessioni,et
754 2163 1086 2244 suppletomnesdelec

105 2267 156 2322 tus
168 2261 224 2340 qui
248 2253 382 2336 suppleri
406 2259 532 2334 possunt
550 2253 674 2334 (Bouix,
689 2251 724 2314 de
744 2251 866 2333 Itegul„
886 2259 909 2316 t.
925 2256 960 2329 2,
976 2274 1006 2335 p.
1023 2259 1085 2334 781.

108 2351 222 2412 suarez
234 2353 335 2407 tamen
345 2341 463 2404 videtur
473 2341 592 2422 exigere
601 2341 680 2404 lianc
688 2342 865 2418 clausulam,
876 2361 936 2404 non
951 2343 1086 2406 obstante

110 2437 248 2518 falsitate
267 2440 319 2495 aut
338 2430 522 2512 subreptione
545 2430 575 2492 in
596 2449 667 2494 casu
685 2449 747 2513 quo
765 2431 954 2513 privilegium
977 2431 1031 2494 luit
1048 2433 1087 2495 ab

111 2527 197 2588 initio
222 2523 360 2597 nullum,
382 2521 454 2602 quia
475 2517 665 2583 confirmatio
685 2529 730 2584 ost
747 2521 786 2581 de
804 2521 965 2604 privilegiis
984 2528 1085 2588 revera

109 2615 279 2685 concessis,
288 2611 377 2694 quale
391 2627 453 2672 non
467 2615 512 2670 est
525 2609 715 2691 privilegium
725 2611 757 2672 in
773 2609 930 2693 hypothesi
945 2611 990 2695 (de
998 2612 1084 2697 Lep,

110 2705 162 2767 lib.
179 2708 221 2780 8,
235 2720 303 2784 cap.
320 2704 377 2776 19,
395 2710 428 2760 n⁰
441 2701 483 2775 3).

149 2797 222 2857 166.
246 2791 368 2864 Quaerit.
389 2793 423 2850 1·
435 2790 543 2852 Utrum
563 2787 767 2870 privilegiatus
788 2808 845 2854 suo
866 2793 1022 2875 privilegio
1044 2799 1084 2860 uti

110 2881 270 2948 dueatur?

149 2976 243 3054 Resp.
263 2993 279 3028 α
296 2971 363 3031 Non
377 2975 506 3044 torietur,
527 2967 704 3050 regulariter
719 2967 886 3050 loquendo,
900 2973 943 3034 uti
967 2974 1085 3056 privile·

110 3089 127 3126 s
150 3063 214 3146 giu.
235 3059 309 3142 Καρ.
318 3057 387 3140 jur.
403 3061 439 3120 61
461 3057 491 3119 in
506 3060 549 3120 6⁰.
575 3055 633 3119 Sed
653 3057 863 3140 excipiendum
882 3068 925 3123 est
941 3065 971 3124 1ο
985 3065 1010 3125 si
1025 3083 1086 3129 non

111 3177 126 3214 a
151 3149 267 3215 nmndo
294 3165 384 3230 grave
405 3146 553 3209 damnum
575 3147 714 3228 proximo
732 3146 877 3211 interret:
906 3149 964 3214 hoc
985 3160 1086 3218 umen

113 3265 127 3302 s
151 3240 307 3320 intellige,
328 3237 354 3298 si
371 3255 426 3318 per
446 3256 475 3299 se
498 3254 561 3298 nou
581 3237 651 3298 vero
677 3246 917 3319 consequenter:
937 3260 985 3304 ex.
1010 3263 1038 3306 c.
1062 3247 1087 3307 si
1201 3283 1205 3290 ·

115 3355 128 3390 a
152 3327 361 3392 Confessarius
386 3325 494 3388 habeat
514 3325 703 3408 privilegium
727 3327 899 3390 absolvendi
927 3331 1088 3412 lpeccatis

115 3445 129 3479 a
153 3418 326 3491 reservatis,
344 3421 410 3497 post
423 3415 556 3478 auditam
569 3414 1085 3485 contessionem,tenetureouti....

115 3533 130 3567 s
153 3513 185 3571 2·
198 3508 229 3570 Si
245 3504 436 3589 privilegium
446 3503 569 3568 cedatin
584 3504 700 3567 bonum
711 3523 875 3569 commune
888 3506 1088 3587 quemadmo-

115 3621 130 3656 s
153 3597 228 3662 dum
254 3601 302 3660 est
323 3591 515 3677 privilegium
541 3593 763 3671 immunitatis,
790 3611 853 3674 quo
879 3595 1089 3672 unusquisque
