2506 3984
473 261 559 306 11111
580 263 697 310 rernm.
1008 248 1068 310 685

95 359 274 440 iurisdictio,
285 360 310 422 si
325 378 386 422 nna
395 365 426 421 et
438 358 545 422 eadem
559 359 597 421 sit
610 379 646 422 ac
660 359 818 443 ipsiusmet
830 361 970 443 Episcopi
982 409 991 438 ,
1002 381 1071 444 quae

98 447 249 511 ordinaria
267 448 471 512 indubitanter
489 454 545 510 est.
566 448 658 530 Atqui
680 447 818 511 eamdem
836 467 902 514 csse
914 450 1073 532 utriusque

96 537 335 620 iurisdictionem
349 543 467 600 constat
479 557 517 602 ex
530 537 618 600 variis
631 536 877 620 dispositionibus
888 539 966 617 juris
979 558 1071 602 cano-

99 625 175 700 nici,
190 625 327 689 videlieet
346 645 383 689 ex
397 644 465 708 oap.
481 626 612 688 Romana
626 630 661 701 3,
679 625 732 688 lib.
745 629 781 702 1,
794 627 840 689 111.
858 628 957 704 16,11
981 632 1024 704 61,
1040 629 1071 690 11

29 799 31 802 ¹
98 735 160 798 quo
175 714 283 779 dicitur
301 733 362 778 non
389 733 455 778 esse
472 715 510 778 ab
523 715 706 778 officialibus
724 713 761 778 ad
781 715 946 798 Episcopos
967 733 1071 779 eorum

99 804 324 888 appellandum,
336 805 374 867 ed
386 804 470 886 qudd
483 825 573 866 unam
581 812 610 866 et
623 803 701 866 idern
714 804 917 867 consistorium
925 805 984 868 aire
992 805 1073 866 cadi-

103 895 209 956 toriam
221 893 263 955 ait
277 893 463 970 censendam,
484 901 514 955 et
533 913 570 956 aa
587 892 625 955 ab
637 893 742 956 eisdem
756 893 797 957 ad
807 893 912 977 serpsm
926 893 1072 976 iatmpraa'

99 982 261 1066 appellatio
274 981 428 1059 uideatur,·
440 989 470 1044 et
483 1001 520 1044 ex
529 1001 595 1064 cap.
612 982 824 1065 Neaputamas
833 983 972 1066 superius
981 983 1072 1045 relato

138 1165 170 1224 2⁰
192 1162 314 1224 Certum
327 1167 372 1223 est
380 1159 445 1222 dari
461 1161 694 1242 appeliationem
708 1162 725 1223 i
738 1160 876 1242 delegato
887 1160 925 1223 ad
934 1161 1072 1243 delegan-

100 1257 180 1326 tem,
196 1257 230 1312 ut
243 1256 324 1332 patet
337 1267 373 1312 ox
388 1249 527 1331 capitulis
540 1253 576 1310 17
590 1295 598 1325 ,
614 1253 668 1318 28.
686 1256 708 1310 t.
724 1253 783 1325 19,
806 1250 858 1310 lib.
876 1254 889 1311 1
908 1251 1070 1330 Demetai,

100 1345 131 1401 et
143 1338 182 1401 ab
195 1339 338 1402 omnibus
351 1337 527 1400 conceditur
538 1359 546 1414 ;
558 1339 648 1419 porro
658 1357 720 1400 non
734 1338 836 1400 minbs
849 1346 964 1400 certum
978 1347 1023 1401 esi
1036 1359 1070 1405 ex

97 1429 165 1508 Jure
179 1435 209 1490 et
224 1427 307 1509 praxi
323 1445 385 1490 non
399 1427 463 1490 dari
478 1427 708 1509 appeliationem
719 1429 738 1490 'a
751 1427 870 1489 Vieario
884 1428 1020 1490 Generaii
1034 1428 1072 1490 ad

100 1517 195 1600 ipsius
219 1517 424 1599 Episcopum,
453 1517 485 1578 cd
510 1515 588 1596 quial
607 1515 683 1577 idem
710 1516 752 1578 sit
778 1515 968 1577 auditorium.
992 1519 1072 1598 Ergo

100 1607 237 1669 Vicarius
250 1605 404 1668 Generalis
418 1623 480 1666 non
495 1612 540 1667 est
554 1603 718 1686 delegatus.
734 1607 832 1687 Ergo,
847 1612 904 1667 etc.

139 1699 170 1758 3·
184 1697 228 1757 ihr
242 1695 344 1756 multis
357 1693 561 1756 decisionibus
575 1697 608 1756 S.
623 1697 733 1775 Congr.
751 1693 865 1756 Concil.
881 1701 996 1756 constat
1011 1713 1072 1756 ma-

101 1784 277 1846 trimonium
299 1782 395 1846 valide
415 1783 551 1846 contrahi
575 1801 678 1846 eoram
699 1783 818 1846 Vicario
845 1782 1000 1860 Generali,
1026 1785 1071 1846 vei

102 1871 253 1934 sacerdote
267 1871 305 1934 ab
319 1873 384 1954 ipso
397 1871 550 1956 delegato,
570 1872 624 1934 etsi
639 1871 862 1953 delegationem
882 1889 943 1934 non
957 1870 1071 1935 dederit

102 1961 267 2043 Episcopus
286 1960 333 2022 vei
347 1961 513 2042 parochus,
528 1961 590 2022 imb
604 1961 658 2022 etsi
678 1960 887 2042 prohibuerint
900 1959 1070 2040 hujusmodi

85 2050 326 2113 'hiatrimonium
351 2050 420 2111 :ita
441 2050 472 2110 11
493 2049 653 2110 Sauoncnsi
666 2096 674 2124 ,
699 2053 717 2110 1
745 2050 843 2110 mantii
876 2051 970 2126 1696;
1001 2050 1071 2111 item

101 2143 140 2202 16
166 2157 216 2220 ap.
245 2138 393 2208 1719,11
415 2141 505 2200 causa
527 2136 685 2207 tuitiensi,
712 2141 748 2199 17
772 2155 842 2218 aug.
864 2141 952 2199 1776.
981 2141 1070 2220 Atqui

103 2227 217 2289 concii.
232 2225 314 2287 Trid.
331 2226 415 2302 (sess.
431 2229 489 2302 11,
504 2243 570 2307 cap.
587 2229 622 2302 i,
645 2224 680 2286 de
695 2223 818 2306 resana.
833 2226 940 2306 matr.)
956 2225 1072 2289 irritum

102 2315 261 2378 declaravit
274 2314 512 2391 matrimonium,
528 2314 613 2375 aliter
626 2313 735 2375 initum
747 2313 835 2394 quim
844 2360 854 2388 ,
863 2322 1071 2396 [1111111111-

103 2405 188 2466 roclo
202 2403 248 2466 acl
271 2401 332 2464 olio
351 2401 512 2476 sacerdota,
527 2401 562 2464 de
584 2402 676 2484 ipsius
690 2401 812 2483 parochi
820 2449 829 2477 ,
854 2421 903 2464 sea
917 2402 1073 2466 ordinarii

103 2491 233 2556 licentiat.
245 2494 325 2573 Ergo
339 2491 535 2573 congregatio
548 2490 672 2552 Concilii
693 2491 863 2554 necessario
880 2490 970 2554 habet
988 2494 1072 2556 Vica-

103 2583 182 2646 rium
196 2581 369 2664 generalem
383 2597 448 2642 esse
463 2579 665 2643 ordinarium.
681 2580 778 2661 Ergo,
790 2587 848 2642 etc.
865 2578 951 2658 (Vide
965 2581 1070 2660 Bonis,

105 2673 147 2734 De
160 2670 274 2748 ludia,
288 2669 415 2752 1.,366).

144 2765 232 2822 1117.
255 2761 299 2822 lta
312 2758 401 2820 etiam
419 2763 450 2820 et
467 2759 564 2820 Rota:
585 2759 648 2819 aln
664 2756 713 2820 his
731 2775 800 2838 quae
813 2758 936 2820 veniunt
950 2759 1006 2820 sub
1020 2779 1071 2840 ge-

105 2873 122 2916 n
145 2847 237 2910 nerali
260 2846 420 2922 mandato,
436 2845 571 2908 Vioarius
589 2846 672 2907 venit
692 2845 891 2927 appellatione
904 2846 1070 2912 Ordinarii:

105 2960 120 2997 1
144 2941 345 3000 secusautam
359 2933 390 2996 in
404 2933 533 3015 hisquae
553 2951 615 2996 non
636 2935 846 3012 continentur,
871 2936 942 3017 quia
964 2935 994 2997 in
1015 2937 1071 3000 iliis

105 3049 120 3087 a
144 3033 189 3088 est
201 3025 393 3106 delegatas.»
411 3021 511 3102 (ibid.)

144 3115 228 3179 Circa
250 3112 332 3194 quod
353 3112 498 3176 Analecta
510 3111 577 3193 jar.
593 3110 707 3193 pontis.
728 3111 788 3191 (27⁸
812 3111 965 3188 livr.,col.
981 3117 1068 3194 661),

105 3205 263 3270 observant
285 3220 347 3264 non
370 3201 469 3264 soihm
492 3219 557 3263 esse
579 3199 763 3263 ordinariam
790 3201 898 3264 vicarii
920 3204 1073 3266 Generalis

102 3291 359 3375 iurisdictionem,
374 3289 474 3371 quoad
486 3308 520 3352 aa
534 3307 602 3370 quae
616 3289 672 3370 ipsi
687 3289 864 3370 generaliter
877 3293 894 3353 b
905 3291 973 3369 jure
988 3311 1070 3354 com<

105 3390 231 3466 petunt,
247 3379 300 3442 sed
313 3379 511 3440 verisimiliter
532 3378 622 3440 etiarn
640 3395 706 3440 esse
723 3377 904 3440 ordinariam
925 3379 1024 3460 quoad
1037 3400 1071 3444 ea

106 3491 174 3556 quae
187 3468 315 3552 speciale
332 3465 507 3530 mandatum
528 3467 702 3549 requirunt,
718 3465 743 3529 si
764 3467 887 3528 insimul
900 3485 971 3528 oum
984 3467 1073 3530 Vica-

86 3563 183 3636 ¹riatu
203 3559 232 3623 ei
255 3557 418 3622 commissa
440 3555 583 3632 luerunt3
607 3555 687 3628 imd,
718 3555 871 3638 probabile
898 3555 1002 3617 saitem
1029 3565 1075 3620 est

107 3667 171 3710 asse
185 3645 378 3720 ordinariam,
394 3644 510 3706 etiamsi
527 3643 582 3706 ista
601 3648 703 3726 postea
720 3643 747 3705 ei
761 3643 1000 3720 committantur,
1016 3645 1072 3706 nisi

903 3735 954 3806 17·
