2578 4008
498 285 584 332 rrara
605 288 724 336 rnruus.
1049 287 1102 348 321

166 377 282 441 Pariter
298 385 477 461 reputantur
494 382 525 442 in
537 383 605 462 jure
623 403 752 447 excessus
772 403 879 448 omnes
895 384 938 447 illi
953 391 1038 450 actara
1052 403 1107 467 per

128 485 208 550 quos
223 469 355 531 indebite
369 470 592 552 restringuntur
602 472 754 555 privilegia
767 479 991 556 exemplorum.

168 555 243 620 Vide
258 558 347 621 etiam
363 558 530 634 Reiffenst„
547 560 598 622 lib.
615 567 644 636 5,
661 563 706 625 tit.
723 567 772 641 3l‚
791 563 830 625 nr.
844 567 910 626 2-6.

166 649 238 709 oro.
255 647 377 721 Quaerit.
398 651 430 710 2⁰
449 651 522 721 Quae
540 649 673 714 remedia
691 652 838 716 canonica
856 648 985 714 subditis
997 670 1105 734 suppo

30 783 32 787 a
126 739 190 798 lant
205 735 348 800 adversus
361 737 558 801 Praelatorum
572 741 737 804 excessus?

166 825 346 908 ltcsprndeo
357 845 429 890 cum
439 829 581 909 Lequeux
589 831 850 912 (nrlsltquatuor
860 849 949 913 posse
958 827 1102 892 indicari:

168 917 200 976 l·
214 913 479 997 Supplicctr'onem,
488 935 543 980 seu
553 917 699 982 humilem
713 920 1012 1002 representationem
1025 918 1104 982 exhi·
1217 993 1220 1002 Ι

126 999 221 1064 bitem
233 1004 292 1082 ipsi
299 1003 458 1088 Superiori
469 1006 630 1082 excedenti,
643 1015 677 1070 ut
686 1027 718 1070 rc
728 1009 849 1090 cognita
859 1008 940 1071 aliud
949 1008 1101 1071 decernat.

126 1091 222 1172 Leges
233 1094 565 1157 romanaeinsinuabant
574 1096 656 1178 qudd
668 1103 782 1179 peteret
792 1097 958 1160 recursusd
970 1097 1105 1179 pm'ncr'pe

125 1179 203 1241 mole
228 1182 390 1263 informato
416 1181 457 1245 od
474 1184 638 1266 principem
659 1185 763 1247 mellico
787 1185 1000 1266 informatum,
1022 1192 1052 1247 et
1072 1193 1105 1248 ut

126 1269 290 1349 dicebant,
305 1272 344 1334 ab
358 1272 533 1336 rllccondro
552 1273 713 1336 domnr'ente
730 1274 771 1336 cd
788 1274 972 1356 or'pilontcm.
989 1277 1022 1335 ln
1038 1293 1098 1336 mo·

126 1361 284 1422 numentis
303 1361 512 1425 ecclesiasticis
530 1361 588 1425 hoc
608 1363 708 1445 ipsum
727 1363 840 1446 pluries
862 1363 1102 1426 commendatur.
1184 1411 1187 1418 .
1247 1413 1253 1424 .

131 1469 147 1508 o
170 1451 342 1531 Apostolioa
356 1451 460 1523 Sedes,
471 1451 512 1513 ait
522 1452 553 1513 S.
567 1451 736 1515 Bernardus
746 1453 844 1535 (epist.
858 1454 938 1529 lm),
950 1450 1105 1514 hochabet

127 1559 143 1602 r
168 1540 357 1623 precipuum
372 1547 481 1603 utnon
496 1539 594 1623 pigeat
611 1548 772 1605 retractare
786 1541 867 1624 qudd
882 1543 900 1604 ia
916 1559 948 1604 se
962 1541 1037 1602 sorte
1051 1539 1103 1602 dc·

126 1650 143 1688 a
171 1629 363 1713 prehenderit
384 1629 490 1693 fraude
513 1631 658 1694 elicitum.
683 1655 699 1692 n
726 1632 820 1715 Igitur
843 1631 868 1694 si
891 1649 939 1693 res
959 1629 1011 1693 liat
1033 1648 1104 1692 eum

127 1723 228 1787 debita
243 1721 427 1796 reverentia,
443 1739 541 1802 eoque
560 1719 621 1783 fine
639 1729 673 1784 ut
693 1722 821 1784 rationes
839 1723 923 1804 pruls
944 1719 1104 1800 incognitae

127 1813 338 1886 adducentur,
360 1809 472 1873 utiliter
490 1809 542 1872 det
561 1811 618 1873 ista
639 1811 823 1874 reclamatio.
847 1813 886 1871 lt
904 1811 975 1872 vero
998 1810 1104 1872 meritd

128 1903 161 1965 S.
177 1900 270 1964 Sedes
287 1899 383 1978 rejicit
401 1917 507 1962 corum
530 1900 784 1982 expostulationes
802 1907 959 1962 auctorum
974 1917 1104 1980 quorum

129 1991 197 2056 iibri
215 1991 397 2052 damnantur
411 1991 448 2051 cd
467 1988 550 2070 qudd
567 1988 678 2051 laedant
696 2007 801 2052 sanam
820 1989 988 2051 doctrinam
1004 1995 1034 2050 et
1052 1987 1104 2070 qui

129 2086 300 2162 queruntur
327 2096 359 2140 se
380 2095 441 2140 non
461 2077 553 2140 luisse
573 2078 701 2140 auditos.
722 2080 790 2140 Non
809 2077 893 2140 enim
914 2077 989 2140 tales
1006 2095 1104 2140 causae

128 2168 264 2251 pendent
277 2167 315 2229 ab
329 2166 496 2229 intentione
509 2166 677 2229 scribentis.

170 2262 202 2320 2⁰
225 2255 462 2339 Appellationem
478 2255 639 2336 simplicem
661 2274 715 2319 seu
736 2253 858 2338 proprie
876 2253 1006 2332 dictam;
1036 2275 1105 2338 quae

130 2347 274 2410 delinitur
293 2365 302 2408 a
321 2353 403 2407 orno
422 2365 478 2427 quo
502 2344 583 2406 leros
603 2365 650 2406 seu
673 2353 814 2428 procetur
833 2342 979 2406 sententid
991 2341 1105 2425 judicis

131 2427 285 2519 inferiores
298 2455 413 2498 coucam
427 2433 525 2515 desert
535 2433 713 2516 adjudicem
725 2433 911 2516 superiorem.

170 2529 292 2590 Certum
324 2531 371 2588 est
396 2525 455 2586 hoc
481 2523 650 2587 remedium
682 2524 720 2586 ab
747 2521 914 2592 innumeris
939 2521 1106 2584 canonibus
1226 2571 1227 2576 1

131 2617 271 2699 expresse
307 2633 373 2678 esse
409 2631 599 2677 concessum.
633 2616 676 2676 De
703 2610 878 2694 hujusmodi
908 2611 1106 2694 appellatione

131 2705 300 2790 specialiter
312 2705 450 2768 dicemus
464 2703 542 2765 inira
555 2703 755 2784 (salselles).

170 2799 204 2858 3⁰
231 2794 468 2872 Querimom'om,
495 2811 549 2854 seu
571 2791 800 2873 appellationem
825 2787 1104 2872 ectrojudr'rr'olem,

131 2903 194 2968 cuo
206 2881 333 2948 nomine
343 2883 467 2964 intelligi
482 2887 580 2964 potest
593 2889 677 2943 actus
691 2879 817 2962 quilibet
831 2898 885 2962 per
896 2898 990 2962 quem
1004 2881 1145 2960 subdi.¹
1210 2893 1212 2896 ·
1288 2854 1289 2883 ³

131 2981 181 3038 tus
199 2974 287 3037 laesus
314 2970 576 3052 extrajudicialiter
602 2969 739 3050 aJudice
759 2967 899 3032 inferiore
923 2971 1049 3032 recurrit
1068 2971 1107 3033 ad

133 3063 330 3145 superiorem.
347 3064 434 3124 Hanc
447 3059 620 3123 facultatem
634 3058 756 3140 plurimi
766 3077 898 3122 canones
910 3067 1104 3141 supponunt:

137 3152 256 3215 «Sacri
277 3170 409 3214 canones
429 3151 520 3213 ctiam
543 3154 628 3210 extra
648 3147 798 3228 judicium
822 3148 932 3230 possim
957 3149 1107 3232 appellare
1170 3177 1171 3180 ¹
1287 3196 1289 3221 ἔ

133 3264 147 3301 a
172 3241 368 3324 permittunt;
391 3258 449 3304 nec
469 3239 566 3300 solent
586 3237 759 3316 hujusmodi
782 3237 841 3300 dici
865 3237 1105 3320 appellationes,
1204 3263 1205 3266 ¹

133 3353 147 3390 a
172 3327 225 3394 sed
242 3331 468 3412 provocationes
481 3325 519 3389 ad
533 3343 666 3389 causam.
682 3347 698 3384 o
716 3327 798 3409 (Cup.
816 3325 890 3390 Ciam
903 3327 943 3388 sit
957 3329 1106 3408 llomono,

131 3417 398 3571 coappprtgpmdie
412 3505 491 3568 istud
510 3506 680 3570 remedium
700 3507 737 3568 ed
758 3507 881 3585 majoris
899 3511 945 3568 est
961 3503 1107 3567 momenti

136 3596 219 3678 quod
230 3597 326 3659 rarius
340 3596 495 3677 contingat
509 3597 629 3678 proprie
643 3595 757 3658 dictum
768 3593 926 3674 Judicium.

175 3690 208 3750 l·
231 3686 446 3748 liecrootr‘onem
464 3685 598 3766 iudicis,
618 3686 706 3764 cujus
726 3701 796 3746 rcus
821 3682 950 3744 declinat
966 3681 1106 3758 jurisdic-
