2588 3994
163 203 202 264 81
382 225 519 269 unnuace
538 226 640 273 rorrus
661 231 742 276 scats
764 232 899 278 canonici

162 337 177 376 r
201 315 299 376 tiones
317 316 355 377 de
376 325 485 380 caetero
509 319 625 398 facere,
643 323 699 384 nisi
723 329 813 386 causa
833 329 954 408 cognita
975 335 1005 392 et
1024 330 1140 397 vocatis

161 425 177 461 a
201 421 331 484 quorum
350 405 513 469 interest.»
541 411 683 490 chueua
699 416 746 492 (n⁰
761 417 811 490 48)
825 417 876 496 qui
900 419 971 479 citat
993 419 1081 482 item.
1096 421 1141 486 du

163 490 277 572 Cterpd,
288 491 337 555 iiv.
351 497 398 572 19,
410 495 567 578 etConfer.
578 498 722 583 d'Anpera
736 503 838 566 sortes
854 504 918 579 lois,
934 509 984 569 te
1000 507 1025 570 C
1025 509 1138 593 ensem,

160 585 182 640 t.
198 583 237 650 2,
253 601 284 661 p.
300 586 372 645 508.

201 671 270 819 top.
293 672 511 743 Quaerif.d⁰An
519 675 557 739 ad
567 679 697 743 valorem
707 681 854 765 privilegii
864 686 1139 772 requiraturscrip·

159 761 226 818 tura

197 847 289 929 Resp.
305 850 491 930 Regufariter
504 855 682 936 scripturam
696 860 808 941 requiri
817 863 934 924 fantirm
949 863 987 926 ad
1001 865 1138 946 proban-

158 931 231 995 dum
248 937 452 1019 privilegium:
465 949 595 1005 attamen
616 963 652 1006 ex
672 949 775 1030 regula
789 954 826 1011 ar
842 951 1138 1036 Canoeffu1²iae‚gra'-

14 1031 19 1036 ’·
105 1083 108 1088 ,
158 1020 207 1083 tiae
220 1043 289 1104 quae
302 1025 340 1086 ab
351 1030 520 1106 apostotict
530 1032 607 1102 Sede
620 1036 838 1114 conceduntur,
849 1040 1084 1112 effectumsuurn
1099 1046 1167 1108 in·

156 1107 223 1189 foro
246 1113 366 1175 esterno
385 1118 482 1178 sortiri
502 1129 674 1202 nequeunt,
697 1133 859 1207 antequam
878 1126 982 1200 litterae
1002 1131 1138 1215 desuper
1156 1201 1164 1210 ,

157 1197 301 1264 coniectae
315 1203 440 1282 fuerinf3
456 1208 536 1289 quod
552 1210 780 1293 inteffigendum
794 1223 856 1290 esf,
867 1209 982 1286 etiamsi
995 1223 1139 1296 Pontifex

156 1285 188 1346 in
196 1286 296 1352 tibetto
307 1293 433 1374 supplici
448 1297 600 1376 scripserit
612 1319 716 1364 vocem
727 1304 810 1366 Fiat.
820 1305 1135 1392 Disputaturproforo

156 1377 359 1443 conscientiae.
376 1383 411 1444 V.
429 1383 566 1448 Profert.
582 1389 616 1448 S.
627 1387 777 1472 Salpini,
795 1405 827 1455 n⁰
842 1399 892 1457 53.

196 1465 261 1528 Dixi
277 1470 478 1550 repularr'ter:
492 1493 579 1551 narn,
592 1477 622 1538 in
637 1479 818 1558 quibusdam
832 1485 951 1548 casibus
962 1533 970 1563 ‚
983 1489 1135 1572 scriptura

46 1620 48 1624 ,
157 1555 318 1634 requiritur
337 1558 375 1620 ad
394 1561 525 1624 valorem
541 1565 706 1648 privilegii;
724 1587 848 1652 nempe:
866 1576 896 1634 1ο
912 1574 942 1634 Si
965 1585 1069 1656 agatur
1090 1579 1133 1646 de

155 1639 293 1706 facuttate
308 1645 496 1727 ingrediendi
511 1652 681 1717 clausuram
696 1660 872 1736 maniatium
886 1669 969 1725 extra
982 1665 1109 1731 Gaftiam
1120 1695 1132 1756 ;Ι

154 1731 186 1788 2⁰
208 1731 292 1794 Nufta
317 1743 362 1796 est
383 1736 522 1816 collatio,
547 1743 736 1808 confirmatio
761 1755 791 1810 ef
814 1750 887 1812 unio
910 1751 1132 1823 beneficiorum

155 1823 222 1878 anto
242 1819 408 1886 litterarum
428 1828 671 1910 expeditionem
693 1836 724 1896 3⁰
746 1839 820 1900 Item
836 1839 917 1902 nuffa
939 1850 984 1904 est
1005 1843 1132 1914 facultas

155 1923 215 1966 non
226 1910 376 1974 residendi
392 1915 422 1974 fn
437 1915 584 1980 beneficio
598 1929 720 2001 curato,
737 1926 793 1988 nisi
809 1927 847 1988 sit
860 1929 988 2012 seripta3
1005 1937 1038 1996 4⁰
1051 1937 1129 2002 Item

154 2013 190 2054 ex
203 1997 307 2075 reputat
324 2005 363 2062 52
384 2003 573 2070 Canceflariae
593 2027 743 2075 romanae:
762 2017 922 2081 «Nulli...
943 2019 1129 2102 dispensatio

151 2104 167 2140 r
191 2085 333 2166 cuiquam
347 2089 377 2151 in
385 2091 500 2170 judicio
513 2096 558 2158 vet
570 2105 653 2160 extra
666 2101 855 2185 suffragetur,
864 2115 1129 2196 antequamsuper

151 2192 166 2231 a
191 2175 226 2234 ea
256 2173 360 2241 litterae
385 2183 556 2262 apostoticae
584 2189 644 2249 sint
672 2191 826 2256 confectae.
848 2217 864 2256 a
888 2197 925 2260 V.
953 2199 1070 2280 Bouix,
1089 2201 1129 2268 de

153 2260 302 2343 deputor„
319 2274 339 2328 t.
356 2271 392 2344 ἢ,
408 2289 439 2351 p.
455 2276 493 2334 75
508 2282 537 2335 et
550 2280 599 2337 76.

189 2355 258 2414 161.
281 2357 402 2426 Quaerit.
419 2364 450 2421 5⁰
469 2363 576 2426 Utrum
598 2368 777 2450 rescriptum
797 2372 986 2456 privilegium
1009 2397 1124 2447 conce-

148 2437 223 2502 dens
237 2441 343 2506 frabeat
357 2445 496 2511 effectum
511 2452 610 2515 statim
624 2473 659 2516 ac
672 2458 836 2537 confertur,
845 2481 885 2524 an
898 2466 969 2528 verd
978 2465 1124 2536 duntaxat

149 2529 270 2607 quando
284 2537 419 2613 pervenit
432 2537 470 2599 ad
482 2541 616 2604 notitiam
630 2545 829 2628 privilegiati?

186 2618 276 2698 ftesp.
296 2623 626 2709 «concoquentem,
643 2633 740 2716 inquit
759 2639 795 2698 D.
814 2640 909 2704 Bouix
932 2645 977 2722 (de
997 2647 1117 2730 Requi..

147 2725 159 2761 r
186 2710 207 2764 t.
223 2708 252 2778 2,
263 2727 294 2788 p.
310 2715 370 2790 76),
382 2713 467 2778 vaide
476 2722 715 2786 controvertitur.
728 2725 915 2793 Probabitior
924 2733 1040 2799 videtur
1053 2757 1123 2802 sen-

146 2811 159 2850 n
185 2796 278 2858 tentia
291 2817 359 2879 quaa
373 2801 529 2887 distinguit
543 2809 600 2872 hoc
623 2811 714 2876 modo
728 2833 735 2875 :
752 2815 782 2877 Si
805 2818 995 2903 privilegium
1009 2845 1119 2891 conoe·

144 2901 159 2937 n
184 2881 272 2945 datur
282 2895 360 2948 ructu
371 2893 494 2972 proprio
507 2897 621 2974 (auctor
636 2917 695 2962 non
721 2903 837 2968 videtur
850 2927 1022 2992 supponere
1035 2919 1120 2998 quod

145 2989 160 3025 a
185 2971 375 3053 privilegium
396 2983 578 3047 concedatur
598 3007 652 3068 per
674 2990 773 3072 legem
798 3001 981 3082 generatam)
1003 3005 1118 3088 absque

144 3077 159 3112 a
183 3059 301 3138 praeviis
316 3066 455 3144 precibus
468 3073 663 3156 privifegiati,
680 3097 741 3141 non
752 3086 1020 3154 sortitureffectum
1034 3103 1118 3159 anfe-

143 3165 159 3205 r
183 3165 275 3224 quarn
289 3153 490 3235 privifegiatus
499 3159 537 3222 de
546 3181 582 3225 eo
591 3167 802 3233 certiorfactus
810 3173 997 3260 fuerif:quia
1005 3200 1115 3267 nempe

146 3253 158 3292 r
184 3241 351 3303 necessaria
371 3243 488 3308 videtur
507 3255 670 3333 acceptatio
684 3258 859 3341 privilegiati
871 3267 892 3324 ¹·
911 3267 941 3329 Si
956 3272 1026 3332 rerd
1038 3290 1113 3336 con-

143 3344 158 3381 r
181 3326 277 3389 cessio
285 3327 376 3392 fiatad
385 3339 827 3424 precesprivitegiati‚effectum
835 3349 1112 3430 habebif‚statinrao

142 3431 158 3471 a
181 3429 359 3481 concessum
372 3419 475 3502 fuerit,
491 3427 563 3508 quia
580 3430 644 3509 jam
657 3439 731 3498 tunc
743 3436 827 3500 adest
840 3439 920 3505 dicta
933 3453 1109 3531 acceptatio.

173 3623 181 3650 ¹
197 3617 257 3673 tte·
268 3627 348 3678 umen
361 3627 432 3680 Sunr.
445 3632 473 3682 da
487 3632 542 3698 Lep.
561 3634 603 3688 tib.
617 3648 669 3698 vm,
681 3654 705 3692 c.
714 3651 774 3702 aar.
785 3657 814 3694 no
826 3645 864 3696 ta.
954 3700 956 3710 ,
