2586 3988
461 284 685 334 maranorum.
1027 271 1063 332 lu

127 403 1062 487 Probaturiisdemmonumentisaesnpericrespropositiones.

94 495 205 558 Etenim
215 494 339 577 quandl
348 495 484 556 Christus
494 492 672 555 deditPetrc
683 492 795 575 ligandi
805 502 991 576 potestatem,
1003 511 1063 556 non
1105 547 1109 554 .

94 601 154 647 eam
163 585 245 647 dedit
257 584 317 647 sub
324 583 499 646 conditione
507 580 588 664 qudd
597 581 803 645 consentirent
812 581 911 644 ceteri
920 582 1062 664 Apostoli.

129 673 248 736 Pmbari
264 681 364 756 potest
380 671 536 753 speciatim
551 688 588 733 ex
605 671 735 734 coneilio
749 673 814 732 Vlll
831 673 1020 734 oecumenico
1033 671 1065 734 in

94 781 149 843 quo
162 762 365 844 estprclessio
381 760 451 822 tidei
467 778 521 842 per
534 777 627 843 quam
641 759 823 844 reprobandi
838 758 1066 824 declarabantur

95 849 160 912 Sedr'
171 851 422 934 Apostoliaenoa
435 850 664 912 eonsentientes:
688 847 741 910 sed
764 848 903 931 Episcopi
924 849 975 930 qui
1005 867 1066 912 non

95 947 277 1022 acceptarent
290 940 375 1021 leges
387 937 569 1022 pontificias,
583 955 725 1020 casuque
735 945 857 1018 urgeret
870 938 901 1000 S.
914 937 1064 1016 Pontifex,

97 1047 150 1091 non
165 1035 265 1092 essem
279 1028 506 1091 eonsentientes
520 1027 589 1089 Sedi
606 1026 795 1110 Apostolicae.
814 1027 911 1108 Ergo,
928 1033 984 1089 etc.

129 1119 274 1180 Praeterea
288 1117 397 1180 eadem
413 1117 553 1198 Synodus
562 1116 682 1198 agnovit
691 1117 780 1197 Papae
790 1115 939 1178 exclusive
948 1135 1068 1200 compe·

100 1211 151 1269 tere
163 1208 212 1287 jus
225 1206 426 1290 dispensandi
437 1205 517 1268 eirca
530 1221 664 1268 canones
679 1225 686 1264 :
705 1204 758 1266 sed
777 1205 801 1266 si
820 1205 977 1289 Episcopis
991 1213 1067 1268 esset

96 1294 199 1358 licitum
213 1296 302 1378 leges
321 1295 537 1358 ecclesiasticas
560 1294 677 1376 integre
691 1295 834 1373 rejicere,
849 1295 867 1355 a
881 1293 995 1357 fortiori
1010 1295 1067 1356 illis

97 1393 269 1467 competeret
286 1387 340 1465 jus
354 1384 420 1446 illas
435 1383 556 1445 nonnisi
577 1401 614 1446 ex
637 1389 722 1464 parte
745 1382 930 1462 accipiendi,
953 1391 982 1444 et
997 1401 1067 1445 cum

97 1470 224 1538 bcultate
237 1475 278 1538 ab
294 1474 354 1535 illis
369 1471 521 1536 relaxandi
537 1490 591 1556 per
608 1470 877 1554 dispensationem.
893 1473 984 1552 Ergo,
1009 1480 1065 1536 etc.

129 1563 288 1636 Quomodo
313 1562 436 1625 tandem
457 1561 656 1643 explicaretur
675 1559 832 1644 plenitudo
853 1561 1068 1640 iurisdictionis

96 1654 124 1714 S.
144 1651 301 1715 Pontificis
316 1651 347 1713 in
364 1651 563 1714 universalem
582 1651 767 1725 Ecclesiam,
791 1649 815 1712 si
832 1669 884 1733 per
904 1669 974 1714 suas
988 1652 1068 1732 leges

97 1760 151 1804 nan
164 1749 265 1823 posset
279 1741 416 1822 obligare
429 1740 486 1802 nisi
495 1747 561 1822 post
570 1740 808 1822 acceptationem
817 1758 921 1804 earnm
933 1741 972 1803 ab
985 1742 1068 1823 Epis
1152 1763 1157 1772 ·

96 1831 173 1913 copis
184 1831 199 1892 l

131 1949 178 2009 31.
199 1946 334 2027 objicies
357 1965 364 2006 :
386 1945 498 2008 Saltem
520 1945 577 2008 snb
599 1945 691 2008 finem
716 1945 817 2008 seculi
836 1945 945 2008 decimi
970 1949 1067 2028 qnarti

98 2033 278 2098 introductus
294 2041 340 2098 est
359 2053 435 2111 mos,
460 2034 540 2116 apud
555 2034 670 2116 aliquas
683 2045 798 2116 gentes,
814 2041 847 2097 ut
862 2037 1067 2098 Romanorum

98 2123 271 2188 Pontificum
291 2123 540 2196 constitutiones,
564 2142 626 2186 non
641 2127 711 2186 ante
728 2125 789 2186 vim
804 2123 957 2206 obligandi
976 2124 1067 2187 habc-

99 2221 260 2296 rentqnam
276 2213 315 2275 de
330 2213 389 2274 illis
403 2213 543 2294 Episcopi
558 2221 786 2294 cognoscerent.

133 2303 355 2386 Resplllemos
366 2299 512 2363 introduci
521 2302 1066 2385 coepittempcremajoriaschismatis,

98 2389 168 2454 laeto
181 2393 341 2474 ipsiusmet
351 2389 463 2456 llrbani
474 2391 524 2468 Vl,
535 2393 587 2472 qni
598 2391 741 2453 sieaoluit
750 2389 936 2472 impedirein
947 2391 1069 2472 quibus·

98 2477 161 2542 dam
176 2484 248 2544 rocis
263 2499 327 2542 snae
340 2479 534 2551 obedientie,
546 2482 755 2543 executionem
766 2479 932 2542 litterarum
944 2498 1068 2545 snorum

99 2573 325 2652 competitorum
342 2589 350 2630 r
366 2568 430 2631 baec
443 2569 598 2632 concessio
612 2579 715 2652 postea
725 2569 781 2633 luit
795 2576 930 2631 revocata
944 2571 961 2632 a
977 2571 1066 2633 Boni·

100 2654 169 2720 lacic
195 2661 252 2736 lX;
279 2676 371 2740 qnam
396 2659 619 2720 revocationem
646 2659 834 2720 confirmarit
860 2659 1007 2722 Martinus
1029 2663 1065 2726 v.

101 2748 233 2810 Attamen
249 2746 420 2810 Alexander
434 2749 472 2808 Vl
487 2748 636 2810 concessit
649 2746 841 2810 Ferdinando
854 2749 880 2810 V
894 2755 923 2810 et
937 2749 1068 2814 isabellae

100 2837 204 2916 reginae
217 2837 434 2924 Hispaniarum
452 2835 581 2900 utnulla
601 2835 762 2900 haberetur
775 2836 892 2918 largitio
907 2837 1067 2920 indulgen-

101 2923 202 2990 tiarum
213 2927 447 3009 apostolicarum
462 2945 530 3008 qnae
541 2929 714 3002 nonantea,
725 2929 743 2988 a
753 2925 1066 3006 loooromcrdinariis‚

101 3017 258 3095 apostolico
276 3017 406 3093 Nuntio,
421 3034 457 3078 ac
474 3017 586 3095 Maiore
601 3016 690 3098 cogis
704 3016 864 3098 Capellano
877 3017 940 3080 risa
953 3027 1030 3081 esset
1039 3027 1069 3083 et

102 3103 135 3164 ab
146 3107 228 3168 omni
246 3105 418 3186 suspicione
436 3105 582 3167 immunis
603 3105 869 3187 comprobaretur:
886 3105 938 3168 sed
960 3109 1068 3174 exinde

103 3193 221 3257 minime
241 3193 382 3257 concludi
402 3191 491 3256 debet
514 3195 719 3258 necessitatem
741 3195 964 3278 approbationis
981 3201 1066 3281 Epis-

102 3298 241 3363 copcrum
254 3301 309 3364 pro
324 3283 473 3344 validitate
486 3283 587 3365 legum
603 3283 837 3366 pontificiarum.
862 3287 926 3347 lmb
947 3287 1006 3349 Leo
1025 3293 1066 3366 x,

104 3386 177 3433 anno
193 3375 281 3448 15l8,
295 3371 448 3434 damnarit
461 3373 689 3435 constitutiones
700 3372 811 3455 quibus
821 3373 1069 3457 rlrclriepiseopns

103 3458 259 3526 'toletanus
289 3468 431 3524 statuerat
452 3479 513 3523 non
534 3480 600 3525 esse
613 3461 811 3544 acceptandas
825 3463 936 3526 litteras
950 3472 1067 3545 aposto-

106 3542 171 3611 licas
184 3550 321 3614 nondum
335 3549 374 3612 ab
387 3549 453 3633 ipso
466 3550 512 3614 vel
526 3551 751 3615 successoribus
765 3552 914 3634 probatas.

140 3675 187 3739 32.
203 3673 401 3739 Cauarum
415 3675 459 3742 11.
471 3711 508 3724 —
518 3678 610 3754 Ergo,
626 3675 785 3749 dicatiori,
797 3681 831 3738 ut
843 3674 1070 3738 constitutiones
