2546 3992
498 297 585 342 ernon
605 281 725 344 neruus·
1042 275 1101 366 474

126 394 280 476 Episcopis
293 394 424 475 aequales
436 393 526 456 habili
546 393 672 458 fuissent
694 392 888 478 presbyteri'
882 410 912 454 in
926 391 974 453 his
996 361 1099 452 Eccle-

126 481 176 543 siee
205 483 402 563 primordiis,
428 501 489 545 non
516 483 735 586 Episcoporum
760 483 905 545 duntaxat
943 487 1101 543 contextus

126 565 229 632 luisset
249 571 422 654 catologus,
446 572 499 634 sed
523 577 552 634 et
576 573 714 636 omnium
736 571 992 656 presbyterorum.
1019 569 1100 648 Ergo

125 659 305 742 presbyteris
323 660 494 742 superiores
514 667 586 724 sunt
599 662 754 744 Episcopi,
770 667 799 724 et
821 657 893 721 illud
912 662 958 720 est
975 655 1096 718 deiide

163 751 231 811 860.
256 749 444 829 Obpciuntur
459 753 489 811 1
504 751 577 812 vorii
594 751 816 833 scripturarum
831 755 930 810 textus
943 745 1100 826 exquibus

125 835 222 918 olbgr
230 837 946 922 possevideturnullumApostolorumtempore,
954 833 1101 896 exstitisse

127 923 288 988 discrimen
303 928 467 1010 Episcopos
483 928 560 990 inter
574 935 603 990 et
614 929 825 1011 presbyteros:
841 926 924 988 sicin
940 923 1097 1004 sutEpist.

127 1013 163 1074 ed
177 1016 279 1078 Titum
293 1015 416 1088 Paulus,
432 1016 792 1098 postquamdixeritlcap.
810 1019 838 1092 1,
854 1034 882 1076 ν.
894 1015 940 1093 bl:
960 1011 1098 1093 «Reliqui

126 1121 141 1159 n
166 1107 194 1164 te
206 1105 516 1168 Cretaeuteonstituns
529 1125 583 1187 per
596 1106 727 1168 civitates
739 1104 933 1187 presbyteros,
947 1123 962 1160 n
988 1100 1099 1163 ibidem

126 1191 163 1268 (v.
176 1192 206 1271 ’1)
216 1191 332 1270 adjicit:
344 1195 767 1276 «OportetenimEpiscopum
777 1194 841 1256 sine
852 1193 978 1254 crimine
988 1209 1061 1252 esse.
1079 1213 1097 1249 o

165 1280 239 1340 ltcm
254 1280 284 1341 in
298 1299 364 1354 cop.
377 1285 427 1359 20,
438 1302 466 1344 v.
481 1287 531 1359 17,
546 1285 613 1345 Act.
626 1283 771 1364 Apostol,
786 1281 916 1344 dieitur:
934 1303 948 1338 c
958 1281 1069 1342 Paulus
1083 1282 1100 1342 it

126 1389 141 1428 ι
166 1368 267 1430 Mileto
283 1373 404 1434 mittens
425 1371 578 1452 Ephesum
605 1373 719 1434 vocavit
739 1371 869 1450 majores
895 1377 967 1432 natu
993 1369 1099 1450 (graece

128 1478 183 1516 >³
167 1484 228 1538 we
201 1467 318 1526 seur·
265 1453 359 1542 τιμυ)
382 1459 551 1522 Ecclesiae:
571 1461 624 1544 qui
646 1462 718 1524 cium
735 1461 887 1522 venissent
913 1457 949 1520 ed
972 1475 1044 1520 eum
1070 1463 1100 1520 et

126 1547 254 1612 »simul
275 1555 396 1627 essent,
421 1549 494 1611 dixit
522 1549 602 1612 eis..
626 1549 777 1612 Attendite
793 1547 878 1610 vobis
905 1553 934 1609 et
960 1547 1107 1610 universo.

127 1655 143 1696 r
166 1639 261 1719 gregi,
278 1640 307 1702 in
319 1657 380 1721 quo
390 1657 443 1702 vos
458 1639 632 1722 SpiritusS.
648 1639 747 1721 posuit
760 1615 919 1720 Episcopos
928 1654 1032 1718 regere
1042 1637 1098 1698 Ec

126 1746 142 1783 n
165 1726 287 1789 clesinm
303 1729 366 1790 Dei.
382 1749 396 1787 n
414 1731 495 1810 Ergo
509 1728 615 1811 primis
628 1729 770 1792 Ecclesiae
782 1726 899 1790 saeculis
909 1725 1000 1788 iidem
1014 1729 1099 1788 erant

127 1815 293 1897 presbyten
307 1823 338 1878 et
350 1816 502 1899 Episcopi.
517 1821 609 1900 Ergo,
620 1825 678 1881 etc.

165 1905 255 1986 Resp.
272 1905 388 1986 Duplici
404 1907 570 1987 praesertim
593 1907 683 1969 modo
698 1909 876 1988 praesentem
894 1903 1098 1966 difficultatem

126 1991 1098 2076 solvi:l·AliieumPetaviodicuntprimordiisEcclesiae,omnes

126 2081 170 2142 vel
185 2081 345 2163 plerosque
353 2083 542 2164 presbyteros
551 2083 640 2145 simul
654 2083 806 2145 ordinatos
816 2082 907 2143 luisse
921 2083 1096 2163 Episcopos,

127 2176 160 2231 ut
174 2171 218 2231 sio
232 2169 333 2250 plures
353 2171 384 2231 in
400 2179 541 2252 promptu
552 2177 651 2232 essent
670 2173 722 2251 qui
737 2169 848 2252 praesrci
867 2169 999 2231 valerent
1011 2170 1098 2232 variis

126 2257 252 2319 urbibus
265 2263 296 2320 ct
309 2259 428 2340 populis
441 2261 493 2341 qui
507 2259 641 2342 quotidie
655 2259 745 2322 iidem
759 2257 956 2321 Christianam
970 2259 1097 2339 amplec-

125 2345 284 2409 tebantur:
300 2347 382 2429 quod
397 2367 459 2410 non
473 2348 654 2431 impediebat
666 2349 832 2432 quominus
851 2366 888 2411 ex
907 2353 982 2411 tuno
994 2347 1098 2410 distin-

127 2443 270 2516 gueretur
283 2437 480 2520 Episcopatus
493 2440 512 2500 1
530 2438 658 2520 simplici
673 2438 890 2520 presbyteratu.

165 2527 196 2586 2⁰
221 2525 277 2588 Alii
291 2543 362 2588 cum
376 2526 543 2590 Mamachio
565 2525 669 2589 dicunt
691 2527 856 2609 Episcopus
869 2530 988 2589 vocatos
1005 2525 1097 2593 luisse

126 2613 216 2676 otiam
231 2615 440 2696 presbyteros:
456 2615 665 2699 presbyterum
682 2617 764 2678 enim
780 2633 845 2678 sese
856 2617 981 2678 vocetS.
991 2617 1096 2680 Petrus

125 2701 168 2777 (1Ι
184 2705 291 2784 Epist,
300 2722 329 2766 c.
345 2705 474 2785 5,vll·
491 2703 662 2786 itemqueS.
678 2705 974 2807 loanneslbllpist„
977 2725 1005 2767 v.
1023 2710 1052 2782 l,
1068 2713 1096 2770 et

124 2791 157 2850 3·
172 2791 278 2872 Epist,
295 2812 324 2854 v.
341 2792 385 2873 1).
389 2794 517 2866 —Ouod
527 2813 589 2856 non
604 2794 729 2876 impedit
741 2812 905 2874 quominus
918 2795 1097 2859 exstitissent

124 2879 301 2942 etiamtunc
318 2881 393 2942 meri
414 2882 595 2965 presbyteri,
611 2885 662 2964 qui
677 2889 827 2946 caractere
840 2883 1001 2966 episcopali
1015 2903 1096 2948 eore-

124 2964 199 3028 bont
212 2973 241 3030 et
254 2967 292 3030 ab
307 2969 463 3051 Episcopis
477 2990 601 3052 prorsus
619 2971 749 3034 distincti
768 2980 861 3035 erant.
883 2974 933 3036 Sio
950 2975 1096 3038 sentiebat

124 3055 157 3117 S.
174 3058 608 3158 loannes-ChrysosttHomissl
600 3079 706 3144 rncsp.
724 3066 752 3138 1,
765 3061 891 3124 odPltil
892 3062 985 3144 ipp.:)
1006 3067 1095 3125 «An-

123 3165 139 3201 u
165 3143 313 3225 tiquitirs
306 3146 461 3227 ipsietiem
472 3149 826 3231 presbyterivocabnntur
838 3151 974 3232 Episcopi
990 3153 1095 3215 cillia-

123 3255 138 3295 u
164 3233 233 3294 coni
254 3233 381 3312 Christi,
397 3244 427 3298 et
439 3239 579 3320 Episcopi
594 3258 661 3320 pres
662 3238 768 3321 hyteri.
787 3241 932 3312 Quocirca
946 3241 990 3302 vel
1005 3239 1094 3304 hodio

123 3343 138 3382 u
164 3339 217 3384 mu
219 3322 250 3383 ti
261 3324 414 3405 Episcopi
407 3331 447 3387 ita
457 3327 606 3390 scribunt
615 3328 891 3411 Compresdyteroet
901 3329 1090 3393 Condiacono

123 3434 139 3472 u
164 3410 347 3474 Procedente
364 3416 436 3476 vend
457 3421 605 3497 tempore,
616 3436 771 3500 proprium
783 3436 892 3500 curque
901 3418 1092 3480 distributum

122 3506 209 3562 »est
225 3518 352 3578 nomen,
368 3509 403 3564 ut
415 3502 464 3566 hie
477 3505 601 3586 quidem
615 3506 791 3589 Episcopus,
802 3507 852 3570 rlle
860 3509 931 3569 verd
938 3507 1093 3588 presbyter

121 3608 139 3650 n
164 3589 341 3669 appelletur.
366 3613 380 3648 o

164 3676 411 3754 objiceretur
434 3682 523 3746 verbo
550 3688 581 3748 S.
606 3684 781 3768 hieronymi
802 3681 913 3764 quibus
932 3681 1011 3744 clere
1025 3702 1091 3766 pro
