2496 3992
488 232 573 277 arnan
597 233 713 280 rnrsrus.
1018 215 1078 280 ola

124 349 276 399 declaramus
293 361 300 408 ;
318 347 476 410 ipsarumque
491 359 619 410 penarum
637 347 816 397 absolutionem
834 361 876 398 aaa
898 345 1075 403 relaxationem

124 421 201 470 Nobis
213 425 239 470 et
253 416 361 468 Rdnuauo
375 416 488 467 Pontifici
507 431 551 480 pro
576 423 685 480 tempore
711 419 825 468 existenti
849 419 968 470 duntaxat
982 419 1078 486 speria·

124 494 182 543 liter
195 504 357 542 reservamus.

157 567 185 615 lu
196 565 294 614 easdem
308 576 394 624 poenas
406 563 498 626 pariter
506 565 642 612 reservatas
657 562 710 624 ipso
726 562 789 611 sacto
806 561 935 612 incurrunt
955 562 1077 612 nominati

124 641 150 688 et
163 635 302 702 presentati
312 634 342 684 ad
354 639 469 683 vacantes
487 634 612 690 ecclesias,
641 633 683 696 qui
705 647 789 682 aarum
807 647 900 693 curam,
929 635 1039 698 regimen
1054 640 1078 684 et

124 706 362 758 administrationem
374 707 501 768 suscipere
518 707 609 755 audent
623 719 654 754 ex
671 705 831 755 concessione
847 712 872 756 et
886 707 1044 755 translatione
1063 723 1077 756 a

124 779 291 846 Dignitatibus
307 781 332 827 et
343 777 471 828 Canoniois
480 778 594 840 aliisque,
612 779 643 826 de
658 777 749 840 quibus
761 791 842 839 supra,
852 778 878 826 in
888 791 931 826 ees
941 783 1076 840 peractam,

124 865 221 902 necnon
242 851 259 899 ii
287 849 330 912 qui
354 849 489 913 premissis
511 848 648 912 paruerint,
672 849 710 898 rel
732 849 860 907 auxilium,
893 850 1022 898 eonsilium
1036 855 1078 898 aut

124 926 231 975 savorem
242 922 410 987 praestiterint,
428 920 547 983 cujusque
562 925 650 982 status,
663 921 821 976 conditionis,
839 921 1034 984 praeeminentiae
1054 929 1078 971 et

124 995 251 1059 dignitatis
266 995 368 1043 luerint.
540 1049 544 1060 Ι

157 1069 278 1116 Praeterea
292 1065 438 1120 nominatos.
456 1067 481 1113 et
505 1068 664 1126 praesentatos
676 1064 732 1126 jure
745 1065 809 1126 quod
833 1065 870 1114 eis
894 1077 938 1128 per
967 1065 1078 1114 nomina·

126 1139 217 1188 tionem
229 1143 254 1186 et
267 1137 486 1201 presentationem
500 1136 564 1185 torte
575 1137 704 1198 quaesitum
718 1137 800 1198 luerit,
812 1137 968 1187 decernimus
984 1151 1013 1187 so
1026 1138 1078 1200 ipso

144 1211 244 1258 rivatus.

125 1225 141 1274 p
158 1281 182 1330 Si
196 1295 253 1331 vera
267 1280 342 1343 aliqui
358 1279 522 1344 expraedictis
538 1279 680 1342 Episcopali
698 1281 838 1329 charactere
849 1279 899 1330 siut
915 1279 1037 1343 insigniti,
1054 1284 1078 1330 in

125 1367 222 1418 prauam
246 1351 416 1414 suspensionis
437 1353 468 1401 ab
497 1351 618 1400 exercitio
643 1351 821 1400 Pontificaliuru
849 1355 873 1399 ct
904 1351 1029 1401 interdicti
1048 1355 1078 1402 ab

126 1426 239 1490 ingressu
258 1425 367 1474 aeclesia
379 1424 430 1487 ipso
449 1424 512 1472 iacto
535 1424 628 1484 absque
651 1423 701 1471 ulla
723 1423 891 1472 declaratione
914 1423 1037 1482 incidunt,
1051 1428 1077 1474 S.

125 1498 183 1547 Scdi
198 1496 288 1558 pariter
299 1501 452 1546 reservatam.

157 1570 260 1630 Insuper
269 1581 429 1629 quaecunque
443 1581 457 1614 a
474 1566 509 1616 sia
521 1566 654 1616 nominatis
670 1571 694 1615 ai
711 1567 866 1629 praesentatis
881 1566 906 1614 in
925 1567 1080 1618 administra.

126 1639 339 1692 tionevacautium
363 1639 520 1688 aeclesiarum
535 1637 716 1700 intrusisssant,
740 1639 897 1698 mandentur,
917 1639 1081 1689 decernantur

125 1717 151 1761 et
160 1711 315 1768 ordinentur,
331 1723 385 1759 curn
400 1711 513 1758 carnibus
527 1717 552 1759 et
570 1709 673 1773 singulis
701 1710 759 1760 inde
773 1709 859 1772 quovis
880 1710 950 1758 modo
971 1711 1080 1771 aequetis

127 1789 152 1832 et
164 1784 389 1845 quomodocumque
404 1781 659 1844 sequuturis‚ornniuo
670 1782 747 1842 nulla,
766 1779 883 1840 invalida,
905 1780 999 1840 inania,
1013 1782 1080 1830 irrita

127 1861 150 1904 et
165 1869 177 1902 a
190 1869 238 1902 nou
251 1856 396 1904 habentibus
409 1859 554 1917 potestatem
570 1853 745 1904 damnabiliter
766 1856 893 1907 attentata.
916 1859 940 1902 el
963 1855 992 1902 de
1018 1854 1080 1904 laeto

127 1931 280 1989 praesumpta,
291 1927 434 1986 nulliusque
444 1926 545 1986 valoris,
557 1926 682 1981 nrornenti,
694 1923 950 1982 scellentonam
961 1932 1081 1988 perpetuu

126 1999 186 2052 sore,
203 2003 287 2047 tenore
298 1999 456 2059 praesentium
482 1997 636 2046 declaramus
659 2001 683 2045 st
697 1996 863 2057 deceruimus,
876 1996 968 2060 illaque
984 1999 1081 2048 danma-

127 2083 180 2118 mus
192 2077 217 2118 et
227 2070 389 2130 reprobamus
391 2103 433 2120 .....

457 2399 696 2456 APPENDIX
730 2401 753 2460 V

126 2541 162 2581 ss.
183 2541 206 2580 n.
222 2539 245 2580 ιι.
261 2539 348 2578 aroris
366 2539 437 2578 aare
451 2540 496 2578 ιιιιι
511 2539 630 2579 arrsroaa
642 2539 777 2578 aucraarca
788 2548 801 2574 a
819 2529 1082 2582 litaturum»,

270 2599 301 2649 19
315 2613 379 2650 suun
396 2599 464 2652 1881.
480 2612 512 2650 ιιι
529 2611 678 2652 rorasrarrs
695 2612 782 2651 errius
799 2613 900 2654 oarcruu
915 2607 935 2656 ¹.

157 2759 305 2810 Diuturnum
323 2759 385 2809 illud
401 2759 606 2822 teterrimumque
619 2761 720 2817 bellurn.
739 2761 855 2810 adversus
873 2760 981 2812 divinam
1000 2765 1083 2814 Eccle-

124 2832 505 2893 siaeaucteritatcrnsusceptum,
521 2831 590 2892 illuc,
604 2847 651 2894 quo
661 2832 843 2894 procliveerat,
855 2837 949 2894 erasit3
965 2835 1082 2888 videlieet

125 2906 293 2954 incommune
306 2902 442 2966 periculum
459 2904 584 2954 societatis
599 2905 723 2963 humanm,
739 2905 1083 2970 aanomiuatirncivilispriu·

124 2977 144 3026 ei
149 2981 228 3039 patus.
239 2976 265 3024 iu
278 2988 326 3036 quo
337 2975 403 3023 salus
419 2976 518 3036 publica
529 2976 636 3024 maxime
649 2977 743 3024 nititur.
754 3003 780 3013 -
796 2977 863 3037 Quod
874 2981 919 3028 trae
930 2979 1081 3042 potissimum

123 3053 194 3100 rente
212 3051 296 3096 nostra
307 3047 397 3095 facturn
413 3061 468 3096 esso
483 3046 757 3110 apparatdupiditatcs
772 3063 840 3098 cnrm
853 3053 984 3112 populares
997 3067 1081 3114 quana·

99 3197 102 3202 ¹
150 3213 168 3256 1.
184 3214 240 3254 luter
247 3211 430 3276 prestantissimae
441 3211 482 3258 SS.
494 3210 519 3254 n.
530 3211 554 3254 ll.
566 3211 639 3254 Leonis
648 3211 710 3266 lupe
719 3212 768 3255 lllll
779 3213 883 3265 Epistulas
892 3213 1018 3268 encyclicas.
1030 3217 1081 3262 duaa

124 3270 202 3310 tantrrm
213 3264 352 3314 selraisnuset
362 3266 395 3308 rue
405 3265 520 3318 adjicimus,
531 3265 606 3320 quippe
616 3277 660 3318 quaa
672 3265 755 3319 propius
764 3267 789 3307 ad
809 3268 844 3322 jus
854 3267 960 3323 paelicum
974 3270 1080 3312 ecclesius·

124 3321 186 3362 tieurn
199 3319 297 3362 praedant
308 3330 404 3372 anaarpc.
420 3319 525 3372 diasyrtica
538 3319 683 3368 diuturnum.
698 3318 786 3372 ditionii
800 3321 860 3369 1881,
871 3323 896 3364 da
910 3324 1021 3376 potestatis
1032 3325 1071 3366 civi

123 3373 149 3415 lis
159 3375 239 3426 origiue
250 3385 256 3422 ς
267 3373 373 3426 acquic·
389 3375 517 3417 lminerrete
533 3375 580 3416 Det.
591 3375 600 3414 1
613 3385 662 3417 ιιοι.
680 3373 741 3421 leus.
762 3375 788 3416 de
801 3375 906 3417 ciuitatum
925 3375 1080 3421 corrsiiaurioiua

122 3427 232 3469 aluisii-nra
254 3427 411 3468 Uliritorramcn
435 3427 514 3470 earraali
549 3428 728 3474 oteruutelnliae.
742 3427 1014 3482 pras-ctiamauodapurr
1032 3432 1079 3484 rici,

122 3480 149 3522 lu
161 3482 204 3522 dac.
227 3478 285 3522 1818,
298 3480 436 3522 aremoricus
449 3483 568 3530 ιιιυΙιιιιιιιῑ
585 3483 682 3525 cicerem
691 3484 910 3534 praestantissimam.
924 3483 951 3524 10
959 3497 994 3537 Jun
1017 3484 1076 3535 1888,

124 3535 148 3628 ulfi
157 3534 250 3576 libertato
264 3537 367 3629 Ιιιιιιιίιιῦιιιις
378 3535 500 3588 Septeuuoe
513 3538 652 3589 edrlrltenoe,
663 3535 689 3578 ru
696 3537 742 3591 jan.
760 3535 820 3586 ltus,
834 3537 859 3577 de
878 3535 988 3592 precipuis
1000 3538 1078 3580 cir-iura

125 3587 308 3632 cristianorumo
333 3587 377 3632 ciis.
