2588 3994
230 289 286 354 tta
447 308 586 357 nonusis
606 310 707 358 sonus
727 311 810 358 sonis
831 311 978 386 csuonrcr.

229 427 244 460 n
267 401 408 485 adeptus,
425 406 560 487 quandiu
574 407 660 484 vivit,
676 408 737 471 sive
756 410 787 470 in
802 407 953 487 schisma,
969 409 1030 472 sive
1048 408 1080 472 in
1105 407 1204 475 haere·

228 512 243 550 o
269 491 326 553 sim
350 491 477 558 labatur.
502 519 518 553 a
539 494 617 578 Ergo
639 503 769 580 potestas
789 497 911 560 Ordinis
933 515 991 561 nco
1014 496 1122 562 auferri
1147 518 1207 564 neu

228 581 322 642 minui
339 590 447 664 potest.

267 673 337 732 252.
361 672 470 736 Contra
492 673 563 736 verb
585 674 725 758 restringi
748 681 846 758 potest
869 676 1088 760 Episcoporum
1110 676 1205 758 juris-

226 755 317 822 dictio
334 779 341 820 :
357 767 387 823 et
400 761 550 843 quideml
576 765 676 846 quoad
691 765 771 844 loca,
788 772 822 829 ut
835 773 952 829 constat
970 787 977 828 :
995 771 1025 830 t·
1041 769 1085 830 Ex
1100 769 1204 851 Scrip-

228 851 294 909 tura
306 895 313 924 ‚
327 851 411 928 juxta
424 869 517 932 quam
535 859 615 934 patet
629 855 793 937 Episcopos
808 875 869 918 non
890 855 1001 919 habere
1019 857 1216 937 jurisdictio*

226 955 295 999 nem
308 937 365 999 nisi
380 939 535 1003 limitatam
548 961 555 1002 ι
571 943 707 1005 «Pascite
721 945 772 1025 qui
788 947 821 1006 io
834 945 913 1008 vobis
926 954 969 1008 cst
978 965 1101 1028 gregem
1114 947 1200 1010 Dei.»

226 1027 251 1104 tt
270 1028 364 1103 Peto,
379 1047 406 1090 c.
418 1032 449 1106 5,
463 1049 492 1092 v.
509 1029 592 1110 E)‚-
602 1032 741 1114 «Reliqui
755 1041 785 1096 te
801 1035 897 1098 Crete
910 1041 943 1098 ut
956 1053 990 1098 aa
1011 1054 1079 1118 quae
1092 1036 1204 1100 desunt

224 1135 240 1172 n
267 1115 399 1198 corrigas
417 1124 447 1180 et
467 1120 631 1182 constituas
654 1140 708 1204 per
729 1122 862 1186 obiicias
883 1125 1085 1207 presbyteros.
1107 1129 1145 1206 n(
1157 1128 1203 1189 Ad

223 1204 294 1280 Tit,
310 1225 338 1267 c.
355 1210 384 1282 i,
400 1226 429 1269 v.
446 1210 490 1288 5.)
902 1244 906 1251 ·

264 1296 296 1355 2⁰
310 1295 353 1356 Ex
364 1295 417 1358 SS.
429 1298 566 1360 Patribus
581 1305 611 1360 et
630 1301 786 1364 Conciliis:
802 1303 855 1365 scd
867 1303 940 1386 qnia
953 1303 1114 1367 innumera
1128 1305 1202 1370 aile-

225 1383 288 1463 guri
303 1391 425 1464 possent
438 1405 475 1450 ex
493 1387 537 1450 eis
550 1389 740 1470 testimonis,
756 1391 884 1456 sufficiat
902 1392 994 1455 citare
1012 1411 1049 1456 ex
1069 1395 1122 1456 SS.
1144 1397 1201 1459 Pa-

225 1471 335 1535 tribus:

264 1563 296 1623 S.
315 1563 499 1644 Cyprianum
513 1567 618 1648 (Epist.
635 1571 698 1646 55„
715 1569 753 1632 ad
767 1571 854 1634 Corn.
871 1577 995 1658 Papam)
1012 1595 1019 1637 :
1039 1597 1054 1634 o
1069 1575 1201 1658 Scapulis

224 1673 240 1708 s
265 1652 438 1715 Pastoribus
446 1657 547 1737 portio
560 1657 660 1738 gregis
674 1658 824 1744 adscripta
838 1670 893 1742 est,
909 1684 1001 1747 quarn
1016 1673 1099 1747 regat
1109 1684 1201 1728 unns-

227 1763 242 1796 »
265 1741 393 1822 quisquc
407 1749 497 1824 atque
511 1745 697 1826 gubernet.»

264 1829 294 1890 S.
316 1831 517 1910 Augustinum
530 1835 635 1916 (Epist.
653 1837 690 1898 ad
704 1839 868 1904 Eusebium
884 1845 959 1925 34):
976 1847 1102 1908 Sanctus
1116 1846 1200 1909 enim

223 1918 333 1980 Ductor
355 1921 543 2002 respondens
567 1925 748 2005 quibusdam
772 1931 790 1992 b
813 1949 845 1993 se
869 1933 1040 2016 petentibus
1062 1939 1096 1997 ut
1116 1943 1200 2000 extra

223 2024 308 2068 suam
323 2007 478 2072 dioeccsim
493 2029 525 2073 se
538 2013 712 2078 transferret
725 2017 763 2079 ad
781 2023 990 2103 coarguendos
1004 2025 1172 2090 Donatistas
1189 2047 1196 2088 ε

221 2116 237 2153 r
261 2097 326 2159 Hoc
339 2097 500 2161 ridiculum
516 2108 560 2163 cst
573 2102 690 2180 dicere,
706 2107 876 2189 inquiebat,
893 2113 978 2192 quasi
994 2113 1032 2175 ad
1045 2131 1094 2176 me
1108 2117 1199 2197 perti-

224 2206 240 2242 υ
266 2193 336 2248 neat
349 2205 421 2250 cura
440 2191 579 2272 propria,
595 2193 654 2254 nisi
667 2195 864 2278 Hipponensis·
877 2199 1058 2266 Ecclest'oe...
1080 2207 1113 2265 In
1131 2205 1198 2267 aliis

222 2293 237 2332 o
262 2276 345 2336 enim
359 2275 528 2342 civitatibus
545 2289 658 2343 tantam
674 2285 792 2365 agimus
806 2287 887 2369 quod
901 2289 939 2350 ad
955 2291 1116 2354 Ecclesiam
1132 2313 1198 2376 per-

221 2384 236 2420 n
261 2363 352 2438 tinet,
368 2376 509 2448 quorrtom
531 2371 576 2432 vol
591 2371 673 2434 nobis
681 2375 874 2457 perronium,
891 2378 936 2442 vel
950 2380 1031 2442 nobis
1046 2383 1197 2465 imponunt

221 2473 235 2510 s
261 2454 436 2517 carumdem
448 2457 601 2521 civitatum
616 2461 823 2546 Episcopi...»

259 2543 303 2603 Ex
329 2545 464 2608 conciliis
486 2554 611 2626 autem,
642 2551 796 2616 Cononem
824 2560 862 2634 Ξ,
892 2559 1016 2622 Conciiii
1045 2565 1195 2644 generalis

220 2630 499 2717 Constantinopolit.
529 2639 542 2698 Ι
572 2659 579 2698 :
613 2659 628 2698 r
657 2641 820 2705 Secundam
851 2647 966 2728 reputas
994 2653 1166 2716 constitutos
1185 2705 1194 2734 ‚

219 2741 233 2776 n
260 2719 446 2786 Alexandriae
460 2725 585 2806 quidem
599 2729 766 2812 Episcopus
787 2753 823 2796 ea
842 2754 912 2817 qum
926 2745 996 2800 sunt
1014 2741 1045 2802 in
1063 2743 1195 2825 AEgypto

218 2829 233 2866 n
259 2813 371 2870 tontbm
386 2812 547 2892 gubernet3
564 2817 693 2881 Orientis
711 2829 811 2885 autem
826 2825 966 2910 Episcopi
987 2829 1076 2892 colias
1089 2833 1195 2896 Orien-

218 2919 233 2954 s
258 2897 296 2958 tis
310 2917 413 2961 curam
429 2911 571 2982 gerant...
589 2907 648 2970 Sed
667 2915 695 2971 et
716 2912 834 2976 Asianae
848 2913 987 2980 dioecesis
1005 2921 1143 3004 Episcopi
1159 2943 1195 2988 ea

217 3007 232 3044 o
256 2989 581 3072 praestantissimum
596 3015 665 3079 quae
675 2998 713 3060 ad
729 3001 870 3064 Asianum
886 3009 1081 3072 tantammodo
1094 3013 1194 3078 Eccle-

217 3095 232 3132 a
257 3077 333 3137 siam
347 3079 513 3159 pertinent,
530 3085 715 3165 gubernent3
728 3091 814 3153 Ponti
829 3099 930 3156 autem
945 3099 1097 3181 Episcopi,
1113 3101 1192 3166 Pon-

217 3185 231 3222 υ
256 3165 322 3229 ricco
345 3169 460 3230 tantam
486 3170 625 3236 dioecesis
646 3175 775 3241 habeant
796 3199 921 3262 curam;
946 3186 1082 3251 Thraciae
1103 3195 1190 3274 verb,

200 3265 231 3313 'o
256 3254 350 3336 ipsius
374 3261 570 3323 tantammodo
588 3263 762 3329 Thracio.»

255 3345 335 3425 Ergo
343 3346 513 3425 jurisdictio
522 3351 742 3436 Episcoporum
753 3359 891 3441 restringi
903 3369 998 3445 potest
1008 3371 1106 3450 quoad
1116 3373 1189 3438 loca.

253 3435 322 3496 253.
353 3437 389 3497 ii.
411 3438 559 3520 Restringi
576 3447 672 3522 potest
685 3447 784 3526 quoad
800 3454 950 3516 materias.
962 3491 1002 3502 —
1015 3460 1067 3522 Est
1086 3473 1191 3531 contra

215 3523 334 3584 Percira
347 3531 378 3586 et
391 3525 492 3606 plures
506 3527 581 3589 alios
597 3532 649 3611 qui
671 3537 785 3598 temere
803 3551 941 3605 asserunt
961 3546 1120 3632 Episcopos
1133 3575 1190 3636 po-

216 3617 347 3672 testatem
361 3613 523 3674 absolutam
538 3623 565 3676 ct
582 3617 768 3683 illr'mr'totom
786 3625 816 3686 in
839 3631 891 3690 saci
905 3637 1063 3716 respectr'vci
1076 3640 1191 3707 dioecesi

210 3697 381 3774 possidere:
402 3699 479 3762 titud
500 3709 614 3766 constat
633 3723 670 3766 ex
688 3709 857 3777 innumeris
872 3717 988 3800 legibus
1001 3727 1062 3790 aive
1076 3730 1093 3790 ὲ
1109 3733 1189 3794 Con·
