2546 3992
471 197 476 208 ’
498 215 585 264 anea
605 214 725 267 antuus.
1075 201 1136 264 515

201 318 271 379 919.
295 313 416 388 Quaerit.
434 313 481 376 An
497 311 729 376 Constitutiones
742 310 908 397 synodales
920 312 1052 378 condere
1065 333 1134 396 pos·

168 404 201 468 sit
222 404 390 487 Episcopus
411 403 525 484 absque
547 420 697 465 consensu
718 403 765 466 rel
787 403 913 466 consilio
934 403 1082 484 Capituli?
1097 437 1137 450 -

166 493 295 556 Observa
309 500 377 555 ante
387 491 614 573 responsionem
629 489 711 572 qudd
725 490 958 554 Constitutiones
972 490 1137 572 Synodales

164 589 233 644 sunt
247 581 305 644 illa
319 599 387 664 quae
401 580 505 644 saltem
526 581 558 642 in
576 579 699 662 Synodo
722 580 962 662 promulgantur.
979 581 1044 643 Hoc
1063 599 1138 663 prae·

164 677 284 734 notato:

201 761 292 842 llesp.
318 763 349 821 1ο
368 759 483 840 llegula
503 758 650 840 generalis
672 763 716 821 est
739 776 827 840 posse
848 757 896 822 edi
917 757 963 820 vel
990 757 1137 840 publicari

161 848 393 911 Constitutiones
406 849 437 909 in
456 848 579 929 synodo
597 848 710 930 absque
726 867 860 909 consensu
874 845 1022 930 Capituli:
1039 845 1069 909 id
1083 847 1137 910 luit

161 935 274 1019 pluries
287 937 421 1000 decisum
442 939 460 998 d
478 939 509 998 S.
527 938 675 1018 Congreg.
693 936 820 1006 Concil,
836 941 869 999 ut
882 935 983 998 videre
996 941 1042 998 est
1056 935 1137 1017 apud

163 1027 199 1088 [1.
217 1026 385 1096 Bouix‚De
402 1026 564 1107 Episcopo,
578 1031 652 1087 tom.
670 1030 751 1106 E,p.
767 1028 844 1101 3863
862 1044 910 1106 ap.
931 1025 1045 1087 Bened.
1058 1027 1135 1102 xlv,

162 1114 207 1177 lle
220 1113 357 1196 Sycurio,
372 1113 425 1175 lib.
448 1117 506 1191 13,
521 1132 587 1194 cap.
612 1117 642 1191 1,
667 1118 698 1175 et
715 1121 804 1195 prout
820 1115 884 1194 jam
897 1112 1029 1176 diximus
1046 1131 1137 1196 supra

202 1294 272 1354 950.
295 1292 362 1353 Duo
375 1309 462 1354 casus
475 1289 677 1372 excipiuntur.
692 1289 812 1352 Primus
825 1295 871 1352 est
883 1288 907 1351 si
920 1290 1046 1372 quaestio
1059 1297 1138 1353 esset

161 1377 200 1441 de
222 1380 259 1442 iis
275 1380 407 1442 materiis
425 1398 480 1462 pro
494 1380 605 1462 quibus
627 1397 794 1442 consensus
812 1378 939 1460 Capituli
960 1381 1100 1460 expresse
1119 1381 1136 1440 d

160 1471 227 1550 jure
244 1468 417 1551 requiritur,
431 1487 514 1549 r.g.,
529 1469 554 1530 si
568 1468 607 1530 de
620 1468 801 1531 alienatione
815 1485 915 1529 rerum
930 1473 960 1529 et
970 1468 1084 1547 jurium
1099 1468 1137 1530 ad

161 1557 308 1622 Ecclesias
331 1559 565 1640 pertinentium,
585 1558 632 1620 vel
656 1558 695 1620 de
715 1556 866 1620 erectione
886 1574 971 1618 novae
985 1556 1137 1618 Perochiae

162 1654 213 1709 aut
232 1648 390 1729 Dignitatis
403 1653 454 1710 aut
482 1647 699 1724 Canonicatds,
720 1646 767 1708 rel
789 1643 827 1708 de
850 1644 984 1722 unione,
1003 1645 1135 1723 disjunc-

163 1733 244 1798 tione
264 1744 315 1798 aut
333 1736 545 1820 suppressione
567 1735 784 1798 beneficiorum
805 1741 954 1816 ageretur,
974 1739 1027 1795 aut
1045 1732 1083 1796 de
1102 1734 1137 1796 iis

164 1841 231 1905 quac
251 1824 288 1886 ad
307 1825 432 1906 Capituli
456 1826 600 1888 interesse
621 1825 788 1907 specialiter
811 1829 842 1884 et
863 1821 1033 1885 notabiliter
1050 1840 1136 1905 spec·

164 1917 236 1974 tant.
259 1912 335 1976 Vide
349 1913 462 1990 Bouix,
478 1913 522 1976 De
538 1913 702 1994 Capitulis,
719 1931 750 1994 p.
766 1915 836 1988 387,
852 1917 910 1974 etc.

201 2005 269 2064 951.
293 2002 450 2064 Secundus
460 2019 547 2064 casus
561 2008 605 2062 est
619 2002 645 2062 si
658 2001 797 2062 existeret
807 2000 940 2080 legitima
949 1999 1137 2063 consuetudo

162 2090 340 2171 exquirendi
367 2089 494 2171 Capituli
517 2105 710 2150 consensum.
731 2091 774 2148 lta
794 2086 930 2150 decisum
951 2088 968 2147 1
988 2088 1018 2149 S.
1040 2089 1134 2169 Cong.

163 2179 269 2254 Cone,
278 2177 311 2238 in
324 2178 409 2240 consti
423 2177 571 2259 Burpeaai
578 2227 584 2247 ,
601 2181 635 2239 ut
647 2175 748 2239 ridere
761 2182 807 2238 est
820 2193 869 2258 ap.
884 2173 1137 2254 cancamum

164 2265 253 2348 Sym,
267 2266 318 2330 lib.
335 2269 467 2349 l3,cttp.
484 2271 514 2342 1,
531 2285 565 2327 no
579 2270 608 2329 9.

202 2359 272 2420 953.
296 2357 385 2439 ltesp.
410 2359 442 2417 2⁰
462 2355 578 2436 Regula
596 2354 687 2417 etiam
711 2352 860 2436 generalis
883 2357 948 2428 est,
963 2369 1026 2414 non
1039 2352 1137 2417 valera

163 2445 394 2508 Constitutiones
407 2443 587 2527 synodales,
598 2444 655 2506 nisi
667 2445 835 2525 Episcopus
844 2441 971 2524 Capituli
985 2439 1137 2504 seruilium

162 2535 472 2618 exquirat,quamvis
493 2533 566 2597 illud
587 2534 672 2616 sequi
695 2551 757 2595 non
779 2538 927 2595 teneatur.
944 2532 1009 2594 Hoc
1022 2539 1138 2596 constat

162 2643 198 2686 ex
214 2625 286 2688 Can.
304 2622 564 2707 Epr'scopus,dist-.
577 2627 635 2698 91,
654 2629 685 2684 et
703 2640 771 2703 cap.
789 2621 868 2683 Olim
879 2625 916 2682 11
929 2667 937 2698 ,
950 2619 995 2682 De
1009 2619 1137 2684 errati..-

167 2736 182 2772 ι(
203 2713 233 2776 Si
249 2713 431 2797 Episcopus,
446 2713 617 2775 inconsulto
632 2711 787 2795 Capitulo,
800 2727 893 2772 noras
906 2709 1137 2772 Constitutiones

166 2828 179 2860 a
202 2799 348 2879 ediderit,
362 2809 452 2884 atque
467 2802 498 2863 in
513 2801 636 2883 Synodo
649 2798 901 2883 promulgaverit,
916 2798 974 2860 illae
988 2797 1132 2881 proiectd,

163 2911 177 2946 s
202 2896 305 2972 utpote
318 2889 493 2953 deficientes
506 2892 523 2952 a
538 2891 646 2951 normt
667 2890 685 2950 ta
703 2889 771 2968 iure
792 2887 981 2970 praescriptd,
998 2886 1137 2951 firmitate

161 2997 174 3039 u
202 2979 362 3057 carebunt;
378 2978 550 3062 quamvissi
562 2978 649 3059 justae
663 2984 692 3039 et
703 2976 895 3039 rationabiles
908 2974 1137 3057 deprehendan-

161 3090 174 3124 υ
202 3073 262 3142 tur,
278 3071 376 3132 sanari
396 3075 509 3151 queant
528 3069 547 3130 1
568 3069 600 3130 S.
617 3067 727 3149 Congr.
742 3065 911 3129 concilii.»
929 3065 1041 3129 Bened.
1057 3069 1135 3146 xlv,

163 3155 215 3219 lib.
232 3161 287 3234 13,
302 3176 370 3239 cap.
387 3162 416 3234 1,
432 3169 466 3218 n⁰
481 3160 531 3219 16.

202 3257 272 3317 953.
297 3257 320 3315 Α
342 3253 530 3336 praecedente
539 3252 660 3334 regula,
683 3252 878 3334 excipiendus
900 3257 946 3316 est
966 3271 1053 3318 casus
1075 3272 1134 3335 quo

164 3343 274 3424 rigeret
288 3342 475 3406 consuetudo
489 3343 622 3425 legitime
638 3343 824 3424 praescripta,
838 3350 872 3405 ut
889 3344 1056 3424 Episcopus
1069 3344 1132 3405 abs·

164 3451 223 3514 que
238 3433 300 3494 ullo
315 3431 441 3514 Capituli
464 3431 592 3496 consilio
614 3431 780 3514 synodales
802 3431 1036 3493 Constitutiones
1049 3429 1136 3495 edere

164 3523 267 3602 possit.
284 3519 358 3584 l'ide
374 3520 484 3584 Bened.
502 3521 582 3594 xlv,
596 3521 641 3584 De
654 3523 730 3603 Syn.
746 3519 871 3595 dioeoea„
889 3519 940 3581 lib.
957 3521 1013 3590 13,
1027 3537 1093 3600 cap.
1106 3523 1136 3600 l,

166 3617 199 3672 u⁰
213 3611 252 3692 8,
266 3609 319 3676 ubi
340 3609 449 3694 allegat
468 3627 538 3689 usp.
561 3611 614 3674 Eo
636 3611 779 3689 meatur,
793 3609 829 3672 de
849 3609 897 3671 dir
909 3627 975 3691 quo
992 3608 1093 3691 fluam·
1107 3612 1139 3675 ar
