2496 3992
496 224 588 274 munt.

512 408 572 466 beat
596 423 654 466 esee
676 405 768 463 doctor
792 403 820 460 in
842 401 901 479 juro

514 519 647 557 canonico.
695 539 703 558 .
749 537 758 556 .
800 539 807 556 .
892 535 901 554 .

279 595 406 654 Punctum
417 596 559 654 llll-An
568 595 682 652 Vicariuo
694 591 847 668 Capitularic
856 589 902 648 de·

965 215 1025 273 720

930 322 1024 379 Paetus.

515 691 574 749 beat
587 689 683 748 assumi
697 689 730 746 de
743 689 844 763 gremio
858 703 903 744 cu-
947 701 951 706 ·

518 785 654 861 pituli..
700 821 902 842 .....

281 881 407 938 Punctum
417 879 545 938 lle-An
562 879 689 956 parochus
707 877 789 953 poscit
802 875 863 951 eligi
876 875 904 932 in

515 973 644 1030 vicarium
658 972 841 1048 Capitulareui.
895 1012 903 1028 .

281 1067 409 1125 Punctum
416 1068 447 1126 ll.
455 1068 523 1125 -llo
538 1077 614 1126 aetite
626 1077 653 1124 et
662 1067 720 1124 aliis
733 1066 864 1142 requisitio
876 1064 904 1122 in

520 1165 809 1240 llicarioCapitulari..
848 1206 856 1222 .
894 1204 903 1223 .

281 1259 408 1318 Punctum
419 1259 543 1316 lli-td
556 1277 634 1333 quem
649 1258 799 1316 devolvatur
811 1256 906 1314 electio

518 1353 611 1410 vicarii
629 1352 781 1428 Capitulania
798 1351 825 1410 in
844 1369 906 1410 casu

518 1466 572 1506 non
581 1449 656 1506 sacto
668 1447 802 1504 electionis
810 1449 824 1504 l
833 1447 906 1523 copi-

517 1541 572 1600 tulo
593 1542 632 1598 uel
655 1541 760 1598 nullitec
781 1542 865 1599 sactae.
897 1581 906 1602 .
1020 1585 1029 1604 .

61 1637 139 1694 litt.
283 1635 410 1694 Punctum
424 1636 481 1692 llll.
491 1667 526 1678 -
540 1635 677 1703 Quomodo
703 1635 790 1710 peragi
814 1635 907 1693 debeat

515 1729 607 1786 electio
622 1729 715 1786 Vicarii
743 1727 903 1804 capitularis.
990 1737 995 1750 '

61 1825 137 1882 ¹250.
245 1823 303 1901 tlt.
320 1857 356 1869 —
369 1825 506 1893 Quomodo
526 1841 584 1883 aesc
609 1826 721 1883 habeant
742 1826 774 1883 ad
797 1826 906 1883 invicem

394 1920 638 1994 quoadpotestatcm
646 1919 791 1995 Capitulum
801 1928 827 1977 et
837 1920 907 1977 Vica-

396 2017 450 2070 rius
460 2015 612 2090 capitularis
614 2055 903 2074 .......

61 2111 137 2166 nou
248 2107 500 2186 §illm-Quaeuam
526 2111 560 2166 sit
585 2119 699 2185 potestus
728 2109 836 2186 Capituli
864 2120 908 2169 ant

394 2201 485 2258 Vicarii
499 2202 652 2278 capitularis
654 2243 905 2263 ......
998 2207 1003 2226 ’

63 2301 138 2358 1253.
285 2299 413 2358 Punctum
424 2301 445 2358 1.
458 2301 492 2344 ·-'
508 2301 543 2358 De
556 2301 708 2358 extcnsione
717 2302 909 2377 potestatiatia·

519 2394 593 2469 pituli
607 2392 739 2452 etlicarii
756 2395 908 2471 Capitnlnria

518 2491 545 2545 in
563 2498 701 2564 generent
721 2491 747 2546 in
761 2492 856 2566 cpccie.
894 2531 903 2550 .

64 2591 138 2650 1259.
285 2589 411 2646 Punctum
424 2585 532 2645 ll.-De
542 2594 669 2662 potestate
677 2585 787 2661 Capituli
799 2585 907 2643 etlica-

519 2681 552 2738 rii
561 2680 694 2738 Generalis
705 2681 732 2737 in
749 2680 906 2758 particulari.

66 2779 141 2838 tnui.
287 2775 415 2835 Punctum
425 2775 507 2834 lll.-
518 2774 655 2842 Quomodo
672 2774 772 2852 expiret
794 2781 908 2850 potestas

520 2870 631 2946 Capituli
652 2877 679 2928 et
695 2869 786 2927 Vicani
802 2867 908 2943 Capitu-

520 2965 1008 3028 larin'.·.·..'
