2506 3984
183 246 242 308 oct
403 261 542 308 annuam
562 262 663 308 corros
683 263 765 310 auara
785 262 933 308 canorum.

183 363 357 426 linteamina
370 369 400 426 et
414 367 589 444 paramenta
597 361 703 426 sacrat
715 363 774 426 Sed
783 362 850 427 vide
861 363 939 426 iufra
948 366 1163 443 (11701111).

182 449 710 534 Concessissepraefatamfaeultatem
718 451 876 534 delegandi
884 453 1164 534 omnibusEpisco·

183 541 229 623 pis
243 541 330 603 nobis
348 541 474 604 asseruit
494 542 525 602 S.
548 539 684 602 Pontifex
698 542 770 604 Pius
792 544 848 613 lx,
865 541 897 604 in
918 539 1075 605 audientia
1092 541 1164 605 datd

184 629 380 712 presentibus
390 629 574 710 Archiepisc.
588 628 719 710 Aquensi
726 636 756 692 et
763 630 899 712 pluribus
906 630 1117 694 sacerdotibus
1126 651 1164 693 er

184 719 618 798 ejuscler0‚annor8m.-1t.
631 717 733 780 Andre
741 717 846 796 (Conrs
854 717 889 782 de
897 718 1161 801 droiteunonr'que,

184 815 214 868 v⁰
240 806 352 870 Vicuire
363 805 484 888 penerel
491 853 499 882 ,
511 825 541 888 p.
557 809 628 882 331)
639 805 768 869 affirmat
780 807 965 890 Episcopum
977 825 1067 890 posse
1080 815 1111 870 et
1125 807 1162 870 da

185 894 263 958 facto
276 896 307 956 in
331 895 424 957 Gallia
436 895 602 957 cinaedere
622 893 745 958 Vicariis
765 897 827 958 suis
850 895 1047 958 Generaliltus
1069 895 1161 959 facul

185 991 277 1046 tatem
290 1002 445 1065 componas
454 983 533 1064 ipsas
539 983 752 1050 manicanti:
764 983 836 1048 huic
844 985 963 1048 obstare
969 983 1089 1047 ridetur
1098 1003 1164 1047 non

186 1073 284 1135 solum
298 1072 410 1134 decisio
423 1089 514 1154 supra
526 1071 638 1149 relata,
652 1072 706 1134 sed
719 1074 802 1155 quod
815 1075 906 1137 etiam
921 1075 953 1136 in
967 1075 1003 1137 et
1015 1073 1164 1138 benedic-

187 1162 268 1224 tione
281 1159 456 1223 adhibeatur
470 1161 500 1222 S.
517 1160 652 1222 Chrisma
665 1168 695 1222 et
705 1161 807 1226 oleum
821 1161 1024 1226 intirmorum.

228 1255 316 1314 atra.
332 1253 419 1312 -31
441 1249 576 1312 Vicarius
600 1251 754 1314 Generalis
773 1253 826 1333 qui
846 1251 969 1316 aliunde
994 1269 1058 1314 non
1083 1258 1166 1316 esset

188 1343 288 1404 Prima
302 1339 437 1420 Dignitas
458 1339 605 1420 Capituli,
626 1357 688 1402 non
709 1346 822 1421 potest,
845 1341 968 1404 absente
988 1340 1164 1424 Episcopo,

188 1447 329 1493 exercere
353 1428 524 1490 functiones
547 1427 749 1510 episcopales,
770 1448 799 1492 v.
823 1449 854 1512 g.
876 1431 983 1492 missas
1009 1429 1166 1493 celebrare

189 1519 295 1582 diebus
308 1517 553 1592 solemnioribus
563 1514 679 1578 deferre
693 1518 746 1580 SS.
763 1519 992 1582 Sacramentum
1002 1518 1048 1580 vel
1062 1536 1166 1583 sacras

189 1607 332 1689 reliquias
344 1608 377 1668 in
391 1604 722 1688 processionibuS,etc.,
731 1608 847 1670 etiamsi
858 1607 1016 1689 specialem
1027 1607 1066 1669 ab
1075 1609 1166 1690 Epis·

189 1715 266 1778 copo
280 1695 442 1776 accepisset
463 1691 652 1765 facultatem,
674 1695 747 1775 quia
767 1695 806 1758 de
818 1697 886 1776 jure
898 1696 1054 1759 communi
1068 1697 1166 1777 (quod

122 1817 123 1822 κ
190 1785 355 1866 Episcopus
369 1782 475 1862 nequit
488 1781 669 1861 immutare),
680 1780 746 1846 haec
758 1785 911 1865 pertinent
919 1783 957 1846 ad
964 1783 1096 1846 Primam
1112 1785 1167 1848 Ca·

190 1873 275 1956 pituli
290 1871 472 1953 Dignitatem
485 1875 514 1931 et
532 1868 571 1930 ad
592 1868 666 1931 alios
688 1872 882 1954 capitulares.
900 1873 974 1935 Vide
988 1873 1102 1950 Bouix,
1122 1875 1167 1937 De

191 1961 304 2038 lauta,
316 1968 338 2022 t.
356 1965 394 2038 r,
410 1981 440 2044 p.
456 1965 525 2023 aaa.

232 2051 321 2112 1173.
337 2084 376 2097 -
389 2055 421 2113 4⁰
435 2053 511 2116 Cirm
526 2072 582 2116 nec
600 2054 767 2136 Episcopus
784 2049 879 2133 possit
894 2049 1065 2114 consentire
1079 2051 1166 2134 qudd

192 2139 291 2203 clerici
307 2139 422 2220 litigent
435 2160 536 2204 coram
549 2142 651 2222 judice
666 2141 741 2202 laico
753 2187 761 2217 ,
775 2157 833 2202 nec
847 2139 939 2202 etiam
953 2141 970 2201 a
983 2138 1099 2202 fortiori
1114 2161 1166 2223 po

193 2235 249 2292 test
262 2229 397 2291 Vicarins
411 2231 565 2293 Generalis
583 2233 736 2310 (Lauren,
752 2247 802 2311 ap.
819 2229 934 2303 11ουί1,
955 2227 1014 2306 fla,
1029 2247 1060 2310 p.
1080 2233 1165 2313 435).

234 2323 321 2380 1111.
345 2319 465 2391 Ouaerit.
490 2323 523 2382 3⁰
542 2322 686 2392 Quaenam
705 2319 765 2380 sint
784 2335 853 2399 quae
873 2317 949 2381 scitu
966 2321 1062 2398 magis
1076 2320 1169 2382 utiles

194 2415 280 2484 sunt,
296 2427 331 2470 ex
347 2408 522 2470 materiisad
536 2428 624 2490 quae,
642 2409 706 2470 sine
721 2405 841 2489 speciali
855 2406 993 2488 Episcopi
1009 2407 1167 2486 mandato,

194 2516 259 2562 sese
275 2495 407 2560 extendit
420 2497 570 2560 ordinaria
581 2497 688 2559 Vicani
702 2495 855 2558 Generalis
866 2495 1042 2576 jurisdictio.

234 2588 323 2668 Resp.
340 2603 405 2648 esse
417 2594 578 2667 sequentes
594 2606 601 2648 :
618 2590 648 2647 1ο
668 2588 724 2649 Jus
744 2583 834 2646 trabat
852 2583 989 2646 Vicarius
1011 2585 1168 2652 Generalis

195 2673 392 2738 concurrendi
412 2674 443 2736 in
464 2674 720 2738 administratione
734 2679 990 2735 sacramentorum
1007 2680 1038 2736 et
1058 2675 1168 2756 pradi-

196 2765 312 2826 catione
326 2763 505 2826 cumulative
515 2782 585 2826 oum
599 2762 741 2826 omnibus
754 2759 865 2823 curatis
876 2759 1022 2824 dioecesis.

235 2858 267 2916 2⁰
289 2852 420 2914 Absente
432 2853 579 2935 Episcopo
588 2871 642 2934 per
650 2852 732 2915 diem
745 2849 871 2928 itineris,
879 2855 978 2931 potest
990 2849 1168 2933 dispensare,

197 2944 229 3006 in
244 2939 407 3004 interstitiis
425 2941 578 3019 ordinum,
593 2949 623 3003 et
636 2940 747 3003 litteras
766 2937 980 3000 dimissoriales
997 2941 1167 3005 concedere
1245 2923 1246 2970 ³

198 3033 280 3112 (Gap.
298 3030 369 3092 Ctnn
388 3029 506 3104 nullus,
525 3029 560 3092 dc
574 3037 694 3112 tempor.
717 3027 827 3101 ordin„
844 3027 876 3089 in
890 3031 933 3105 θ’,
952 3045 1023 3090 cum
1036 3027 1166 3110 Glosst).

198 3121 349 3180 Praesente
369 3125 470 3180 autem
488 3119 657 3199 Episcopo,
678 3114 852 3197 hujusmodi
873 3115 1031 3178 convalet
1050 3117 1168 3199 absque

198 3205 319 3290 speciali
327 3206 393 3285 ejus
402 3206 611 3269 commissione
621 3207 774 3286 (Ferraris,
785 3212 815 3267 v⁰
831 3202 909 3266 Ordo
920 3250 928 3282 ,
939 3210 992 3268 art.
1007 3207 1042 3282 3,
1055 3217 1091 3266 n·
1103 3209 1165 3287 39).

238 3299 270 3357 3ο
294 3296 393 3356 Potest
419 3294 572 3357 absolvere
592 3295 630 3356 ab
649 3292 960 3356 excommunicatione
981 3311 1074 3375 quam
1098 3297 1170 3358 tulit

200 3385 367 3465 Episcopus
378 3381 424 3444 vel
438 3383 531 3462 ipsius
544 3383 712 3464 Delegatus,
723 3381 769 3446 vel
782 3397 874 3462 quam
889 3380 1017 3464 ipsemet
1036 3383 1106 3445 tulit
1112 3385 1169 3446 Vi·

203 3473 299 3534 2arius
313 3470 481 3540 Generalis,
499 3487 560 3530 uon
574 3477 673 3531 autem
691 3487 783 3552 quam
796 3468 911 3532 tulisset
927 3471 970 3532 uti
988 3471 1166 3554 Delegatus,

201 3558 315 3638 absque
329 3557 446 3638 speciali
461 3556 598 3638 Episcopi
614 3556 761 3619 facultate

241 3650 273 3712 t·
294 3645 395 3712 Potest
406 3642 571 3710 concedere
589 3643 760 3712 facultatem
780 3643 951 3708 absolvendi
963 3643 1002 3706 ab
1019 3645 1167 3714 omnibus
1245 3705 1246 3710 ,

1235 3734 1243 3753 ‘
