2496 3992
4 3617 32 3645 ξ.

2 3654 67 3696 'aa

128 3794 138 3817 ’θ

136 3823 151 3874 i

140 3877 155 3895 ι.

221 263 280 324 674
430 283 573 329 annuens
593 283 697 328 rorrns
718 283 799 327 vonis
819 282 968 328 cenovtm.

221 392 374 456 Gregoriox,
385 395 520 444 lleeessore
536 398 633 454 Nostro,
650 395 676 444 iu
690 395 800 445 Concilio
825 396 988 460 lugdunensi
1009 396 1033 446 ll
1050 397 1084 446 de
1101 397 1182 446 electis

222 466 362 528 acepitulis
380 467 513 515 constituta
534 472 593 517 sont
611 470 629 522 ⁴,
658 472 870 532 comprehendere
896 469 972 517 etiam
995 471 1143 519 nominatos
1160 485 1181 526 er

222 544 381 600 praesentatos
392 539 535 601 asupremis
551 540 708 604 publicarum
718 554 800 590 rerum
815 540 1025 599 moderatoribus,
1039 541 1098 590 sive
1109 542 1182 603 impe·

222 617 314 659 ratores
329 611 384 659 sint.
396 612 449 660 eive
459 627 538 673 reges,
550 615 601 661 sive
611 614 697 665 duces.
717 613 756 661 vel
771 611 890 674 presides
905 616 930 660 et
949 614 1182 674 quomodocumque

223 687 404 744 rrurrcnpentur,
415 683 455 744 qui
467 697 497 731 ex
510 685 532 731 S.
543 683 788 741 Sedisconcessione,
797 698 842 732 seu
855 683 990 747 privilegio.
999 684 1060 746 jure
1073 685 1182 747 gaudent

224 754 366 803 nominandi
376 759 401 803 et
416 756 579 816 praesentandi
591 756 621 802 ad
647 757 720 803 sedes
735 755 890 817 episcopales
904 757 929 803 in
955 755 1008 803 suis
1031 757 1180 819 respectisis

222 827 357 875 ditionibus
367 832 501 884 vacantes;
520 827 649 875 abolentes
661 825 760 886 idcirce,
777 833 914 886 cassantes,
929 835 955 874 et
970 826 1073 889 penitus
1095 827 1182 875 aunul-

223 899 302 946 lantes
315 911 396 954 osum,
414 912 457 946 seu
474 898 555 960 potius
570 899 686 959 abusum,
702 899 749 946 snb
764 899 850 955 quovis
868 898 949 955 titulo,
964 899 1004 947 vel
1019 903 1148 960 praetenso
1161 905 1184 945 et

222 974 316 1017 asserto
332 968 469 1030 privilegio,
488 968 593 1030 quaesito
607 971 689 1016 colore
702 973 727 1017 et
738 982 896 1031 quacumque
909 983 994 1030 causa,
1004 970 1065 1019 licet
1078 969 1183 1032 speciali

223 1046 247 1089 et
263 1054 379 1101 expressa
395 1040 614 1103 mentionedigna.
632 1041 657 1087 in
679 1040 828 1102 quibusdam
855 1041 937 1103 regnis
966 1056 1011 1090 seu
1036 1042 1182 1105 regiivnibos

223 1112 359 1173 prasertim
378 1111 521 1174 longinquis
537 1113 733 1174 involutumque
748 1112 885 1173 Capitulum
902 1112 1016 1163 eeclesiae
1031 1112 1183 1162 cathedralis

225 1181 342 1241 vacantis,
373 1184 510 1245 obsequens
535 1182 673 1230 invitationi
684 1197 727 1230 seu
740 1184 862 1241 mandato,
881 1184 939 1232 lieet
964 1185 1049 1232 verbis
1064 1187 1184 1246 depreea-

225 1254 293 1303 toriis
308 1259 431 1316 concepto,
454 1268 576 1315 supremae
591 1253 669 1301 civilis
683 1254 816 1315 potestatis,
833 1256 968 1304 concedere
989 1260 1016 1304 et
1041 1256 1185 1302 transferre

224 1325 358 1388 praesuunt,
372 1339 400 1373 ac
414 1326 445 1373 de
458 1325 522 1373 lucto
531 1324 645 1373 concedit
659 1329 684 1374 et
700 1326 817 1373 transient
833 1324 1023 1374 innominatum
1038 1331 1064 1373 et
1075 1340 1185 1388 praesen·

225 1402 301 1446 tatum
316 1397 346 1444 ad
364 1397 474 1445 eamdem
491 1395 621 1444 ecelesiam
632 1395 700 1444 illius
714 1410 807 1454 curam,
823 1397 933 1460 regimen
948 1401 972 1446 et
985 1396 1184 1446 administratio·

225 1481 291 1526 nem,
306 1481 407 1528 eamque
425 1466 567 1515 nominatus
591 1471 615 1513 et
644 1472 815 1528 praesentatus,
839 1469 886 1516 snb
912 1468 1011 1517 nomine
1037 1467 1184 1525 Provisor'u,

227 1538 313 1587 Vicarii
325 1539 457 1601 generalis,
470 1537 549 1586 aliove
561 1538 660 1587 nomine
672 1539 806 1600 gerendam
817 1539 921 1602 suscipit
933 1547 990 1588 ante
1002 1537 1184 1588 exhibitionem

226 1612 364 1659 litterarum
395 1610 600 1672 Apostolicorum,
631 1610 666 1657 uti
704 1610 818 1671 superins
843 1611 935 1659 dictum
966 1615 1016 1668 est,
1055 1611 1090 1657 de
1118 1624 1184 1657 more

227 1682 372 1740 taciendam,
386 1686 479 1730 remoto
493 1681 595 1743 proinde
610 1680 704 1729 vicario
718 1682 859 1744 capitulari,
887 1680 930 1743 qni
945 1696 976 1731 ex
989 1680 1054 1744 juris
1082 1680 1184 1743 disposi-

228 1755 294 1804 tione
312 1760 360 1804 toto
374 1759 484 1817 tempore
500 1753 636 1801 vacationis
645 1754 759 1803 ecclesiae
771 1768 825 1802 eam
840 1754 1013 1802 administrare
1036 1768 1068 1803 ac
1098 1767 1183 1816 repere

227 1827 307 1874 debet.
333 1825 511 1874 Conllrmantes
526 1828 608 1873 autem
630 1824 678 1872 alia
702 1825 777 1873 etiam
805 1826 967 1874 Ileeessorum
986 1826 1147 1884 Nostrorum,
1162 1829 1183 1872 et

227 1898 364 1960 praesertim
389 1912 423 1945 sa.
439 1911 485 1945 me.
502 1897 536 1944 l'ii
555 1896 596 1943 vlt
611 1897 712 1945 Decreta
733 1902 758 1946 et
783 1896 965 1959 dispositiones,
988 1898 1148 1946 declaramus
1163 1902 1182 1942 et

228 1968 391 2023 decernimos.
406 1972 433 2016 ut
446 1966 469 2015 si
483 1967 576 2016 interea
592 1966 707 2015 Vicarius
720 1967 866 2030 Capitnlaris
881 1967 1085 2027 decesserimus
1101 1972 1181 2031 sponte

228 2055 273 2089 sua
288 2040 382 2090 muneri
396 2039 582 2097 renuntiaverit,
599 2045 641 2086 aut
664 2039 755 2087 exalia
768 2052 842 2088 causa
855 2038 963 2088 officium
976 2038 1058 2102 ipsum
1076 2041 1182 2103 lepitinc

229 2112 430 2167 vacaverit,tnnc
451 2111 599 2173 Capitulum,
627 2110 665 2158 vel
691 2110 800 2173 Gapitnlo
821 2109 1021 2174 deficiente,qui
1037 2117 1185 2173 potestatem
1246 2131 1247 2137 ¹

228 2187 301 2234 habet
317 2183 451 2245 deputandi
465 2182 575 2230 vacantis
600 2182 715 2230 Ecclesia
732 2182 969 2241 administratorem,
994 2197 1040 2231 reu
1053 2182 1184 2241 llioarium,

229 2271 319 2306 novum
332 2257 429 2318 quidem
447 2253 577 2312 vicarium,
589 2254 628 2302 vel
645 2253 872 2302 administratorem
895 2255 977 2317 eligat,
988 2267 1119 2315 nunquam
1131 2268 1185 2302 rere

229 2331 333 2378 electrnn
352 2327 376 2375 in
390 2326 534 2387 episcopum
549 2338 563 2370 a
576 2324 704 2385 Capitulis,
720 2329 791 2372 anta
816 2324 879 2373 laica
893 2329 1015 2388 potestate
1034 2325 1186 2373 nominatum

229 2415 273 2451 sen
289 2402 460 2461 praesentatum
472 2397 502 2444 ad
517 2396 607 2444 dictam
621 2394 752 2444 ecclesiam
760 2403 898 2457 vacantem,
914 2395 986 2458 cujus
1002 2396 1187 2445 electionemac

230 2471 423 2535 deputationum,
449 2467 468 2515 si
494 2482 546 2515 eant
562 2466 708 2528 Capitulum,
740 2468 778 2515 vel
801 2467 876 2527 alius,
904 2466 939 2515 nti
964 2481 1048 2530 supra,
1068 2479 1188 2530 peragere

230 2541 422 2608 praesumpserit,
436 2553 572 2595 cassamus,
589 2539 747 2586 annullamus
761 2542 785 2586 et
796 2539 901 2587 omnino
914 2539 1008 2587 irritam
1024 2540 1187 2588 declaramus

262 2615 411 2664 Gonlldimus
431 2619 514 2660 autem
531 2610 668 2673 nignitates
682 2615 707 2658 et
721 2611 858 2660 canonicos
874 2611 1054 2660 cathedralium
1070 2612 1187 2661 ecclesia·

232 2703 285 2738 rum
306 2684 456 2743 vaccinium,
481 2697 510 2732 ac
550 2683 604 2731 iilos
643 2682 696 2744 qui,
723 2681 897 2731 deficientibus
927 2683 1054 2744 Capitulis,
1083 2684 1188 2733 vicarios

232 2764 358 2822 deputant,
384 2762 427 2805 aut
464 2759 579 2804 vacantes
608 2752 725 2803 ecclesias
759 2754 871 2816 legitime
913 2754 1097 2809 administrent.
1120 2756 1189 2816 pleno

233 2835 414 2893 exsequnturos
435 2842 488 2889 quoe
505 2829 573 2876 lusce
583 2826 676 2874 Nostris
701 2825 800 2876 Litteris
821 2826 945 2875 declarata
960 2831 985 2875 et
997 2828 1100 2875 decreta
1115 2835 1188 2885 sunt;

234 2906 275 2953 nbi
287 2917 351 2955 vero.
362 2902 426 2962 quod
444 2901 505 2947 bons
520 2902 622 2955 avertat,
641 2911 671 2946 ea
685 2896 775 2959 exequi
789 2898 990 2959 detrectaverint,
1004 2912 1034 2946 ac
1054 2900 1189 2947 concedere

233 2983 258 3025 et
271 2974 403 3023 transferre
417 2973 444 3019 in
463 2972 616 3018 norninatum
631 2975 655 3018 et
678 2970 901 3031 praesentaturum
931 2970 1044 3018 eamdem
1059 2968 1189 3018 ecclesiam
1244 2985 1245 3002 ¹

233 3051 287 3108 ejus
299 3059 391 3102 curam,
403 3044 514 3106 reqirnen
530 3048 554 3091 et
569 3040 820 3096 administrationem,
835 3042 885 3089 snb
895 3041 1071 3102 quovistitulo,
1084 3040 1190 3100 nomine,

234 3115 335 3180 quaesito
364 3116 446 3164 colore
474 3115 526 3162 nusi
566 3113 667 3170 luerint,
706 3119 797 3174 praeter
826 3112 966 3161 nullitatem
987 3112 1040 3176 jam
1066 3113 1190 3162 decretam

234 3187 358 3252 praedictae
385 3184 555 3234 concessionis
583 3189 607 3233 et
642 3182 819 3242 translationis,
851 3184 967 3246 prelatos
1002 3183 1134 3232 canonicos
1164 3196 1191 3231 ac

235 3261 370 3325 dignitates
384 3256 755 3318 excommunicationismajnris
785 3268 882 3304 necnon
903 3254 1048 3318 privationis
1067 3255 1190 3303 fructuum
1243 3283 1244 3307 2

233 3338 284 3387 ecel
294 3334 456 3383 siasticorum
464 3331 639 3380 beneficiorum
651 3327 1037 3391 quorumcumque,aliorumque
1049 3328 1190 3378 reddituum

235 3406 454 3458 ecclesiasticorum
472 3417 569 3466 percos
590 3401 726 3464 respective
749 3402 917 3459 obtentorum,
940 3399 1054 3449 similiter
1084 3415 1115 3449 eo
1140 3400 1191 3463 ipso

236 3479 387 3529 incurrendis
410 3475 489 3541 prauis
513 3473 669 3531 innodamus,
699 3475 724 3521 et
753 3472 883 3522 innodatos
903 3473 956 3522 lore
981 3471 1150 3533 deceruimus,
1169 3480 1192 3523 et

262 3642 282 3685 l.
299 3641 349 3694 Cap.
361 3639 474 3693 traduc,
488 3638 514 3681 de
526 3636 637 3689 electione,
653 3635 673 3679 in
687 3636 719 3684 θ’.
752 3693 756 3701 ⁴
