2546 3992
495 209 580 258 urens
600 210 717 258 neruus.
1035 201 1092 262 881

168 319 198 379 1·
218 317 275 380 Pro
288 316 433 398 spirituali
448 317 705 380 administratione
721 317 852 398 eligendi
869 324 938 382 suut
955 319 994 382 ab
1008 321 1089 399 Epis·

125 421 215 482 copo,
225 405 1094 488 degremioilapitulicathedralisduudanonici,quorum

124 493 283 556 consitium
295 496 452 574 exquirere
463 495 551 556 debet
562 496 997 576 Episcopusinoonstituendis
1008 516 1092 577 regu·

126 580 162 644 lis
177 585 391 646 universalibus
401 585 572 658 seminarii,
586 585 615 644 in
626 586 772 648 electione
793 585 985 648 alumnorum
998 586 1092 648 intro-

125 669 1094 755 docendorum‚iniibrorumdelectu,inpunitionedyscolorum,

126 757 158 822 io
179 761 406 839 visitationibus,
427 763 459 824 in
473 762 621 826 electione
635 771 663 825 et
679 765 846 826 remotione
871 763 1093 846 magistrorum,

125 850 316 932 contessoris,
330 860 360 916 et
380 851 527 917 similibus
541 851 665 934 (Concil.
681 853 830 931 Tridcut„
845 851 915 937 iu).

164 971 234 1040 930.
265 981 300 1040 2⁰
327 977 388 1042 Pro
415 976 673 1040 administratione
708 995 781 1040 reno
808 979 992 1059 temporali,
1024 980 1097 1044 dicit

126 1065 162 1127 D.
191 1065 361 1150 Bouix(1)e
383 1066 545 1149 Capitulis,
570 1085 600 1148 p.
624 1071 700 1142 181,
721 1065 806 1150 etc),
834 1067 917 1148 quod
942 1069 1010 1132 dum
1036 1071 1097 1132 sint

125 1151 193 1217 aliae
220 1157 451 1218 commissiones
478 1157 670 1218 instituendae
695 1174 703 1216 ε
729 1173 789 1218 una
807 1174 916 1236 nempe
935 1157 1096 1222 contianda

125 1261 161 1304 ex
198 1243 320 1306 duobus
368 1244 541 1317 canonicis,
570 1261 702 1324 quorum
736 1244 810 1306 alter
845 1246 884 1307 ab
923 1248 1094 1326 Episcopo,

121 1331 198 1414 alter
213 1347 315 1394 veroa
335 1331 475 1412 Capitulo
493 1332 653 1411 eligendus
673 1333 722 1408 sil,
736 1339 766 1394 et
782 1333 950 1394 exduobus
964 1335 1095 1400 declaro

125 1421 261 1495 civitatis,
277 1440 408 1502 quorum
423 1423 513 1484 unius
527 1423 634 1484 eiectio
645 1420 826 1483 sinrititerad
843 1423 1036 1504 Episcopum,
1049 1427 1095 1488 al-

125 1511 216 1574 terius
229 1512 267 1574 ad
280 1511 396 1575 clerum
411 1517 501 1575 totius
514 1510 654 1574 dioecesis
673 1511 829 1591 pertineat.

164 1643 234 1704 931.
252 1642 288 1704 Et
308 1630 440 1704 seou'nda
454 1659 524 1722 qum
538 1639 661 1702 contiari
676 1641 788 1720 pariter
807 1641 895 1705 debet
917 1659 953 1705 ex
975 1643 1095 1709 duobus

124 1731 289 1800 canonicis,
306 1731 391 1792 seda
414 1729 480 1792 solo
500 1729 639 1807 Capituio
656 1729 817 1810 deputetis,
834 1739 865 1792 et
888 1731 1009 1795 duobus
1029 1735 1094 1796 aliis

124 1819 240 1882 clericis
264 1837 282 1880 a
300 1819 425 1881 civitatis
438 1819 519 1881 ciero
533 1819 677 1882 duntaxat
690 1821 850 1898 deputatis.
873 1821 932 1882 Sed
947 1839 983 1883 ex
1008 1822 1093 1884 deci-

125 1908 209 1971 sione
219 1909 250 1970 S.
264 1907 374 1988 Congr.
390 1907 513 1970 Consilii
526 1911 562 1970 81
580 1915 667 1970 mart.
686 1911 774 1981 1855,
791 1915 820 1970 et
832 1910 922 1991 liesp.
936 1910 1093 1974 secretarii

124 1999 259 2078 ejusdem
271 1999 419 2078 congreg.
436 2001 473 2058 91
487 2015 556 2076 aug.
574 2001 663 2068 1861,
681 1997 888 2060 unicasuibcit
904 2017 958 2077 pro
971 2005 1093 2081 tempo-

125 2087 179 2150 rali
194 2088 248 2149 ista
262 2087 519 2162 administratione
532 2085 716 2158 commissio,
732 2087 898 2166 etquidem
914 2087 1012 2166 primu
1027 2107 1095 2151 mo-

124 2177 164 2238 do
185 2175 334 2244 contiata,
350 2179 475 2251 excepto
488 2172 571 2252 quud
586 2189 648 2232 non
668 2172 839 2251 requiratur
853 2173 960 2234 eiectio
987 2171 1094 2236 iactae

125 2263 206 2326 ciero
227 2263 317 2325 totius
331 2261 479 2330 dioecesis,
501 2259 553 2320 sed
574 2259 644 2320 satis
666 2259 705 2322 sil
719 2265 751 2320 ul
766 2259 815 2319 fiat
829 2278 846 2321 a
862 2262 950 2322 totius
966 2263 1094 2324 civitatis

124 2353 219 2416 ciero.
237 2351 286 2434 (V.
306 2351 400 2414 Reune
413 2349 460 2411 des
472 2349 594 2410 so'ences
609 2346 693 2422 eccl,
708 2354 731 2410 t.
747 2347 864 2425 xxtttt,
881 2367 912 2429 p.
928 2349 1013 2433 366.)

164 2482 233 2542 939.
255 2478 349 2537 Porro
367 2473 459 2550 huius
473 2471 617 2535 secundae
630 2471 852 2535 commissionis
867 2473 1030 2537 consilium
1046 2494 1094 2538 re·

125 2569 243 2652 quirere
257 2571 376 2628 tenetur
394 2563 562 2643 Episcopus
580 2561 663 2642 juxta
677 2561 812 2623 Trident.
829 2580 884 2642 pro
898 2568 964 2626 taxa
979 2565 1095 2627 contri·

125 2655 258 2721 butionis
277 2675 296 2719 a
317 2652 502 2716 beneficiatis
512 2651 670 2732 exigendae
683 2698 692 2725 ,
707 2669 762 2731 pro
777 2650 918 2713 uniendis
931 2653 1095 2718 seminario

124 2743 291 2820 beneficiis,
305 2761 360 2826 pro
370 2742 565 2822 deputatione
577 2746 606 2800 et
620 2739 799 2820 expulsione
813 2739 968 2802 seminarii
988 2743 1095 2804 minis·

126 2842 242 2898 trorum
265 2852 299 2894 ac
326 2831 545 2913 professorum,
567 2827 631 2890 imo
651 2835 681 2890 et
696 2827 831 2890 Rectoris
852 2827 906 2910 (ita
927 2831 959 2892 S.
982 2827 1093 2910 Congr.

126 2925 218 2988 Cone.
233 2927 273 2986 ab
288 2929 375 2985 mart.
393 2917 495 3000 1689),
511 2935 566 2999 pro
579 2919 718 2997 expensis
731 2915 932 2996 quotidianis,
950 2919 1096 2998 provisio-

126 3015 217 3077 nibus
236 3012 407 3087 bladorum,
427 3017 512 3084 etc.;
539 3025 594 3084 pro
618 3005 772 3068 reddenda
793 3006 923 3088 singulis
944 3007 1033 3072 annia
1046 3025 1097 3071 re-

126 3104 206 3166 tione
222 3103 392 3164 reddituum
408 3095 581 3170 seminarii;
604 3112 669 3158 unu
693 3096 784 3156 verbo
799 3113 854 3174 pro
868 3095 950 3158 omni
977 3105 1096 3174 tempo·

127 3193 181 3255 reli
195 3188 452 3253 administratione
468 3184 517 3269 (V.
541 3184 646 3259 Bonis,
664 3183 708 3246 De
718 3183 887 3266 Episcopo,
903 3193 925 3248 1.
942 3183 980 3256 li,
996 3206 1028 3265 p.
1044 3191 1095 3262 99,

3 3309 5 3340 r
128 3281 171 3344 lle
187 3279 345 3363 Copr'tulrs,
361 3297 391 3356 p.
406 3277 477 3351 181,
493 3285 523 3336 et
535 3272 629 3338 Reuue
642 3273 692 3336 des
705 3275 828 3336 scr'encea
839 3273 924 3351 eccl,
940 3274 1041 3357 ibid).

168 3410 236 3470 933.
253 3401 557 3484 Notat·Episcopum
567 3397 1097 3480 teneriquidembasCommissiones

3 3547 5 3552 ,
132 3497 309 3567 consulere,
321 3489 464 3586 etiamad
476 3490 658 3554 validitatem
671 3495 812 3604 actuum
827 3486 880 3550 sed
894 3487 1018 3552 iliarum
1032 3506 1097 3554 nou

3 3595 8 3748 ,ἲ
