2570 4006
512 249 599 312 itcrat
619 253 735 312 inrisos.
791 305 793 309 ,
1034 243 1094 318 885

120 360 232 434 Bouin,
260 353 304 424 De
329 353 494 441 Episcopo,
518 363 540 419 t.
572 362 607 436 l,
632 378 662 441 p.
690 361 769 436 339,
794 365 825 422 cl
847 365 871 423 t.
899 364 938 438 2,
962 381 991 443 p.
1021 365 1090 427 217.

158 447 360 531 Congrcgatio
372 447 579 528 Inquisitionis
598 453 631 510 ut
652 449 749 530 primo
764 447 842 512 inter
860 455 980 512 caeteras
1000 449 1091 517 habe-

117 545 185 614 tur,
197 540 259 602 sire
280 537 321 600 cb
335 538 538 620 praestnntiam
553 537 742 618 negotiorum
757 556 825 620 quae
846 538 884 600 ab
904 540 941 602 ed
957 547 1092 620 pertrac-

117 635 232 705 tantur,
247 628 309 690 sive
322 627 394 708 quia
403 625 431 688 ei
446 632 554 708 praeest
567 627 694 708 ipsemet
707 629 739 690 S.
754 625 902 691 Pontifex.

158 721 230 780 725.
250 717 436 778 nConstat...
455 713 510 778 ista
529 717 777 798 congregatim...
795 717 894 797 inquit
912 716 1032 779 Cardin.
1048 720 1091 781 lle

117 827 133 866 ι
158 807 241 869 Luca
255 806 314 886 [ap.
331 805 366 865 R.
383 803 420 866 de
435 803 490 880 tt,
504 809 528 866 t.
544 809 575 882 l,
590 825 621 888 p.
638 809 730 885 287),
745 823 782 874 en
796 806 897 887 aliquo
916 806 1090 868 considera-

117 917 133 952 s
159 894 211 956 bili
227 911 354 957 numero
365 892 606 970 Cardinnlium,..
623 893 654 955 in
668 894 775 974 majori
788 895 833 957 rel
846 895 952 956 minori
965 913 1090 958 numero

118 1006 133 1042 o
159 1001 253 1067 pro...
269 983 359 1064 Papae
373 981 499 1064 placito;
511 981 618 1063 hisque
631 981 763 1062 adjuncti
778 989 848 1046 sunt
861 983 962 1066 plures
975 984 1090 1046 Praelati

118 1096 134 1132 »
159 1091 195 1135 ac
210 1071 339 1153 religiosi
354 1072 491 1133 ucetiam
506 1069 689 1153 quandoque
702 1071 802 1134 clerici
816 1071 982 1148 saeculares,
998 1073 1089 1154 qui...

117 1184 133 1219 u
161 1160 345 1224 Consultores
376 1159 587 1242 appellantur,
612 1159 689 1224 ultra
712 1160 879 1223 ordinarios
905 1161 1090 1242 curiates,

119 1275 134 1314 a
160 1267 292 1334 quorum
306 1267 397 1326 unus,
413 1249 464 1330 qui
481 1247 596 1311 ludicis
609 1247 752 1311 ordinarii
767 1257 865 1331 partes
878 1251 968 1329 gerit,
984 1258 1029 1313 est
1041 1250 1091 1315 illc

118 1365 134 1400 a
159 1340 212 1422 qui
228 1337 450 1402 Commissorios
463 1337 499 1400 S.
517 1336 622 1418 Officii
630 1336 750 1414 dicitur,
766 1337 886 1400 Ordinis
900 1340 930 1400 S.
941 1339 1090 1402 Dominici

118 1453 134 1493 o
161 1427 328 1504 Professum
345 1427 431 1509 isque
445 1427 476 1487 in
494 1425 705 1488 consiliarium
723 1444 776 1488 seu
797 1429 985 1490 assessorem
1003 1426 1092 1490 habet

117 1542 133 1578 u
160 1536 258 1580 unum
272 1516 448 1598 dogmatum
456 1521 486 1578 et
499 1531 652 1577 canonum
662 1513 862 1596 professorem
873 1515 1030 1578 Praelatum
1045 1515 1091 1580 vel

118 1630 134 1666 o
160 1607 304 1668 clericum
319 1604 493 1668 secutarem
508 1605 560 1684 qui
578 1605 712 1666 Assersor
724 1603 834 1666 dicitur
846 1651 853 1680 ,
867 1603 1001 1685 aliosque
1015 1604 1089 1667 infe·

118 1719 134 1754 u
159 1697 255 1757 riores
269 1693 409 1756 officiales
423 1699 451 1756 et
466 1693 634 1768 ministros,
650 1699 683 1755 ut
697 1699 766 1755 sunt
779 1691 918 1770 Fiscalis,
934 1694 1089 1771 Notarius,

119 1809 134 1844 o
160 1785 265 1848 Scelus
279 1791 309 1846 et
318 1783 379 1858 alii;
390 1789 480 1864 atque
493 1783 570 1844 inter
578 1780 716 1863 praefatos
723 1781 913 1844 consultores
927 1783 1089 1863 regulares,

118 1897 133 1936 n
159 1874 212 1957 qui
233 1891 270 1936 ex
296 1871 420 1934 diversis
442 1871 637 1953 religionibus
666 1872 777 1934 assumi
802 1871 898 1934 solent
926 1891 980 1955 pro
1003 1875 1091 1956 Popaa

119 1989 134 2022 s
161 1962 268 2040 libitu,
283 1961 378 2024 fixum
393 1959 493 2023 locum
513 1967 663 2041 occupant
678 1959 726 2022 alii
741 1961 803 2023 duo
822 1961 957 2042 ejusdem
972 1961 1092 2026 Ordinis

119 2077 136 2113 n
161 2052 361 2136 professores,
378 2069 486 2131 nempe
501 2053 641 2129 lllagister
655 2051 839 2130 generalis...
851 2057 880 2110 et
889 2051 1028 2131 Magister
1038 2056 1090 2114 tia-

120 2165 136 2202 s
160 2143 204 2204 cri
223 2141 348 2210 Palatii,
368 2158 405 2202 ao
425 2140 516 2202 etiarn
534 2139 608 2199 alter
627 2137 780 2199 Professor
803 2137 923 2200 Ordinis
941 2139 1091 2203 ltlinorum

121 2256 136 2292 n
162 2229 430 2305 Conventualium,
445 2228 494 2290 oui
517 2233 661 2308 tunquam
686 2225 745 2288 fixo
765 2226 930 2288 invariabili
954 2230 1093 2310 congruit

121 2345 136 2380 r
162 2319 353 2401 singulariter
368 2317 553 2398 nuncupatio
569 2313 749 2376 Corsulloris
762 2313 793 2378 S.
813 2313 939 2398 Officii..

162 2433 177 2468 s
195 2413 233 2473 Ut
247 2415 349 2471 eutem
362 2413 451 2470 tuntae
462 2404 661 2487 importantia}
672 2404 791 2485 negotia
801 2421 871 2466 cunr
885 2407 919 2464 eft
931 2422 999 2484 quae
1008 2402 1093 2467 decet

121 2523 137 2560 u
163 2500 330 2562 maturitate
343 2514 446 2560 coram
460 2495 525 2577 ipso
539 2495 570 2558 S.
586 2487 731 2556 Pontifioe
744 2495 953 2555 examinentur
966 2510 1002 2554 ac
1015 2491 1094 2554 deci·

12 2660 13 2668 ,
122 2589 289 2667 odantur,
314 2586 382 2649 duae
407 2583 626 2668 preparatum
649 2583 903 2664 congregationes
924 2579 1092 2663 praeoedere

122 2701 138 2738 ι
164 2678 298 2740 solent.»
921 2705 925 2712 ·
952 2679 957 2693 '

164 2771 232 2828 726.
248 2768 282 2826 ln
301 2765 400 2846 prima
413 2763 514 2845 igitur,
529 2781 598 2844 quae
612 2762 738 2844 singulis
751 2761 833 2824 feriis
846 2758 986 2822 secundis
999 2759 1031 2821 in
1045 2777 1093 2841 pa-

125 2857 193 2920 latio
208 2857 239 2918 S.
255 2851 351 2916 Officii
365 2855 459 2935 prope
473 2853 653 2915 Vaticanum
669 2852 771 2914 locum
789 2849 893 2926 habet,
911 2849 1095 2912 conveniunt

125 2945 318 3010 Consultores
344 2960 416 3004 oum
448 2940 678 3012 commissario,
706 2943 877 3013 Assessore,
900 2943 957 3001 eto.
980 2940 1095 3019 Praepa-

125 3043 230 3097 rantur
244 3030 384 3114 negotia,
409 3030 550 3112 leguntur
570 3045 741 3112 processus,
761 3046 797 3090 ac
815 3029 1032 3109 Episcopcrum
1049 3027 1094 3088 vel

127 3121 340 3204 inquisitorum
358 3117 500 3182 localium
532 3117 637 3180 litterae
656 3123 709 3179 aut
730 3116 889 3179 relationes
908 3134 962 3197 pro
982 3116 1095 3194 majore

128 3209 323 3273 instructione
338 3208 503 3271 Assessoris
522 3205 575 3289 qui
597 3213 694 3268 tofum
713 3205 868 3287 negotium
888 3211 933 3266 esi
949 3205 1095 3267 relaturus

12 3349 13 3402 ,
126 3301 159 3364 in
171 3298 303 3362 secunde
316 3297 527 3381 praeprratorid
539 3295 781 3377 congregatione.

166 3399 225 3460 Ista
242 3395 374 3458 secunda
388 3395 582 3476 congregatio
597 3392 697 3456 locum
711 3391 800 3454 habet
813 3393 939 3474 singulis
952 3391 1033 3454 feriis
1046 3392 1096 3459 lV.

126 3487 160 3550 in
174 3493 324 3549 contentu
338 3485 396 3546 FF.
413 3483 644 3546 Praedioatorum
658 3501 752 3564 prope
768 3481 932 3544 Ecclesiam
949 3483 980 3542 Β.
997 3483 1099 3542 Manae

25 3625 31 3662 3
127 3595 216 3658 supro
243 3574 410 3636 Minervam
433 3595 444 3633 .·
468 3571 539 3635 huic
565 3571 766 3635 interveniunt
793 3569 964 3631 cardinales
990 3567 1099 3649 quibus

135 3667 275 3726 Assessor
297 3664 379 3726 solus
406 3667 488 3724 suns
508 3661 598 3726 refert
618 3661 757 3736 negotia,
777 3675 952 3738 processus,
970 3656 1098 3728 litteras,

917 3757 985 3820 (Ρ
