2570 4006
487 255 574 306 traca
594 259 712 304 ualuas.
1026 237 1084 298 tua

112 357 190 419 illam
213 355 451 437 iurisdictionem
471 354 639 418 vocandam
658 353 721 416 iore
741 352 923 416 ordinariam
944 355 980 416 eb
1005 349 1085 432 quod

112 457 229 516 muneri
243 453 492 536 ¹archiepiscopali
508 469 525 514 a
533 453 601 531 jure
615 453 652 513 sil
666 470 795 514 annexa.

151 545 303 626 Quidquid
324 544 375 620 sit,
401 542 572 622 huiusmodi
595 542 782 621 iurisdictio,
806 547 840 604 ut
854 543 918 622 jam
936 541 1083 622 diximus,

112 635 242 695 exerceri
265 652 326 694 uon
346 639 443 714 potest
465 632 523 693 nisi
546 633 578 693 iu
601 631 720 694 casibus
738 649 755 694 a
775 631 844 710 jure
866 632 1023 712 expressis.
1043 635 1086 694 lta

130 723 306 798 ommunis‚
336 722 376 783 ait
391 721 558 798 Reiffeust.,
570 721 630 798 ih,
652 729 684 782 τι0
698 725 753 799 10,
771 729 802 782 et
815 721 941 783 habetur
964 721 996 782 iu
1015 739 1083 784 can.

24 808 26 812 ’
113 811 224 874 ll'ullus
237 818 268 874 et
280 831 347 874 can.
364 811 560 893 Conquestio,
572 815 608 882 9,
621 830 652 892 q.
668 813 698 874 3.

152 903 195 962 Ex
210 901 433 964 enumeratione
449 900 568 962 illorum
586 919 711 962 casuum
725 905 806 984 patet
819 899 929 963 dictam
950 901 1087 980 jurisdic-

113 991 224 1052 tionem
239 1010 301 1052 non
315 1009 381 1052 esse
395 989 600 1051 immediatam
610 996 639 1050 et
652 989 813 1068 directam,
828 989 881 1052 sed
892 991 990 1053 solirm
1005 1009 1087 1053 exer·
1201 1059 1204 1066 ,

114 1079 239 1142 cendam
262 1080 425 1161 suppositis
445 1077 626 1158 quibusdam
650 1079 732 1154 attis,
756 1098 785 1140 v.
812 1100 841 1160 g.
868 1080 1084 1162 appellatione,

112 1169 295 1244 visitatione,
307 1169 501 1249 negligentia,
516 1173 573 1228 ete.
587 1168 637 1228 Sic
648 1168 679 1228 1⁰
693 1190 707 1226 a
720 1169 829 1249 Nequit
838 1167 1087 1250 acchiepiscopus

113 1278 128 1314 n
152 1256 418 1337 suffraganeorum
445 1255 580 1318 subditos
595 1255 731 1334 Judicare
756 1256 787 1317 in
806 1257 905 1338 primu
927 1257 1084 1334 instantrb;

114 1367 128 1402 u
155 1365 211 1408 nec
230 1363 336 1409 eorum
351 1363 457 1407 causas
470 1363 572 1406 coram
591 1343 793 1426 suffraganeis
811 1344 976 1426 pendentes
999 1346 1037 1408 ad
1056 1365 1087 1410 se

114 1456 128 1494 u
152 1435 317 1511 advocare;
340 1453 397 1496 nec
419 1441 489 1496 ante
517 1434 696 1495 sententiam
719 1433 904 1496 definitivam
933 1435 963 1496 in
991 1436 1088 1516 prima

113 1547 127 1582 n
154 1520 314 1600 instantia,
337 1523 471 1606 recipere
496 1523 726 1605 appeliationem
759 1523 796 1584 ab
817 1523 917 1604 aliqua
940 1526 1088 1588 sententiat

65 1687 68 1692 Ι
113 1637 128 1672 u
154 1614 394 1688 interlocutoria,
410 1619 462 1674 aut
477 1612 662 1694 gravamine3
679 1620 730 1674 aut
740 1611 949 1675 inhibitionem
963 1614 1088 1678 ulteribs

114 1725 128 1760 n
156 1701 338 1779 procedendi
353 1701 549 1783 Suffraganeo
563 1703 664 1782 ejusve
677 1701 801 1765 Officiali
816 1701 924 1778 iacere,
943 1704 998 1766 nisi
1013 1703 1088 1766 sorte
1168 1759 1170 1764 ,

114 1813 129 1849 u
155 1809 316 1872 gravamen
332 1792 391 1854 tale
404 1791 478 1854 foret
499 1798 533 1854 ut
553 1810 615 1852 non
630 1799 729 1872 posset
747 1811 802 1874 per
824 1793 1087 1875 appellationemb

116 1902 129 1940 o
155 1879 308 1942 definitiva
321 1882 470 1964 reparari,
487 1887 613 1943 autnon
628 1889 729 1962 posset
742 1881 780 1944 ab
795 1883 859 1962 ipsa
872 1881 1024 1946 definitiva
1038 1897 1098 1964 ap·'

115 1991 129 2028 u
155 1969 269 2050 pellari.
286 1971 408 2032 Constat
420 1989 487 2051 cap.
505 1975 519 2030 1
535 2017 543 2046 ,
560 1989 632 2032 sess.
650 1974 707 2046 13,
723 1977 753 2032 el
770 1990 836 2052 cap.
853 1975 910 2044 20,
937 1991 1009 2034 sess.
1027 1977 1085 2048 at,

114 2079 130 2116 u
155 2059 290 2120 Trident.
306 2061 398 2122 Cone.
414 2082 430 2117 a
449 2059 565 2134 Bouill,
582 2059 626 2120 De
639 2059 800 2141 Episcopo,
816 2067 837 2120 t.
856 2063 869 2120 l
885 2109 892 2132 ‚
909 2081 939 2142 p.
956 2066 1026 2123 473.

160 2169 175 2206 a
196 2149 226 2210 Si
242 2156 343 2210 tamen
357 2165 459 2222 eausa,
475 2145 506 2206 in
521 2145 604 2207 curib
621 2147 819 2228 Suffraganei‚
840 2147 918 2210 intra
931 2149 1089 2214 biennium

115 2259 130 2295 o
156 2235 375 2312 nuntiantur,
397 2233 526 2296 liberum
547 2240 593 2296 est
605 2236 757 2316 partibus,
778 2243 808 2298 et
821 2237 874 2298 uni
889 2239 978 2300 etiam
993 2240 1086 2320 parti,

115 2349 130 2384 u
156 2324 376 2406 Metropolitani
391 2323 521 2385 tribuual
536 2323 619 2386 adire
633 2324 737 2399 (Trid,
752 2343 780 2387 e.
797 2329 855 2400 20,
877 2345 949 2388 sess
967 2331 1028 2406 11).

156 2435 172 2474 n
196 2413 443 2496 Metropolitanus
466 2419 510 2474 est
529 2411 621 2492 judex
640 2419 840 2495 competens,
861 2415 960 2496 quoad
984 2435 1090 2480 omnes

116 2527 131 2563 n
156 2503 421 2585 suffraganeorum
436 2519 560 2564 suorum
575 2501 725 2579 subditos,
742 2503 773 2564 in
791 2505 925 2566 secunda
938 2506 1087 2581 instantia,

116 2616 131 2652 n
156 2593 278 2674 quando
292 2592 439 2675 adipsum
453 2592 585 2674 legitime
599 2591 760 2674 appellant.
776 2615 792 2652 n
810 2593 923 2670 Bouill,
945 2595 1018 2658 ibid.

156 2682 223 2743 Non
238 2683 355 2744 tantum
375 2685 392 2744 a
413 2681 559 2743 sententia
570 2681 699 2760 juridica
713 2687 810 2764 potest
831 2683 869 2744 ad
889 2685 1089 2766 Metropolita-

117 2790 193 2833 num
207 2770 361 2853 appellari‚
377 2771 429 2832 sed
442 2771 561 2832 etiamn
581 2771 696 2834 caeteris
710 2771 934 2852 gravaminibus
948 2793 1001 2837 seu
1015 2777 1090 2839 abu-

117 2859 201 2922 sibus
215 2859 397 2922 auctoritatis
411 2859 607 2942 Episoopalis,
618 2867 707 2941 prout
715 2862 857 2942 supponit
864 2863 977 2925 Concil.
994 2866 1088 2945 und,

118 2967 191 3010 sess.
209 2952 261 3025 13,
277 2966 344 3030 cap.
361 2952 376 3010 1
391 2995 400 3026 ,
414 2948 449 3010 de
464 2949 521 3030 ref.
538 2955 568 3010 et
588 2967 660 3011 sess.
677 2953 738 3027 bl,
757 2967 824 3034 cap.
843 2955 898 3030 10,
913 2952 948 3015 de
962 2955 1019 3037 ref.
1044 2960 1090 3019 hu

118 3039 156 3099 ad
179 3038 398 3120 Metropolitum
415 3039 510 3120 possit
522 3037 663 3119 appellari
679 3037 716 3100 de
737 3041 936 3122 suspensione
959 3047 1091 3125 extraju-

118 3127 263 3188 dicialiter
277 3127 403 3209 prolata,
416 3127 553 3189 dicemus
566 3125 643 3189 inira
656 3130 768 3207 (6015).

159 3219 227 3279 aab.
250 3217 286 3278 lu
312 3235 385 3280 casu
411 3215 587 3278 visitationis
619 3217 807 3296 Provineiae,
841 3220 1091 3306 archiepiscopus

122 3327 139 3362 a
159 3307 261 3367 Potest
280 3305 419 3368 onmium
442 3304 646 3367 confessiones
663 3306 787 3386 audire,
814 3307 895 3391 ipsos
917 3311 1087 3389 absolvere,

3 3391 5 3472 l
120 3417 134 3452 n
159 3393 1090 3484 atquepoenitentiasinjungeresalutareslcap.ultcheasih,

3 3547 6 3574 ι
119 3503 134 3540 n
160 3480 190 3543 in
205 3487 267 3560 6⁰);
283 3483 376 3564 idque
388 3490 449 3544 tam
464 3500 518 3564 per
537 3501 569 3544 se
588 3485 681 3564 quam
695 3503 749 3566 per
765 3486 857 3565 alios,
884 3487 973 3550 etiam
994 3489 1090 3553 absol-

3 3583 5 3616 τ
120 3593 134 3629 s>
160 3571 283 3632 vendut
298 3572 417 3634 casibus
431 3573 617 3654 Episcopo...
627 3573 1007 3655 suffraganeoreseruatis:
1023 3580 1090 3660 quia

120 3683 135 3722 a
161 3667 358 3742 antecapere,
373 3679 436 3742 quo
451 3661 699 3744 archiepiscopus
711 3663 981 3744 dioecesimvisitat,
993 3685 1088 3730 oense
