2546 3992
434 219 520 264 traua
540 221 658 268 antuus.
980 213 1038 274 503

63 334 78 370 e
102 332 137 376 ac
148 315 183 376 de
196 315 279 376 rebus
292 316 424 377 oanniins
437 316 478 378 nd
488 337 559 379 mete
571 316 712 380 Ecclesia
724 327 849 392 stateem,
868 320 909 383 nei
918 320 992 384 cleri
1008 335 1038 387 et

62 423 77 456 n
98 402 203 484 populi
225 403 433 486 disciplinam,
457 405 623 468 animarem
637 405 776 490 deniqne,
792 429 858 491 qnoe
879 430 949 473 mete
966 411 1038 494 fidei

62 509 77 546 n
103 493 223 553 tractitia
238 501 322 565 sent,
340 493 461 555 salutem
483 497 585 577 quovis
603 495 686 556 modo
702 499 940 579 pertinentibns;
953 504 1037 564 etoi-

61 599 76 634 n
103 579 201 641 cissim
220 581 359 643 mandata
379 583 547 664 Apostolico
570 583 727 647 humiliter
745 588 886 669 recipiam
908 597 938 650 et
950 592 1037 672 qmim

61 689 76 724 e
101 667 327 750 diligentissimi
347 689 488 752 exequar.
511 673 608 751 (laod,
631 673 659 734 si
683 673 817 756 iepitimo
834 677 1037 759 impedimento

62 777 75 811 n
101 755 231 820 detentus
243 760 343 841 fuero,
353 761 761 844 preafatamnnioodtmplebo
768 783 822 847 per
840 773 949 828 centnm
967 788 1038 830 nnn·

61 865 75 898 n
103 844 227 908 tium...
252 847 296 910 De
317 847 484 928 hujusmodi
509 858 607 912 aetem
631 849 836 933 impedimento
862 853 963 917 docebo
981 877 1038 940 per

62 955 75 985 n
104 930 253 1014 lepitimns
262 935 465 1017 probationes,
481 938 522 1000 ed
532 938 650 1002 Sanctae
659 939 798 1004 Rmnonoe
811 943 954 1007 Ecclesia
965 946 1037 1009 Car·

61 1041 75 1074 n
101 1020 228 1084 dinolem
248 1023 455 1106 Proponentem
477 1026 509 1086 in
532 1025 762 1109 Conprepotione
782 1030 818 1095 S.
835 1031 967 1096 Consilii
980 1056 1037 1120 per

61 1129 75 1164 n
100 1109 301 1181 supradictum
314 1112 451 1172 nentium
466 1116 717 1178 transmittendas.
732 1140 748 1178 n

111 1193 304 1252 Dtxrnrussnt
315 1195 414 1272 qenai,
428 1203 519 1276 prout
530 1204 691 1260 constater
705 1200 849 1276 gravitate
859 1203 1034 1264 materiaeet

60 1281 203 1362 gravibus
217 1281 325 1359 poenis,
343 1281 501 1345 interdicto
517 1302 626 1366 nempe
640 1288 678 1349 ab
692 1288 830 1368 ingressu
843 1290 988 1352 Ecclesia
1003 1301 1033 1352 et

63 1368 129 1430 aliis
145 1372 241 1450 poenis
262 1368 371 1448 quibus
384 1371 459 1451 legis
473 1372 562 1453 hujus
573 1375 747 1438 infractores
761 1378 943 1458 plectuntur.
958 1379 1033 1441 Vide

63 1457 165 1519 Conse.
184 1457 332 1520 Honennns
356 1459 508 1541 Pontifex,
527 1461 589 1544 58,
610 1483 658 1544 ap.
677 1465 788 1540 Bouix,
809 1467 851 1528 De
870 1457 1031 1549 Episcopo,

62 1551 136 1609 tom,
152 1551 182 1620 2,
197 1565 226 1628 p.
243 1550 292 1610 50.
309 1547 483 1612 videetianr
495 1552 607 1615 Benei.
622 1556 700 1630 XIV,
716 1555 759 1616 De
770 1555 858 1637 Syn,
871 1555 923 1618 lib.
942 1560 991 1631 13,
1002 1577 1031 1620 e.

60 1637 93 1712 6,
108 1648 142 1698 n⁰
152 1636 382 1701 t.-Interdieti
398 1641 612 1719 poenasubtata
625 1642 680 1705 luit
695 1643 730 1703 G.
748 1645 927 1722 Apostolicce
937 1646 1024 1708 Sedes.

94 1737 162 1795 ent.
187 1734 251 1794 Hie
277 1737 377 1794 eutem
405 1728 611 1810 obligatione,
635 1725 783 1810 quidquid
809 1727 950 1792 dixerint
963 1729 1029 1792 Van

55 1821 193 1902 Espenet
205 1821 326 1901 Fleury,
341 1838 390 1901 ap.
406 1818 521 1894 Bouix,
533 1818 577 1880 ne
590 1815 818 1900 Episcopmib..
828 1837 860 1900 p.
871 1821 910 1881 65
920 1866 928 1896 ,
939 1817 1029 1881 etiarn

55 1911 86 1970 in
102 1909 196 1972 Gallia
209 1909 348 1991 Episcopi
362 1913 515 1970 tenentur.

94 2001 162 2060 911.
186 1997 290 2071 Quoad
313 1995 514 2077 frequentiam
537 1993 712 2073 hujusmodi
734 1995 960 2073 visitationum,
987 1997 1030 2058 sia

54 2087 144 2149 habet
157 2086 337 2150 constitutio
347 2085 493 2146 Romanus
514 2083 673 2162 dentifer:
692 2104 708 2141 n
724 2082 770 2143 nd
783 2081 878 2146 hoe...
894 2084 1030 2146 debitunt

55 2199 69 2232 s
95 2175 268 2237 visitationis
293 2170 529 2254 explendum...
554 2170 755 2247 Patriarehae,
776 2171 940 2248 Primales,
973 2176 1029 2234 Ar·

55 2289 69 2324 e
95 2262 277 2345 ehiepisoopi
302 2267 332 2323 et
359 2259 532 2342 Episcopi¹,
555 2259 619 2320 Itali
643 2259 781 2322 videlicet
800 2259 846 2322 vel
866 2280 903 2322 ex
924 2261 1032 2324 Italicis

55 2376 70 2414 n
96 2353 254 2415 insulis...
278 2350 358 2412 velut
381 2348 491 2420 Siculi,
516 2347 618 2426 Sardi,
643 2349 741 2420 Corsi,
766 2353 797 2410 et
822 2349 871 2410 aiii
892 2349 1031 2429 adiacen-

55 2465 70 2500 »
95 2443 171 2504 tiurn
187 2439 417 2502 Provinciarum
432 2437 522 2500 ltaliae
540 2455 573 2500 ao
593 2437 685 2498 etiam
704 2437 857 2499 Dalmatia
870 2445 900 2500 et
913 2439 1031 2501 Graeco·

56 2555 70 2590 a
95 2549 179 2607 rurn,
195 2531 293 2612 quaee
318 2528 446 2609 regione
464 2526 560 2609 ipsius
578 2525 669 2587 ltaliae
683 2531 712 2587 et
726 2525 834 2588 Siciliae
857 2527 918 2588 oris
941 2534 1031 2606 sunt,

59 2645 72 2676 s
97 2620 275 2682 tertioanno
286 2639 295 2695 ;
306 2616 450 2680 Germani
464 2616 545 2695 verti,
558 2613 643 2688 Gelli,
655 2615 797 2697 Hispani,
808 2613 925 2698 Belgae,
936 2614 1033 2680 Bohe-

61 2732 73 2762 n
96 2709 138 2770 cni
150 2756 158 2785 ,
172 2707 308 2788 Ungari,
322 2706 429 2787 Angli,
440 2703 536 2783 Senti,
547 2703 692 2765 Hiberni¹
706 2713 736 2766 et
749 2705 845 2766 caeteri
861 2706 1034 2788 omnesqui

61 2827 72 2854 s
97 2797 128 2859 in
142 2799 266 2878 Europa
280 2801 352 2858 sunt
364 2797 437 2857 citra
450 2812 533 2856 mare
548 2793 761 2855 Germanicum
781 2800 810 2855 et
821 2793 983 2874 Bellicum,
998 2815 1034 2861 ae

60 2913 72 2942 s
96 2885 236 2948 omniunt
254 2883 422 2946 insularum
437 2883 530 2945 maris
542 2880 750 2944 Mediterranei
760 2931 768 2960 ,
780 2891 887 2964 quarto
895 2903 992 2948 anno:
1005 2893 1034 2950 et

63 3005 74 3030 2,
97 2976 147 3057 qui
165 2975 242 3036 intra
257 2973 389 3054 Europae
403 2970 479 3034 lines
495 2969 1034 3054 sunthisprovinciisremotiores‚ao

58 3087 87 3122 n·
98 3065 188 3125 etiam
216 3061 348 3124 africani
362 3107 369 3138 ,
385 3059 533 3122 littoribus
546 3059 676 3134 adversi,
691 3079 726 3122 ac
751 3061 921 3125 Insularum
943 3065 1034 3127 rnaris

58 3176 73 3212 a
97 3154 210 3215 Oceani
224 3148 466 3233 septentrionalis
478 3153 509 3211 et
522 3147 713 3211 occidentalis
725 3150 854 3232 Europae
863 3157 892 3238 et
905 3151 1032 3235 Africae,

90 3341 98 3368 ⁸
116 3337 165 3388 Pro
180 3334 289 3388 Praelatis
310 3332 481 3396 interioribus,
496 3333 551 3384 vide
563 3331 665 3386 Constit.
684 3335 775 3387 Bened.
791 3335 841 3389 xlv
857 3337 927 3402 Quod
934 3347 1031 3402 sanan.

60 3409 112 3476 11,
125 3413 149 3458 et
162 3409 190 3458 1).
211 3405 305 3468 Bouix,
319 3407 355 3458 De
365 3407 493 3471 Episcopo,
508 3410 525 3454 t.
536 3405 561 3464 2,
574 3420 598 3470 p.
612 3405 652 3455 56.

88 3482 98 3510 ¹
118 3478 236 3530 Hibernis
256 3477 288 3529 ob
312 3477 409 3527 illorum
428 3480 611 3543 paupertatem,
625 3491 690 3528 anno
707 3477 784 3541 test,
798 3477 922 3532 indultum
934 3482 996 3545 luit,
1006 3490 1034 3538 ut

60 3550 232 3612 solummodo,
249 3550 354 3616 quolibet
365 3545 662 3610 &cenomannensem
676 3549 756 3600 lacem
768 3557 916 3603 noceantur.
928 3553 964 3606 De
972 3553 1031 3622 Sp»-

1 3623 2 3633 ’
63 3623 164 3682 limes..
179 3619 222 3673 lii.
233 3621 257 3682 3,
279 3617 360 3685 sepi
381 3617 444 3669 Μ.
