2546 3992
481 209 568 262 mett
590 207 708 264 cambe.

487 381 652 444 cunctus
667 384 703 444 ll.

168 523 207 570 uu
227 521 396 572 renuerim
417 521 602 571 criscecum
623 524 816 575 sacunuoms
837 524 1023 578 umanum.

144 663 273 730 totn-
286 664 317 728 l⁰
327 663 454 728 Certum
471 673 517 728 est
530 663 724 749 Episcopum
738 685 802 731 non
817 684 910 750 posse
921 666 1086 740 duntaxat,

108 755 287 818 reddebere
303 753 472 838 probibere
489 772 529 817 ne
543 755 576 816 in
592 756 649 817 sua
664 755 791 820 dioecesi
804 757 846 820 ad
861 757 1089 820 celebrandum

107 843 311 906 admittantur
325 842 501 926 presbyteri
512 841 582 924 vagi
593 852 625 906 et
638 843 750 925 ignoti,
762 853 818 908 aut
833 844 991 928 peregrini
1004 860 1088 908 com·

108 931 303 995 mendatitias
315 931 364 994 sui
378 929 537 996 Ordiuarii
556 931 675 994 litteras
691 951 756 997 non
771 932 933 998 habentes.

142 1020 268 1084 Constat
281 1039 319 1082 ex
332 1020 450 1083 Concil.
464 1018 603 1084 Trident.
617 1038 625 1083 :
640 1044 651 1078 ι
665 1021 778 1084 Nullus
793 1030 942 1103 preterea
955 1021 1088 1086 clericus

105 1131 121 1169 u
141 1109 337 1192 peregrinus,
353 1107 423 1172 sine
440 1106 709 1171 commendatitiis
723 1111 772 1172 sui
790 1109 946 1174 Onlinarii
963 1111 1086 1186 litteris,

108 1222 118 1255 ι
139 1201 177 1260 ab
192 1198 257 1260 ullo
271 1196 427 1279 Episcopo
441 1195 483 1258 ad
508 1195 616 1259 diuina
636 1196 826 1259 celebranda
840 1206 872 1261 et
892 1207 1088 1262 sacramenta

108 1311 118 1342 ι
142 1284 391 1350 administranda
409 1284 607 1346 admittatur.
631 1307 644 1343 ι
668 1283 763 1364 (Sese.
786 1289 837 1360 23,
857 1305 886 1349 c.
904 1287 953 1361 lli,
978 1288 1022 1366 Dc
1039 1303 1087 1350 rc·

104 1375 191 1456 form.
241 1372 252 1458 )
268 1397 282 1431 e
299 1371 423 1456 Singuli
439 1371 612 1454 (Episcopi)
628 1371 660 1433 in
675 1372 742 1434 suis
757 1373 947 1437 dioecesibus
960 1373 1088 1436 interdi-

107 1487 117 1520 ι
142 1471 215 1526 cant
237 1477 277 1526 nc
292 1461 344 1524 cui
360 1479 436 1546 vago
451 1473 482 1524 et
499 1471 606 1540 ignoto
621 1461 775 1522 sacerdoti
798 1463 909 1524 missae
928 1461 1088 1526 celebrare

105 1575 119 1608 ι
142 1551 244 1616 liceat.
266 1575 281 1610 ι
299 1549 392 1622 (Sese.
409 1553 461 1626 22,
477 1549 596 1614 bouet.
612 1549 649 1611 dc
662 1551 774 1614 obacro.
790 1556 820 1615 et
833 1549 919 1622 coit..
933 1549 1020 1623 eto),

148 1641 206 1701 Pro
231 1639 330 1720 ipccto
349 1642 451 1700 eutem
469 1639 627 1702 habendus
637 1657 700 1703 non
713 1646 774 1718 cst,
793 1643 845 1723 qui
867 1641 1080 1706 testimoniales

108 1725 196 1789 habet
209 1727 331 1803 litteras,
345 1726 390 1789 uel
405 1725 493 1790 alicui
504 1745 641 1808 personae
653 1728 791 1792 dioecesis
800 1729 859 1792 fide
868 1729 978 1813 dignae,
991 1737 1082 1799 notos

109 1821 163 1876 est.
178 1815 254 1878 Vide
267 1815 380 1890 Bouix,
395 1815 440 1878 Dc
453 1815 668 1898 Repulcridus,
682 1825 705 1880 t.
719 1822 798 1902 Μ.
815 1822 884 1884 188.

148 1905 216 1967 lam
229 1905 318 1986 longe
332 1911 419 1967 antea
432 1905 464 1966 in
474 1909 529 1967 sua
538 1905 686 1969 Decreteli
699 1906 779 1985 Tuoe,
789 1906 824 1970 de
836 1909 936 1971 cleric.
946 1927 1077 1991 pompm,

108 1991 1078 2078 InnocentiuslllsicresponderetPatriarchaeHierosolymitano·

113 2107 129 2142 u
149 2084 212 2146 Nisi
226 2083 359 2164 legitime
378 2081 433 2143 tibi
450 2081 635 2160 constiterit,
650 2083 712 2146 eive
724 2102 779 2166 per
791 2083 919 2162 litteras,
942 2087 1004 2148 sive
1027 2104 1080 2166 per

109 2197 124 2232 e
149 2180 249 2250 testes,
260 2172 298 2233 de
309 2169 429 2234 illorum
439 2170 636 2247 (secerdotum
644 2173 883 2254 peregrinorum)
894 2172 1080 2238 ordinatione

110 2289 125 2322 u
150 2262 311 2336 canonica,
323 2259 375 2341 qui
388 2260 508 2342 penitus
522 2267 592 2323 sunt
605 2260 720 2342 ignoti,
736 2279 798 2324 non
811 2261 904 2324 debes
918 2262 998 2344 ipsos
1012 2279 1080 2344 per·

110 2376 125 2411 r
152 2353 269 2415 mittere
282 2352 314 2412 in
324 2349 383 2412 tuis
395 2347 534 2431 plebibus
547 2349 699 2413 celebrere
714 2350 785 2413 :sed
799 2351 824 2413 ei
837 2349 961 2412 forsitan
974 2367 1081 2412 eorum

111 2465 126 2506 o
150 2441 259 2524 aliquis
277 2440 391 2503 secreto
412 2457 450 2502 ex
470 2437 628 2502 devotione
647 2439 798 2502 celebrare
810 2439 955 2516 voluerit,
970 2438 1082 2521 poteris

111 2555 126 2593 o
151 2533 307 2595 sustinere.
324 2551 339 2590 ι
354 2527 429 2591 Vide
442 2534 548 2592 etcen.
569 2531 606 2590 13
621 2529 733 2610 Synodi
749 2527 1010 2592 Chalcedonensis.

150 2617 1082 2700 1013.-2⁰Qua1nuisEpiscopuspossitpermittereutreetores

109 2711 308 2776 ecclesiarum
331 2708 369 2772 ad
386 2705 600 2770 celebrandum
614 2707 771 2768 admittant
791 2705 966 2789 peregrinos
982 2723 1080 2769 sacer·

110 2799 198 2863 dotes
220 2797 471 2863 commendatitiis
493 2794 597 2858 litteris
619 2795 771 2873 munitos,
794 2793 953 2878 prohibere
978 2799 1081 2859 temen

108 2895 209 2973 potest
222 2888 297 2969 quin
311 2886 385 2949 illud
399 2886 509 2948 lenient
521 2902 591 2965 erga
605 2891 777 2961 extraneos,
796 2883 848 2966 qui
863 2901 924 2946 non
936 2883 1082 2947 haberent

98 2981 144 3041 'in
159 2979 277 3063 scriptis
290 2976 442 3039 licentium
452 2977 469 3037 a
479 2991 511 3038 se
524 2975 569 3036 vel
584 2974 602 3036 a
616 2985 671 3036 suo
684 2974 802 3037 Vicario
816 2971 953 3036 Generali
967 2971 1093 3036 datam:

108 3069 154 3131 lta
168 3065 471 3148 Schmelzgrucberet
480 3063 542 3141 alii,
556 3079 606 3142 ap.
619 3063 724 3139 Bouix,
735 3061 780 3126 De
792 3061 948 3144 Episcopo,
963 3067 1037 3126 tom.
1048 3064 1078 3140 a,

136 3161 218 3220 ‚atto
244 3162 301 3219 etc.

108 3177 132 3240 p
152 3203 289 3310 wll.—
298 3246 331 3308 3·
345 3241 826 3326 Episcopi,rnnisquaepertinent
837 3238 875 3301 ad
889 3238 988 3302 missae
1000 3237 1078 3301 ccle-

109 3337 299 3414 brationem,
321 3333 482 3417 procedere
503 3337 627 3413 possunt
647 3337 751 3392 eontra
764 3345 973 3410 quoscumque
989 3328 1078 3392 etiam

109 3428 297 3509 exemptos,
309 3423 363 3487 sed
382 3429 455 3485 tunc
472 3421 570 3484 solium
586 3426 729 3500 tanquam
743 3415 869 3498 delegati
885 3416 970 3478 Sedis
982 3418 1076 3500 Apes*

111 3516 223 3580 tolicae.
240 3513 389 3590 Ferreus,
404 3521 435 3574 v⁰
449 3511 630 3594 Episcopus,
647 3515 702 3570 art.
713 3511 753 3586 d,
770 3519 804 3569 n·
819 3509 886 3568 lli.

155 3608 319 3669 tote-4⁰
327 3603 424 3666 Etiam
432 3597 619 3682 regularibus
627 3596 694 3659 elin
703 3595 842 3660 Ecclesiis
851 3589 1076 3676 eneropiicpm.

264 3718 274 3760 1
977 3696 1007 3748 ld
