2588 3994
466 216 690 265 rnonaooumn.
1000 203 1056 268 tor

96 309 181 372 allel
202 311 312 389 etiam,
340 310 405 374 loco
432 311 515 374 verbi
545 313 692 392 initialis,
716 313 789 397 poni
811 319 909 398 potest
934 315 1060 380 canonis

95 423 110 460 a
131 418 271 462 numerus
287 401 321 462 C.
338 405 388 474 22,
406 400 540 465 Consecr.
557 401 625 464 dist.
641 406 671 466 2.

129 511 144 550 r
168 490 214 550 lll.
237 488 284 550 Ad
298 489 414 552 calcem
430 491 545 552 Decreti
560 492 691 554 Gratiani
713 494 904 577 reperiuntur
924 495 1061 558 Canones

94 600 108 640 r
128 578 349 642 Poenitentiales
358 586 398 642 'et
412 579 551 644 Capones
565 581 779 663 Apostolorum
791 603 800 646 τ
814 583 944 647 citantur
960 590 1062 648 autem

96 692 108 728 ι
130 669 234 731 sicztl.
250 669 362 731 Poenit.
379 674 428 733 lt.
440 671 473 732 C.
489 673 593 750 Apost.
610 674 659 734 l5.

132 761 225 820 495.»
251 760 314 820 Vll.
335 757 379 820 ld
395 759 714 844 allegandosqurnque
735 761 828 824 libros
842 761 1061 842 Decrelalinrn,
1082 727 1088 734 ”

98 870 111 905 t)
132 846 276 910 indicatur
292 852 325 910 l⁰
340 847 510 931 Capitulum
520 867 574 932 per
589 849 734 912 initialem
744 851 811 932 eius
821 867 938 926 vocem;
953 849 1064 915 deinde

97 959 109 994 n
131 936 267 1000 scribitur
280 937 387 1001 titulus
400 937 466 1000 libri
478 959 486 1016 ;
501 946 575 1002 tunc
589 938 707 1002 additur
720 958 776 1002 vox
790 939 895 1002 Extra
909 939 954 1002 vel
974 960 1065 1024 supro

97 1046 110 1083 r
130 1046 194 1107 quae
208 1035 338 1090 monent
354 1033 470 1090 textum
490 1027 619 1090 inveniri
637 1036 719 1092 entra
738 1031 897 1093 Decretum
918 1029 1063 1109 Gratiani,

98 1137 111 1172 r
131 1115 230 1195 idest,
253 1119 287 1179 in
303 1117 440 1200 quinque
454 1117 538 1180 libris
558 1118 757 1184 Decretalium
773 1126 803 1183 et
820 1137 877 1182 vox
894 1122 976 1182 cxtrl
991 1139 1064 1203 sup·

97 1227 110 1264 n
131 1205 202 1286 pleri
228 1213 331 1288 potest
353 1225 407 1290 per
428 1205 556 1270 litteram
574 1207 606 1271 X
611 1227 664 1280 rr.
684 1228 714 1290 g.
730 1227 798 1291 cap.
823 1209 1016 1286 uictimari,
1031 1208 1066 1271 de

95 1296 223 1358 »Partis
244 1315 255 1356 .·
276 1295 310 1360 id
332 1305 375 1359 est
404 1297 570 1378 capitulum
598 1298 685 1378 cujus
708 1297 841 1380 primum
870 1297 996 1360 verbum
1022 1303 1067 1360 est

96 1405 110 1442 a
133 1383 267 1460 Quotiens
282 1387 362 1449 inter
384 1385 554 1450 Decretales
570 1393 601 1448 ct
619 1385 677 1449 sub
696 1385 784 1448 titulo
801 1383 835 1447 de
854 1384 969 1450 Paetis.
985 1386 1069 1457 Quis

97 1497 110 1533 n
133 1493 200 1536 nam
210 1484 315 1540 autem
330 1474 707 1556 sitnumerusbujustituli
721 1482 752 1538 et
766 1476 868 1558 inquo
881 1493 918 1540 ex
933 1474 1069 1556 quinque

98 1583 112 1622 n
132 1563 213 1628 libris
227 1565 430 1629 Decretalium
444 1564 623 1642 inveniatur,
639 1583 702 1628 non
719 1563 844 1627 indicari
858 1563 943 1628 solet.
953 1565 990 1626 Et
1002 1562 1069 1625 ideb

98 1675 112 1712 r
134 1655 164 1716 in
181 1655 329 1719 omnibus
348 1655 530 1718 editionibus
551 1653 692 1738 Corporis
703 1653 789 1737 juris
806 1654 967 1738 apponitur
990 1651 1069 1715 indi·

100 1765 114 1802 a
135 1744 218 1808 culus
236 1745 444 1826 alphabeticus
458 1744 597 1807 omnium
614 1743 783 1807 titulorum.
800 1742 985 1818 Quaerendus
998 1760 1070 1824 ergo

100 1855 114 1890 a
136 1835 269 1915 primirm
279 1840 324 1896 est
331 1832 435 1897 titulus
448 1834 479 1896 in
488 1834 545 1896 isto
555 1832 698 1896 indiculo.
708 1836 766 1896 Pro
774 1832 956 1896 indicatione
969 1832 1068 1908 citata,

101 1942 115 1982 r
136 1942 162 1984 r.
179 1943 208 2006 g.
224 1922 380 1986 descendo
398 1941 452 2005 per
470 1925 560 1986 istum
582 1921 749 1985 indiculum
768 1941 864 2005 usque
884 1921 923 1984 ad
943 1920 1072 1984 litteram

104 2034 118 2070 r
139 2013 172 2090 P,
183 2020 211 2076 et
224 2013 269 2075 ibi
280 2013 397 2095 reperio
407 2011 527 2075 titulum
536 2011 571 2074 de
581 2011 680 2073 Paetis
693 2029 759 2074 esse
777 2011 897 2074 titulum
911 2013 963 2086 35,
974 2008 1041 2071 libri
1053 2012 1068 2070 l

102 2123 116 2158 a
139 2102 349 2166 Decrelalium.
364 2102 639 2184 Aliquotiesautem
651 2100 947 2164 citatiolitsincvocc
957 2097 1070 2161 Extra.

104 2214 117 2248 r
139 2193 245 2256 alsine
258 2195 305 2268 X,
319 2209 387 2274 cap.
405 2190 552 2268 Quotiens,
569 2189 603 2252 de
618 2189 727 2252 Paetis.

140 2285 206 2346 196.
228 2305 245 2343 n
271 2284 347 2344 Vlll.
367 2281 411 2343 lld
430 2279 621 2363 allegandum
637 2279 764 2342 Sextum
778 2275 976 2340 Decretalinm
990 2277 1075 2359 poni·

106 2392 119 2431 r
140 2378 188 2435 tur
197 2374 230 2435 in
238 2371 301 2434 fine
309 2371 474 2448 citationis,
485 2371 517 2432 in
531 2373 575 2446 6⁰,
585 2367 613 2430 id
623 2379 678 2446 est,
694 2366 852 2430 inlibr06⁰
862 2365 1074 2428 Decretalium.

106 2483 120 2520 a
142 2481 170 2524 r.
185 2482 216 2544 g.
232 2480 262 2526 c.
286 2459 393 2525 Gratia
409 2458 444 2522 de
464 2458 629 2544 descriptis
647 2458 678 2521 in
700 2461 744 2520 6⁰.
763 2455 795 2520 ld
804 2461 850 2520 cst
861 2454 952 2538 capit.
969 2452 1076 2518 Gratia

107 2550 174 2614 nin
193 2551 282 2616 titulo
308 2549 343 2614 de
370 2548 556 2632 descriptis,
580 2548 613 2610 in
641 2553 724 2610 sexto
753 2545 831 2608 libro
862 2541 1074 2608 Decretalium.

107 2661 121 2699 r
143 2641 329 2714 Ouoerendus
350 2659 424 2723 ergo
446 2645 490 2702 est
510 2638 542 2702 in
562 2637 697 2700 indiculo
717 2634 905 2719 alphabetico
922 2631 1075 2698 titulorum

108 2751 123 2788 s
144 2731 242 2810 Sexti,
264 2729 302 2794 ad
316 2730 445 2793 litteram
464 2731 500 2806 ll,
515 2727 620 2791 titulus
632 2725 668 2789 de
681 2725 863 2808 descriptis,
884 2729 915 2786 et
927 2722 1078 2788 indiculus

109 2841 124 2886 r
145 2820 264 2885 docebit
276 2820 361 2884 bunc
374 2819 495 2883 titulum
509 2835 575 2880 esse
588 2816 710 2879 tertium
732 2815 823 2898 primi
841 2813 957 2878 libriin
976 2814 1075 2877 Sexta.

147 2915 242 2975 lii-n
257 2911 309 2973 lX.
326 2908 521 2972 clementinae
535 2906 701 2988 allegantur
715 2905 776 2966 sic:
793 2903 887 2968 Clam.
900 2901 1077 2980 Multorum,

112 3019 127 3058 n
147 2999 179 3063 de
194 3000 287 3063 Panis
298 2997 400 3062 :idest
413 2997 491 3061 inter
506 2995 721 3070 (dementium,
736 2993 900 3076 capitulum
915 2991 1080 3056 Multorum

112 3108 125 3146 r
149 3089 220 3153 tituli
236 3089 270 3152 dc
284 3087 405 3160 Panis:
420 3085 602 3171 quaerendus
622 3083 726 3148 titulus
739 3081 773 3146 de
792 3080 886 3145 Panis
900 3081 932 3144 in
946 3079 1080 3144 indiculo

113 3199 126 3235 r
150 3179 302 3244 titulorum
317 3197 373 3262 pro
388 3176 599 3250 Clernentinis‚
614 3181 643 3237 et
656 3173 697 3236 ibi
713 3179 854 3236 monetur
867 3169 950 3236 hunc
960 3170 1081 3233 titulum

112 3288 126 3328 n
149 3273 259 3348 esea,
275 3268 343 3332 libri
358 3267 456 3352 quinti
471 3263 740 3329 Clementinarum.

150 3361 217 3424 raa.
240 3361 312 3423 all.
340 3359 569 3439 llxtravaganles
596 3349 809 3417 loannisllllll
822 3351 988 3432 allegantur
1013 3349 1080 3411 sicr

113 3467 130 3511 a
149 3451 265 3513 Extrav.
275 3453 297 3522 ¹,
306 3443 623 3526 Ecclesiu,deMojar.
631 3449 661 3506 et
671 3441 776 3519 Obed.;
786 3440 816 3504 id
826 3449 881 3520 est,
893 3441 969 3502 inter
978 3437 1082 3498 Extra·

145 3648 154 3684 ¹
167 3646 290 3701 ommam
300 3643 399 3700 ridetur
410 3643 529 3702 rcrbumi
541 3640 554 3690 J
557 3637 645 3692 oannis
654 3636 728 3690 llel.
