2588 3994
246 270 284 336 88
465 285 603 332 cannata
622 283 724 330 rorrvs
744 244 829 331 itinn
852 281 998 328 cinomcv.

29 477 38 488 .
155 449 156 452 ,
246 388 500 454 »advertendum
514 386 654 469 estquod
668 387 823 469 privilegia
838 386 1061 468 gratiamque
1074 402 1137 448 non
1153 387 1233 448 sunt

246 501 262 540 a
286 479 359 542 aliis
372 476 778 560 gravaminiutausolvendi,
790 473 997 557 dispensandi,
1010 473 1056 534 vel
1064 473 1232 553 jejunandi

247 591 262 628 n
287 575 317 629 et
330 567 376 629 his
390 567 517 638 similia,
536 567 601 628 haec
615 582 773 646 nunquam
791 567 970 626 amittuntur
984 581 1038 645 per
1053 581 1116 624 non
1131 581 1232 626 usum

248 680 263 716 a
287 663 317 718 ot
329 657 420 719 etiam
434 675 487 738 per
501 673 591 717 usum
611 654 816 730 contrarium,
835 651 972 734 quamvis
990 652 1136 732 temporis
1157 651 1234 714 lon-

248 767 263 804 n
289 745 443 826 gissimi...
462 744 734 824 Privilogiacontra
753 759 822 823 quae
841 741 929 803 tertio
942 747 1013 804 sunt
1029 757 1173 818 onerosa,
1198 749 1235 806 ut

249 857 264 892 n
291 853 351 896 non
366 831 498 897 solvendi
514 833 647 894 decimas
661 839 690 894 ct
704 831 825 906 similia,
840 828 905 892 haec
919 829 1157 912 praescribuntur
1173 849 1235 912 per
1280 831 1281 892 3

249 945 264 981 n
290 939 379 985 usum
399 923 587 985 contrarium
605 928 635 984 et
652 938 706 1002 per
728 937 818 982 usum
838 919 1017 1002 privativum
1034 922 1044 958 ¹
1059 919 1134 994 (non
1155 921 1235 982 verd

250 1034 265 1070 n
289 1010 433 1074 duntaxat
453 1011 650 1091 negativum),
664 1008 749 1090 quod
766 1005 1011 1089 acciditquando
1023 1007 1246 1089 privilegiatus

250 1123 265 1158 n
281 1101 430 1162 conscius
443 1101 506 1180 jam
521 1099 567 1161 sui
582 1097 741 1180 privilegii,
756 1097 966 1160 occasionibus
980 1096 1102 1173 oblatis,
1115 1105 1235 1178 sponte

251 1211 266 1246 n
292 1189 333 1250 uti
351 1189 497 1250 recusavit
511 1207 518 1249 :
534 1187 705 1264 hoc-antem
720 1186 828 1260 currit,
843 1184 1010 1247 dummodo
1023 1186 1054 1246 in
1069 1185 1235 1267 privilegio
1281 1219 1282 1292 r

251 1297 266 1336 n
291 1295 352 1339 non
367 1279 404 1338 sit
422 1277 555 1340 clausula
568 1275 671 1338 utendi
695 1276 797 1338 adsui
814 1275 1008 1337 arbitrium...
1028 1275 1157 1354 Insuper
1171 1275 1236 1338 hoc
1281 1303 1282 1336 r

252 1387 266 1424 v
292 1365 465 1446 intelligitur
488 1384 543 1447 pro
562 1365 627 1426 loro
650 1372 792 1440 externo;
815 1381 885 1425 nam
907 1363 938 1423 in
959 1362 1145 1431 concientid,
1166 1383 1234 1427 non

251 1476 267 1514 a
291 1455 400 1516 amittit
414 1453 602 1536 privilegium
618 1453 669 1534 qui
685 1454 823 1514 animum
840 1469 901 1513 non
917 1451 1007 1514 habet
1020 1453 1231 1516 renuntiandi.

253 1565 267 1600 a
291 1543 391 1605 Potest
414 1561 532 1605 cessare
552 1543 643 1604 etiam
665 1541 854 1624 privilegium
878 1557 932 1622 per
963 1541 1092 1603 abusum
1113 1541 1178 1604 sive
1200 1544 1233 1605 in

252 1655 267 1691 a
293 1639 388 1693 totum
412 1633 473 1694 sive
497 1631 528 1692 in
555 1637 672 1712 partem
693 1629 773 1712 (Vid.
798 1629 889 1691 ctiam
913 1626 1087 1708 ilerdensi,
1111 1628 1165 1692 lib.
1190 1636 1230 1706 5,

252 1742 267 1779 a
290 1724 336 1785 nt.
352 1725 402 1795 at,
419 1723 454 1780 n⁰
470 1721 626 1800 tro-tra).

293 1813 360 1871 ton.
373 1831 387 1866 a
400 1809 500 1870 Cessat
513 1811 545 1869 δ’
563 1807 755 1890 Privilegium
773 1807 812 1868 ob
825 1809 1047 1871 revocationem
1066 1809 1228 1892 Principis.
1282 1817 1283 1820 ’

253 1919 268 1956 n
293 1899 326 1958 ln
346 1897 403 1959 lvoc
424 1905 525 1959 autent
548 1896 733 1977 distinguere
756 1903 873 1978 oportet
890 1897 1046 1979 privilegia
1064 1901 1196 1979 gratuita
1213 1903 1230 1962 lt

253 2009 267 2044 n
293 1987 520 2048 rornunerativis
543 1993 571 2048 et
590 1985 628 2048 ab
642 1987 777 2048 onerosis
797 2012 802 2047 :
825 1987 849 2047 si
864 1985 1055 2068 privilegium
1077 1993 1123 2048 est
1146 1993 1231 2051 meru

252 2097 267 2135 n
294 2075 468 2155 gratuitum,
484 2075 616 2138 revocari
631 2082 728 2156 potest
740 2074 836 2138 valide
849 2075 939 2136 etiam
954 2075 1020 2136 sine
1031 2076 1110 2155 justa
1125 2083 1229 2154 causa,

252 2187 267 2224 n
291 2164 428 2244 antmvis
448 2162 508 2226 hoc
531 2181 591 2224 non
611 2170 769 2225 excusetur
788 2163 893 2226 saltem
914 2166 931 2224 u
952 2163 1042 2246 culpa
1061 2165 1187 2237 veniali,
1205 2167 1230 2229 si

253 2275 267 2311 n
292 2252 468 2314 scandalum
495 2253 610 2314 ausit...
626 2252 656 2314 Si
679 2253 750 2314 veru
770 2269 839 2314 curn
867 2251 1024 2334 privilegio
1051 2253 1230 2318 translatum
1283 2271 1284 2278 ¹

252 2364 267 2400 n
292 2340 396 2404 luisset
416 2341 587 2404 dominium
613 2341 740 2420 alicujus
766 2341 808 2402 rei
830 2342 862 2402 in
889 2341 1127 2423 privilegiatum,
1156 2343 1231 2408 illud

252 2453 267 2490 n
293 2430 424 2493 revocari
455 2429 561 2511 nequit
583 2447 640 2492 ncc
657 2429 734 2492 licitd
755 2447 811 2492 nec
831 2429 942 2505 valide,
969 2431 1026 2492 nisi
1046 2431 1086 2493 ob
1106 2449 1231 2496 causam

253 2542 267 2578 a
292 2519 536 2600 urgentissimam
559 2517 631 2582 boni
654 2519 845 2596 communis,
859 2519 904 2581 vel
929 2519 1027 2601 gnavis
1047 2519 1168 2598 delicti,
1185 2524 1231 2586 vel

252 2631 267 2668 n
292 2607 332 2670 ob
346 2609 411 2670 illas
423 2625 529 2670 causas
541 2607 581 2669 ob
595 2626 670 2689 quas
687 2607 742 2689 (vel
758 2609 857 2690 potius
872 2607 939 2670 sine
955 2608 1081 2690 quinus)
1094 2613 1230 2674 revocari

252 2719 267 2755 n
293 2699 396 2778 nequit
406 2696 861 2780 donatio...Scdsiprivilegium
870 2699 1230 2764 estremunerativumvel

252 2807 267 2844 n
292 2786 331 2848 ob
342 2785 499 2864 justitiam,
509 2785 554 2848 vel
563 2786 603 2848 ob
612 2785 837 2866 gratitudinem,
847 2803 967 2868 semper·
974 2787 1139 2868 requiritur
1150 2789 1230 2868 justa

252 2896 267 2932 a
292 2892 398 2952 causa,
412 2873 446 2936 ut
463 2874 559 2936 valide
578 2885 742 2938 revocetur.
758 2876 796 2936 Et
813 2874 838 2936 si
858 2877 981 2956 insuper
1001 2883 1046 2938 est
1063 2894 1230 2942 onerosum

252 2985 268 3022 n
292 2969 336 3038 ut,
352 2963 681 3040 ex.c.,conccssumob
691 2965 984 3046 pretiumacceptum
997 2963 1044 3025 vel
1053 2963 1093 3026 ob
1106 2965 1230 3049 aliquod

253 3073 267 3108 n
292 3051 1229 3134 onusprivilegiatoimpositum,tuncutrevoceturlultrajus·
1281 3085 1284 3130 t

253 3163 268 3198 n
291 3146 354 3202 tam
367 3145 505 3221 causant)
519 3142 682 3222 requiritur
695 3141 912 3223 compensatio.
928 3143 966 3202 Et
985 3139 1043 3203 hoc
1063 3141 1228 3208 dicendum

198 3399 199 3402 Ἴ
283 3348 291 3376 ·
309 3343 381 3395 llotld
399 3342 480 3394 adsint
495 3349 627 3410 aequantes
639 3341 814 3394 conditiones:
829 3361 840 3392 a
853 3343 881 3393 1⁰
893 3343 925 3395 Ut
941 3342 1015 3394 luant
1027 3345 1127 3396 occasio
1140 3348 1230 3398 utendi

257 3433 269 3466 a
281 3414 423 3482 privilegin;
434 3417 462 3464 2⁰
475 3419 502 3464 ut
512 3414 638 3480 negligens
651 3415 686 3462 uti
700 3414 828 3480 privilegio
841 3414 941 3480 qnando
964 3413 987 3466 id
999 3421 1107 3481 poterat,
1122 3417 1231 3470 scienter

254 3506 265 3534 ι
284 3487 434 3551 neglexerim
447 3486 475 3536 3⁰
487 3493 514 3534 ut
528 3485 590 3550 negl
599 3483 662 3534 xarit
680 3483 785 3535 libare...
804 3499 852 3535 non
867 3485 1082 3551 parvimentum,
1099 3489 1126 3538 tt
1139 3497 1229 3540 utnon

255 3577 265 3606 ι
283 3573 342 3608 usus
354 3558 391 3607 vel
403 3573 463 3608 usus
476 3557 613 3606 contrarius
622 3555 780 3606 intervenerit
792 3556 876 3606 debito
886 3563 1012 3622 tempor03
1024 3558 1052 3606 5⁰
1067 3565 1095 3607 ut
1107 3575 1157 3610 non
1170 3577 1230 3610 nsna

254 3647 265 3676 ι
283 3629 320 3678 vel
334 3643 392 3678 usus
404 3628 542 3677 contrarios
553 3633 692 3690 provenerit
702 3626 732 3675 au
746 3626 775 3676 iia
787 3628 829 3692 qui
842 3627 970 3694 privilagio
982 3629 1125 3680 renuntiare
1137 3639 1230 3694 potue·

255 3717 266 3746 ι
283 3705 348 3750 runt.
365 3717 375 3744 ι
389 3697 483 3758 Bonix,
497 3698 525 3746 da
535 3699 595 3760 lleq.
611 3702 627 3744 t.
641 3697 672 3758 u,
686 3711 710 3761 p.
723 3695 763 3746 tlt.
