2574 3994
189 205 247 267 206
407 223 543 270 aaronem
564 223 664 269 rorrus
684 222 765 269 rums
785 219 934 268 cruorum.

228 320 318 404 Resp.
333 324 423 386 Plura
446 323 543 386 adlruc
565 324 694 406 requiri,
720 340 854 404 nempe:
877 325 907 385 l·
920 323 961 386 Ut
980 319 1086 384 electio
1108 321 1162 384 flat

189 411 266 472 inira
279 419 339 474 tres
354 431 472 474 menses
485 415 502 475 ir
516 413 566 474 die
579 413 752 488 vacationis;
769 431 836 494 cap.
851 414 900 480 ll,
918 409 953 472 dc
966 408 1065 472 Elect.

226 506 260 562 2⁰
282 504 319 565 Ut
332 503 438 564 electio
452 503 490 564 sit
510 501 603 564 libero
621 521 657 564 ac
675 501 802 584 proinde
824 500 902 564 absit
920 499 965 562 vis
986 503 1040 562 aut
1057 497 1159 562 transt
1275 533 1276 536 =

193 590 369 672 «Quisquis
389 591 526 653 electioni
549 591 587 653 de
606 608 638 653 se
659 589 744 653 factae
763 610 819 673 per
840 587 989 652 secularia
1003 588 1161 670 potestatis
1275 657 1276 660 Ἴ

187 698 203 734 o
228 679 367 758 abusam,
392 681 563 742 consentire
585 679 811 762 praesumpserit
841 683 948 741 contra
982 675 1160 739 canonicam
1275 683 1276 738 ζ

186 787 203 825 o
228 767 413 846 libertatem,
429 776 459 832 et
472 769 628 831 electionis
650 767 811 830 commodo
825 772 926 830 careat
943 769 975 828 ct
988 763 1160 845 ineligibilis
1275 769 1276 804 ³

187 877 203 915 o
229 857 302 933 frat,
324 877 380 920 nec
399 858 513 938 absque
526 857 749 938 dispensatione
772 857 810 918 ed
829 856 961 938 aliquam
975 853 1071 916 valeat
1090 851 1159 934 eligi
1275 909 1276 942 3

187 968 203 1004 s
227 945 424 1026 dignitatem:
440 947 492 1028 qui
506 947 577 1008 rerd
591 946 769 1009 electionem
782 943 971 1025 hujusmodi,
987 960 1079 1023 quam
1094 942 1159 1023 ipso

188 1056 203 1092 o
225 1035 293 1114 June
316 1035 430 1096 irritam
452 1053 630 1113 censemus,
652 1033 900 1118 presumpserint
923 1031 1094 1108 celebrere,
1122 1029 1161 1092 ab
1275 1073 1276 1076 ,

188 1144 203 1180 rr
228 1122 334 1185 ciliciis
347 1129 378 1185 et
391 1121 560 1200 beneficiis,
577 1123 696 1206 penitus
708 1123 946 1205 suspendantur,
961 1127 991 1182 et
1004 1137 1058 1201 per
1071 1120 1160 1182 trien·
1275 1133 1276 1202 ξ

187 1233 203 1269 a
228 1211 313 1273 nium
328 1211 458 1292 eligendi
476 1213 538 1274 sint
552 1219 696 1294 potestate
709 1212 825 1294 privati.
841 1231 857 1271 a
874 1213 917 1272 lta
936 1227 1002 1291 cap.
1023 1207 1160 1289 Quisquis
1275 1249 1276 1274 1

187 1305 238 1376 le,
253 1300 288 1362 de
306 1301 418 1378 Elect,
433 1319 470 1363 err
484 1302 597 1364 Concil.
613 1303 710 1364 Later.
725 1303 776 1364 lV.
795 1301 855 1363 Pro
867 1299 973 1382 [raude
991 1305 1022 1361 et
1038 1296 1113 1374 dolo,
1128 1316 1158 1359 v.
1275 1323 1276 1380 3

188 1389 259 1469 Gap.
278 1389 352 1452 Cion
365 1389 462 1451 dictus
475 1393 524 1466 23,
537 1389 571 1453 de
584 1390 765 1465 Electione;

227 1481 259 1539 3ο
273 1481 312 1542 Ut
331 1479 408 1540 absit
428 1481 529 1540 omnis
549 1479 688 1542 simonia.
711 1477 787 1542 Vide
810 1475 889 1541 inira
908 1474 1036 1541 dicenda
1054 1477 1157 1555 (6189·
1275 1431 1276 1498 3

226 1659 259 1716 l·
272 1657 312 1719 Ut
325 1672 387 1718 nou
397 1656 607 1720 accedantvoti
616 1657 786 1740 incapaces.
795 1655 993 1731 Quinamsiut
1002 1655 1158 1736 incapaces

187 1742 302 1806 dictum
316 1743 372 1807 luit
384 1763 476 1827 supra
485 1748 577 1824 (395).

227 1835 260 1895 5⁰
273 1835 312 1896 Ut
324 1839 392 1896 rota
404 1832 538 1898 ferantur
559 1833 688 1898 absolute
707 1841 736 1900 et
758 1831 949 1900 determinati
963 1839 1054 1898 :vom
1075 1834 1159 1898 enim

187 1921 409 1999 conditionata,
425 1923 597 1987 alternative
611 1931 641 1988 et
654 1927 768 1989 incerta
782 1923 920 1988 habenda
933 1929 1004 1985 suut
1016 1928 1050 1986 ut
1064 1923 1156 2002 nulla;

187 2029 223 2072 er
239 2029 305 2092 cap.
322 2016 352 2088 2,
363 2010 398 2073 de
411 2011 510 2074 Elect.
527 2012 558 2075 io
573 2017 616 2077 6⁰.
632 2015 708 2078 Vide
723 2015 800 2078 inira
812 2012 940 2077 dicenda
954 2015 1064 2092 (2383).

225 2103 343 2164 ler-
353 2104 386 2162 6⁰
402 2104 439 2167 lit
447 2100 598 2184 publicato
613 2105 773 2180 scrutinio,
790 2121 852 2166 non
869 2101 985 2166 varient
997 2101 1156 2181 electores;

186 2205 253 2270 cap.
271 2188 426 2252 Prrdlicoto
438 2189 489 2268 58,
505 2190 540 2253 de
556 2191 655 2255 Elect.
674 2195 831 2268 Attamen,
850 2188 991 2273 quaudo,
1007 2189 1158 2272 publicam

187 2278 351 2357 scrutinio,
367 2285 490 2362 apparet
505 2297 567 2344 non
581 2279 677 2342 valide
695 2287 848 2362 peractam
867 2279 960 2341 luisse
980 2278 1158 2342 electionem

187 2365 287 2444 (secus
309 2369 333 2431 si
353 2377 430 2432 esset
447 2387 501 2450 per
514 2367 648 2447 judicem
670 2369 849 2448 irritanda),
869 2369 914 2431 vel
930 2368 955 2430 si
969 2367 1080 2430 electus
1096 2387 1158 2431 nou

186 2463 371 2539 acceptaret,
386 2457 432 2520 vel
453 2459 476 2519 ai
498 2463 575 2519 esset
588 2456 778 2538 ineligibilis,
793 2464 867 2521 tunc
880 2458 984 2521 liceret
996 2457 1035 2519 ad
1049 2475 1158 2520 noram

187 2545 365 2609 electionem
378 2545 551 2628 procedere,
568 2552 598 2608 et
609 2565 627 2608 a
638 2547 730 2629 priori
743 2553 812 2612 uolo
825 2547 965 2610 recedere
978 2547 1157 2626 illeilleost,

187 2635 242 2712 ita,
258 2633 298 2694 nr.
317 2637 473 2712 aea-299).
496 2635 630 2716 Speciale
647 2635 760 2716 aliquid
774 2643 818 2698 est
832 2639 863 2698 iu
884 2636 1060 2698 monialium
1079 2637 1159 2698 elec·

186 2723 337 2800 tionibus,
352 2724 464 2786 scilicet
478 2723 576 2805 qudd,
591 2741 663 2788 casu
677 2743 739 2807 quo
752 2727 770 2786 lr
783 2728 897 2804 majore
915 2725 1038 2806 quidem
1053 2730 1156 2805 parte,

187 2811 239 2874 sed
255 2829 316 2874 non
339 2829 356 2873 a
377 2811 495 2875 duabus
515 2831 552 2876 ex
569 2813 665 2877 tribus
682 2814 818 2896 partibus
835 2813 957 2896 capituli
979 2812 1078 2875 electa
1096 2811 1157 2874 fue·

187 2899 261 2976 rint,
273 2901 388 2982 possint
401 2901 467 2964 aliae
481 2901 625 2964 moniales
633 2904 725 2986 partis
734 2903 859 2966 minoris
869 2901 907 2964 ad
920 2907 1022 2965 votum
1037 2900 1159 2978 majoris

185 2989 278 3072 partis
301 2989 467 3070 accedere,
489 2993 593 3073 sicque
615 2993 729 3055 variare
750 2999 817 3075 post
845 2991 1030 3075 publicatum
1056 2995 1160 3052 scrutr·

187 3079 283 3142 nium.
295 3081 366 3161 Gap.
377 3079 621 3142 indemnitatibus
629 3083 680 3158 43,
690 3080 725 3144 de
735 3081 834 3144 Elect.
846 3081 915 3144 ind·
926 3081 973 3160 (ll.
989 3078 1158 3158 Romaest,

181 3166 274 3244 reid,
289 3181 323 3230 rrt
336 3170 415 3249 300).

227 3257 260 3318 lu
274 3256 419 3320 electione
433 3260 464 3320 S.
482 3257 653 3338 Ponlilicis,
668 3265 701 3323 ut
715 3277 786 3322 mor
806 3258 915 3323 dicturi
939 3277 1044 3323 sumus
1066 3259 1157 3341 (426),

185 3343 270 3408 locus
284 3354 327 3408 est
341 3347 465 3410 accessui
473 3395 483 3423 ,
497 3347 521 3409 si
535 3348 567 3409 io
587 3365 684 3411 unum
699 3367 761 3413 non
781 3349 962 3412 conveniant
978 3349 1047 3411 duae
1060 3353 1160 3430 partes

186 3435 608 3519 Cardioaliumpraesenlium.
711 3479 713 3484 ,

225 3527 295 3587 loti.
311 3526 377 3587 lmd
389 3525 414 3586 si
429 3533 566 3608 ageretur
578 3525 617 3590 de
630 3543 703 3590 casu
723 3527 756 3590 in
778 3543 840 3609 quo
857 3525 994 3608 rigorose
1006 3543 1068 3588 non
1082 3529 1160 3589 esset

187 3613 332 3676 seruanda
350 3613 445 3677 lorma
460 3634 516 3697 pcr
535 3634 601 3700 cap.
621 3613 831 3700 Omeprcpter
844 3615 1027 3698 prescripta
1042 3633 1070 3677 v.
1087 3633 1118 3696 g.
1132 3611 1159 3676 si
