2546 3992
188 195 247 258 661
407 203 544 252 saroam
574 208 668 252 rorrss
700 207 775 251 rums
796 206 938 253 canonici.

186 332 201 369 6
225 307 455 390 deligendorum
473 301 597 366 facultas
610 306 693 368 laicis
710 306 787 368 lucta
801 308 857 377 est,
875 305 912 366 ed
926 302 1009 385 qobd
1030 301 1157 364 honora·

186 419 200 455 6
224 397 303 459 rium
325 396 431 458 iisdem
454 394 588 473 solvunt,
606 395 644 458 ab
666 394 817 477 Episcopo
837 391 1024 475 approbandi
1046 399 1155 454 sunt.»

185 485 281 564 (Card.
299 485 410 567 Sopita,
427 485 503 548 lost.
513 483 581 565 jur.
597 483 690 566 pira,
708 483 786 564 §5.)

226 579 314 639 1065.
338 577 368 637 S.
396 574 594 656 congregatio
614 573 738 636 Concilii
760 571 898 635 consulte
922 571 1011 634 lulla
1038 569 1159 634 Fabricd
1232 637 1233 658 χ

185 663 367 728 Catbedralis
382 663 573 727 sarzanensis
595 683 664 725 can
678 675 708 724 et
720 661 757 724 ad
772 680 864 743 quem
877 667 989 742 spectet
1003 677 1087 724 onus
1101 658 1160 722 sol-
1232 659 1233 712 ἓ

184 753 312 816 ,vendi
346 755 570 834 eleemosynam
606 751 817 814 Concionatori
845 749 1055 814 Cathcdralis‘l
1083 771 1100 808 6
1129 749 1158 810 S.
1232 747 1233 760 ¹

184 844 297 926 Congo.
315 842 470 924 respondit
486 861 493 902 ε
510 864 525 900 a
539 843 680 923 spectare
694 839 732 904 ad
745 840 941 922 Episcopum.
953 843 976 900 ›i'
988 839 1071 917 (Vid.
1087 837 1161 899 Aoo·

185 931 337 1005 1661630·
359 933 437 993 livr..
458 930 516 992 col.
544 935 612 993 118.
638 933 681 992 lta
694 930 835 1013 expresse
848 945 915 1012 cap.
931 928 1016 991 Inter
1029 936 1160 1004 cetera,
1232 985 1233 988 ,

184 1021 219 1082 de
233 1022 340 1104 Officio
349 1020 419 1102 jad.
436 1019 609 1098 ordinarii.)
1232 1037 1233 1096 j

225 1113 313 1174 1066.
337 1117 369 1171 2⁰
383 1109 488 1182 Quoad
502 1110 644 1172 missam:
659 1109 763 1172 «Dicit
772 1107 893 1184 Hubert,
905 1125 942 1170 ex
956 1128 1022 1191 cap.
1041 1107 1159 1180 ultimo,

184 1221 199 1258 6
223 1199 258 1260 de
274 1199 432 1282 Priuilep,
455 1199 486 1260 in
506 1201 549 1275 6⁰,
571 1218 623 1262 eos
644 1218 706 1263 non
723 1199 831 1262 decere
845 1197 937 1262 ullam
951 1197 1032 1260 diem
1054 1197 1162 1260 transi·

183 1310 199 1347 6
224 1307 295 1370 gere
309 1289 374 1352 6166
388 1288 495 1364 misst,
510 1291 626 1350 remota
635 1287 803 1351 rationabili
818 1290 923 1364 caust3
939 1287 990 1348 sed
1005 1285 1161 1350 66666166-
1232 1329 1233 1360 ,

183 1399 198 1436 6
223 1379 297 1441 dum
312 1377 393 1460 quod
408 1384 505 1440 textus
520 1397 582 1440 non
596 1378 729 1460 loquitur
742 1377 878 1440 absolute
893 1375 932 1439 de
944 1376 1159 1448 celebratione,
1232 1373 1233 1406 ³

183 1489 198 1526 6
223 1467 292 1544 sed,
309 1468 354 1530 vel
369 1467 408 1529 de
421 1467 621 1530 celebratione
635 1466 681 1530 vel
695 1467 733 1530 de
747 1465 899 1530 auditione
914 1467 1050 1528 misse.»
1066 1467 1099 1530 S.
1115 1465 1160 1526 Li·
1232 1473 1233 1476 ’

184 1576 283 1638 gaon,
299 1558 351 1620 lib.
368 1563 398 1633 6,
416 1569 450 1618 6θ
464 1561 532 1620 313.

227 1671 241 1706 «
261 1649 296 1708 ln
310 1647 358 1710 die
374 1646 513 1722 Pasobae,
529 1647 711 1728 Episcopus,
728 1646 785 1708 nisi
800 1645 901 1728 aliquo
916 1644 1050 1726 legitimo
1065 1645 1160 1727 impe
1232 1685 1233 1690 κ

182 1757 198 1796 6
222 1736 357 1798 dimento
384 1735 473 1798 luerit
496 1735 672 1816 impeditus,
696 1736 819 1798 missam
842 1735 1009 1798 solemnem
1028 1735 1158 1798 omnino

183 1847 198 1884 6
222 1825 374 1886 celebrare
397 1823 495 1886 debet.
519 1847 534 1883 6
561 1827 604 1886 Its
628 1824 842 1888 Grercmoniale
864 1823 1020 1906 Episcop,
1042 1824 1097 1886 lib.
1122 1829 1154 1896 1,

182 1931 209 1976 6.
225 1918 302 1975 19...
318 1915 389 1975 Haec
402 1912 546 1976 solemnis
560 1913 718 1976 celebratio
732 1914 804 1976 item
818 1914 1047 1976 commendatur
1061 1915 1094 1975 in
1109 1913 1157 1975 dio

183 2001 293 2065 Natalis
315 2002 457 2080 Domini,
481 2002 677 2085 Epiphania,
704 2003 913 2081 Ascensionis,
941 2005 1153 2079 Pentecostes,

183 2093 261 2154 Festi
289 2094 342 2155 SS.
373 2089 450 2154 Petri
473 2098 502 2154 et
525 2093 629 2170 Pauli,
648 2093 886 2174 Assumptionis,
908 2093 987 2155 Festi
1010 2093 1154 2156 Omnium

182 2183 249 2259 SS.‚
265 2181 465 2245 Dedicationis
477 2182 633 2260 Ecclesiae,
649 2189 679 2245 et
694 2183 772 2245 Festi
786 2182 907 2245 Patroni
921 2182 1063 2246 Civitatis.
1080 2182 1154 2245 Vide

181 2272 410 2350 (laercmonialc,
426 2271 478 2334 lib.
494 2275 526 2349 1,
540 2291 606 2354 cap.
623 2277 653 2335 1.

223 2363 349 2426 adverte
371 2364 495 2444 insuper
515 2362 597 2443 qudd
618 2363 732 2425 nonsit
757 2369 972 2446 «postremum
990 2363 1151 2446 Episcopo·

181 2474 196 2514 6
219 2470 289 2515 num
307 2453 477 2516 officium...
500 2451 681 2515 sacrificium
696 2452 804 2515 offerre
818 2471 873 2534 pro
887 2453 1016 2536 populo,
1032 2471 1150 2515 curam-

181 2565 195 2600 6
220 2561 280 2624 que
294 2544 446 2624 suscipere
471 2541 670 2624 pupillorum,
691 2542 848 2605 viduarum
867 2549 897 2604 et
918 2559 1024 2605 eorum
1046 2541 1149 2624 quiin

181 2653 195 2690 a
220 2639 393 2715 paupertate
408 2638 488 2694 sunt.
500 2653 515 2689 6
528 2631 614 2694 Card.
631 2631 1148 2714 866116,166611.]“6ν.66616’61,ἓ51,

182 2719 298 2783 161166.
314 2721 427 2784 concil.
442 2720 538 2798 Trid,
554 2739 628 2784 sess.
644 2725 694 2798 13,
710 2739 776 2801 cap.
794 2724 822 2784 1.
841 2721 886 2784 Cl.
902 2741 975 2804 app.
989 2741 1019 2787 x.

222 2813 308 2873 1067.
332 2813 364 2871 3⁰
378 2810 517 2891 Episcopi
535 2816 676 2874 tenentur
699 2811 860 2873 convenire
879 2809 1012 2874 Concilio
1024 2813 1148 2878 Prorin-
1232 2839 1233 2876 3

180 2899 247 2962 cioli
270 2899 295 2960 61
318 2899 379 2959 sim·
399 2905 565 2962 convocati.
587 2899 663 2963 Vide
687 2899 802 2962 Concil.
823 2900 976 2978 Trident,
998 2919 1070 2965 sese.
1093 2907 1146 2980 11,
1232 2909 1233 2930 ¹

180 2997 245 3061 cap.
262 2983 301 3052 1,
317 2983 346 3040 et
360 2976 439 3040 dicta
454 2982 630 3061 66666181).
1232 3001 1233 3006 ’

220 3071 308 3131 1068.
331 3073 362 3128 1ο
380 3088 396 3126 u
415 3069 581 3150 Episcopus
599 3089 661 3132 non
683 3070 771 3133 debet
784 3069 899 3133 clericis
918 3073 1088 3152 pemiitterc
1102 3075 1147 3138 ln-

180 3180 194 3218 6
219 3157 293 3220 dum
306 3156 439 3218 alearum
456 3175 464 3218 ε
480 3175 542 3220 666
556 3159 743 3222 obstantibus
752 3160 1019 3224 consuetudinibus
1028 3163 1147 3244 quibus
1232 3183 1233 3192 ³

180 3270 194 3307 6
219 3265 361 3328 cumque.
378 3269 393 3306 6
416 3245 511 3320 Trio..
527 3265 601 3326 sess,
620 3253 676 3322 11,
696 3267 763 3332 cap.
784 3253 798 3312 l
814 3248 871 3327 ,de
889 3250 1009 3332 reform.
1026 3253 1111 3316 Unde
1130 3257 1145 3316 ai
1232 3313 1233 3326 2

180 3335 291 3400 fortiori
308 3354 369 3398 non
383 3335 473 3398 debet
485 3335 549 3417 ipse
563 3338 635 3400 oleis
649 3337 763 3402 ludere.
774 3339 917 3417 Ferraris,
929 3349 959 3402 v⁰
972 3341 1143 3428 Episcopus,

180 3433 234 3489 art.
250 3430 286 3500 6,
303 3435 337 3487 n⁰
351 3427 421 3488 111.

221 3527 307 3586 1069.
330 3527 362 3584 6ο
388 3519 435 3582 Ad
458 3521 641 3603 Episcopum
658 3525 788 3606 pertinet
809 3544 932 3591 suarum
952 3529 1144 3594 ecclesiarum

180 3611 357 3691 temporalis
368 3609 449 3674 bone
462 3609 682 3687 administrare,
694 3613 775 3674 unde
784 3631 839 3678 suo
853 3617 976 3681 arbitrio
989 3618 1142 3684 moderare
