2546 3992
178 253 235 315 tos
400 271 537 318 vaurtim
558 270 657 316 roaros
677 273 759 318 vunrs
781 272 931 320 canonici.

162 366 205 429 'et
221 369 317 450 parvis
335 369 550 448 conventibus,
570 371 602 432 in
626 369 737 451 quibus
761 390 823 432 non
843 371 958 452 degunt
980 371 1084 439 salleni
1099 393 1150 437 sex

176 456 324 538 religiosi,
345 477 400 540 pro
419 457 529 540 quibus
548 457 616 521 vide
638 457 806 522 decisiones
831 461 905 522 all.
928 461 1024 524 Bouix
1044 463 1151 524 relatas

176 545 236 627 (De
250 545 370 628 Regni,
387 553 408 608 t.
425 551 454 622 9,
465 567 494 627 p.
513 550 697 628 l53,quaest.
715 551 816 625 XXX).
827 551 900 610 ltem
910 549 1051 614 Ecclesiae
1061 553 1092 612 in
1105 551 1151 613 his

175 633 306 716 granciis
314 641 345 696 et
351 637 449 718 parvis
457 635 654 698 conventibus
664 637 835 713 existentes,
845 637 891 698 vel
901 657 970 718 quae
984 644 1056 700 sunt
1065 658 1150 720 sepa·

176 728 247 784 mtae
257 724 272 783 a
284 724 489 799 monasteriis,
503 723 662 786 visitationi
672 724 839 806 Episcopali
856 726 1058 806 subjiciuntur
1070 730 1148 808 (iol.

176 809 251 872 Vide
265 813 353 873 etiarn
369 813 522 888 Formiis,
537 821 567 874 v⁰
591 812 737 890 Victore,
753 823 786 875 n⁰
801 819 851 877 el.

216 902 285 960 aot.
309 901 387 980 Erga
415 899 569 979 religiosos
595 907 679 964 ext-m
705 903 887 966 monasteria
912 911 1149 982 mmmcmntes,

175 985 315 1068 Episcopi
332 995 579 1070 agunttanquam
589 989 716 1072 delegati
731 991 816 1054 Sedis
828 994 1008 1074 Apostolim
1025 995 1147 1074 (Concil.

175 1074 322 1153 Trident,
337 1095 410 1139 sess.
428 1077 458 1150 6,
471 1096 537 1160 cap.
550 1081 580 1156 3,
591 1077 626 1140 de
639 1080 773 1160 reform.)
782 1101 791 1157 ;
801 1081 853 1142 sed
864 1099 987 1146 manere
997 1089 1079 1146 entra
1088 1101 1150 1146 rno-

177 1164 343 1226 nasleriurn
356 1183 419 1227 non
433 1172 596 1230 censentur
618 1167 637 1229 ii
653 1169 704 1249 qui
720 1187 774 1250 per
797 1169 872 1232 duos
892 1169 938 1233 vel
959 1179 1019 1234 tres
1031 1190 1149 1236 menses

177 1249 214 1311 ad
229 1252 470 1332 praedicendum,
491 1255 538 1316 vel
552 1257 746 1319 recreationis
758 1260 864 1331 coust,
880 1259 927 1322 vel
942 1261 981 1323 ob
994 1261 1050 1324 alia
1064 1262 1149 1324 sirni-

177 1338 232 1416 lie,
257 1348 339 1404 extra
366 1344 584 1406 monasterinm
607 1351 763 1408 versantur
783 1347 910 1425 (Bouix,
930 1349 974 1411 De
994 1350 1145 1432 Regalor„

177 1433 198 1488 t.
214 1432 251 1506 2,
267 1448 297 1510 p.
317 1433 396 1510 133).

216 1521 286 1578 905.
309 1523 340 1579 2⁰
356 1519 496 1582 Ecclesiae
518 1521 670 1603 regulares
683 1533 794 1608 curatae
808 1530 837 1589 et
851 1527 980 1608 religiosi
994 1529 1047 1610 qui
1063 1527 1092 1590 in
1106 1528 1149 1591 eis

177 1623 281 1666 cumin
296 1605 467 1670 animarum
484 1615 613 1689 gerunt,
631 1611 806 1690 visitationi,
820 1615 1020 1694 jurisdictioni
1035 1623 1065 1679 et
1082 1637 1147 1680 cor-

176 1693 301 1754 rectioni
316 1694 455 1776 Episcopi
469 1698 627 1776 subjacent
640 1701 670 1761 in
685 1701 729 1763 eis
738 1723 807 1783 quae
821 1709 954 1785 spectant
967 1725 1072 1769 curam
1087 1709 1150 1770 ani-

177 1798 297 1842 morum
314 1801 320 1840 :
337 1783 513 1864 excipienda
528 1793 628 1860 tamen
643 1797 687 1850 est
703 1791 828 1854 ecelesia
842 1793 922 1856 illius
935 1801 1099 1859 conventus
1116 1797 1147 1859 iu

177 1885 237 1947 quo
260 1869 402 1948 Superior
426 1874 574 1952 generalis
600 1878 692 1939 totius
720 1879 834 1943 ordinis
856 1882 1039 1946 ordinariam
1061 1885 1147 1950 habet

177 1954 366 2018 residentiam
383 1959 506 2035 (Bouix,
523 1962 567 2024 Oe
580 1965 741 2048 Episcopo,
755 1975 775 2029 t.
793 1973 831 2042 9,
848 1989 878 2051 p.
895 1974 954 2050 30).

216 2047 284 2106 906.
309 2049 340 2107 3⁰
354 2047 490 2128 Capitula
510 2063 666 2135 exempta,
685 2057 776 2118 mndd
791 2077 852 2120 non
868 2059 929 2120 sint
941 2062 1054 2125 nultius
1067 2063 1147 2147 (quia

178 2137 263 2210 tunc,
286 2136 303 2195 0
326 2135 387 2196 suis
411 2138 543 2202 Praelatis
564 2149 634 2204 sunt
655 2144 827 2224 visitanda),
845 2147 955 2210 visitari
977 2150 1087 2214 debent
1110 2155 1148 2216 ab

178 2221 325 2304 Episcopo
337 2223 393 2286 loci
411 2245 418 2285 ε
435 2235 550 2290 constat
564 2248 599 2291 ex
614 2249 679 2312 cap.
700 2236 734 2306 t,
751 2252 822 2296 sess.
838 2237 870 2309 6,
885 2237 998 2301 Concil.
1013 2241 1145 2304 Trident.

177 2311 284 2372 Forma
306 2319 406 2374 autern
431 2313 630 2380 determinata
656 2321 686 2380 in
707 2339 773 2402 cap.
794 2327 832 2396 6,
857 2343 929 2386 sess.
953 2331 992 2390 23
1013 2331 1147 2408 ejusdem

177 2399 316 2478 Concilii,
329 2402 414 2480 juxta
432 2423 524 2484 quani
547 2407 713 2489 Episcopus
732 2415 852 2474 tenetur
871 2413 948 2476 duos
962 2416 1000 2479 dc
1014 2420 1147 2500 Capitulo

176 2487 230 2548 sibi
246 2488 411 2571 adjungere
422 2491 555 2570 judices,
572 2497 743 2578 praescripta
757 2497 813 2560 fuit
826 2499 970 2565 duntaxat
989 2523 1045 2588 pro
1058 2509 1145 2590 Capr-

178 2576 245 2637 tulis
258 2579 416 2659 exemptis,
433 2585 464 2641 et
477 2581 668 2646 solummodo
681 2604 737 2667 pro
755 2605 827 2650 casu
848 2590 879 2652 in
900 2611 961 2673 quo
981 2596 1147 2678 Episcopus

178 2664 310 2742 procedit
324 2675 408 2730 extra
421 2667 632 2734 visitationem.
650 2676 685 2734 V.
705 2675 813 2754 Bouix,
830 2677 884 2756 le,
901 2700 931 2762 p.
946 2686 984 2744 26
998 2691 1030 2746 et
1041 2689 1090 2746 97.

216 2756 283 2814 907.
306 2759 340 2814 40
361 2756 502 2820 Ecclesiae
516 2760 673 2823 saeculares
693 2770 840 2846 exemptae
859 2768 970 2832 visitari
985 2772 1146 2837 debentoh
1259 2760 1260 2853 0

176 2839 325 2921 Episcopo
337 2847 482 2925 tanquam
497 2847 582 2911 Sedis
597 2851 775 2932 Apostolicoe
789 2854 937 2937 delegato,
950 2879 1012 2922 non
1025 2862 1143 2925 obstan·

177 2925 255 2990 tibus
269 2929 510 3014 quibuscumque
525 2937 687 3019 privilegiis
699 2945 1015 3011 etconsuetudinibus.
1028 2951 1148 3015 Constat

177 3033 213 3076 cx
226 3033 293 3098 cap.
309 3021 346 3093 8,
357 3036 430 3081 sess.
447 3025 486 3098 7,
502 3024 616 3088 Concil.
633 3025 763 3091 Trident.
780 3031 811 3092 Si
825 3033 886 3096 sint
898 3035 1025 3116 nullius,
1042 3042 1149 3105 avici-

178 3103 263 3166 niorc
276 3105 425 3189 Episcopo
443 3109 589 3174 visitanda
610 3123 690 3178 sunt.
713 3121 757 3180 Ex
778 3120 845 3182 cod.
862 3140 934 3186 sess.
956 3129 1012 3205 24,
1032 3147 1099 3212 cap.
1114 3135 1143 3197 9.

179 3191 370 3343 νίέἰξεωθη
383 3213 432 3278 ap.
454 3197 565 3277 Bouix,
583 3203 626 3264 De
640 3205 806 3288 Episcopo,
822 3215 845 3271 t.
860 3214 900 3290 2,
917 3232 947 3294 p.
964 3219 1015 3294 99,
1030 3225 1060 3280 et
1072 3225 1094 3280 t.
1111 3224 1146 3300 t,

178 3299 199 3360 l>
217 3380 251 3438 ln
265 3377 375 3442 celebri
394 3387 502 3445 statuto
515 3385 591 3446 Cleri
606 3387 749 3452 Gallicani
764 3393 836 3454 anni
853 3399 950 3476 loto,
966 3400 1121 3470 dicebatur
1138 3429 1146 3471 :

183 3487 198 3524 a
218 3467 424 3530 mellaris
446 3475 490 3531 est
503 3471 720 3554 Episcoporurn
743 3481 859 3544 visitare
879 3486 1021 3551 ecclesias
1042 3491 1073 3553 in
1091 3501 1148 3560 sut

182 3573 195 3612 v
218 3553 355 3626 diaecesi,
368 3557 457 3618 etiarn
471 3575 520 3619 eas
534 3579 609 3640 ques
622 3572 776 3646 exemptas
789 3579 904 3646 vocant,
920 3584 948 3634 et
961 3578 1042 3656 qtvod
1057 3577 1087 3642 in
1102 3586 1148 3648 eis

180 3655 196 3689 a
220 3643 320 3703 minus
333 3651 569 3709 consentancum
582 3649 740 3728 videbitur,
754 3659 925 3722 emendare.
940 3683 956 3721 a
