2586 3988
475 241 699 291 ructuantium.
1053 227 1092 290 at

149 345 203 405 st.
225 347 258 405 2·
272 342 442 424 Solvojnre
455 342 592 406 altem'us.
609 345 685 406 Nam
694 344 776 425 Papa
790 357 850 410 non
860 336 989 404 intendit
1002 340 1093 405 utttus
1155 343 1159 354 '

104 431 167 510 juri
183 431 343 514 derogare,
357 434 415 494 nisi
428 433 591 516 exprimat:
606 440 688 496 textu
696 451 849 515 expresso,
864 451 931 513 cap.
948 431 1093 512 Ecpnrte

104 525 139 595 2,
149 519 187 581 dc
198 521 372 603 Reacm'ptt's,
382 540 451 604 cap.
461 521 637 592 I'mturnlis,
648 521 684 583 de
693 519 870 602 Prim'lcqt’is
880 519 991 596 (ttcttt,
1004 519 1089 598 totu,

108 618 143 670 n·
169 614 246 686 tlt,
271 613 338 691 etei.
365 611 455 675 Unde
478 629 514 673 ex
538 610 642 692 regulo
669 614 704 672 t8
724 609 915 672 Cancellariae
939 627 1090 686 romanae,

107 697 139 758 S.
165 698 324 760 Pontificis
347 707 478 761 nonest
499 700 625 761 intentio
647 697 730 780 quod
755 719 770 757 a
793 715 847 779 per
867 715 1092 778 quamcumque

107 807 123 846 ι
148 789 340 868 signaturam
354 807 409 852 seu
427 790 675 862 concessionem,
696 794 749 850 aut
766 788 894 869 gratiam
915 786 960 848 vel
982 785 1093 848 litteras

107 897 123 934 s
148 876 332 958 apostolicas
354 895 411 959 pro
430 876 719 953 commissionibus,
743 884 828 939 eto...
853 876 944 938 etiam
971 876 1092 957 proprio

108 987 124 1023 ι
148 971 238 1026 motu
255 973 285 1026 ct
299 983 334 1028 ex
349 969 431 1028 certt
445 965 585 1042 scientia,
601 983 637 1028 ac
651 965 742 1028 ctiam
756 971 826 1028 ante
846 972 961 1026 motam
978 964 1060 1026 litem
1074 982 1094 1029 a

108 1073 125 1114 s
148 1054 317 1117 Sanctitate
331 1056 392 1117 Sul
406 1055 624 1129 emanaverint,
632 1053 679 1116 vel
691 1054 729 1116 dc
743 1056 809 1134 ejus
823 1053 965 1116 mandato
979 1053 1092 1116 lacien-

110 1165 126 1202 ι
150 1141 226 1220 das,
250 1143 325 1205 nulli
346 1143 398 1222 ius
416 1144 473 1206 sibi
496 1145 657 1226 quaesitum
684 1143 911 1226 quomodolibet
931 1143 1087 1206 tollatur.»

108 1230 291 1314 Excipiendi
314 1239 385 1295 sunt
401 1239 504 1294 tamen
519 1231 643 1316 quidam
657 1251 765 1308 casus,
777 1251 806 1294 v.
820 1252 850 1314 g.
869 1233 894 1293 si
908 1249 944 1293 ex
959 1251 991 1295 se
1004 1233 1092 1296 tertio

108 1328 206 1400 gratia
225 1320 436 1402 praejudicaret
458 1328 487 1384 et
501 1328 617 1384 constet
634 1320 813 1383 descientia
830 1321 1040 1397 concedentis,
1058 1327 1093 1384 ut

108 1415 202 1490 puta,
219 1410 244 1470 si
270 1411 351 1492 Papa
370 1409 503 1490 aliquem
521 1411 697 1472 eximeretlt
708 1409 916 1490 jurisdictione
930 1409 1090 1490 Episcopi,

108 1497 154 1558 ccl
166 1497 352 1559 beneficium
363 1496 612 1576 dismembraret,
623 1505 681 1561 etc.
693 1498 762 1560 Vid.
772 1499 847 1562 alios
857 1513 1002 1578 casusap.
1017 1501 1093 1558 Pror-

110 1585 179 1646 lect.
196 1585 304 1647 Sancti
319 1585 503 1668 scalpuntur
518 1590 579 1666 53).

149 1675 228 1736 Suut
246 1674 349 1736 muttae
369 1673 436 1736 atiae
449 1675 591 1738 clausulae
604 1676 733 1758 singulis
748 1676 901 1758 rescriptis
918 1675 1038 1738 insertas
1051 1675 1091 1738 ds

109 1763 224 1844 quibus
238 1763 391 1843 sigillatim
406 1763 488 1845 loqui
504 1765 552 1827 bic
572 1784 634 1827 non
652 1771 747 1828 vacat.
763 1765 839 1827 Vide
852 1783 901 1847 ap.
920 1765 953 1827 S.
969 1765 1087 1845 liquor.

109 1851 155 1929 lde
185 1851 332 1933 Priuilcp.
348 1860 381 1914 n·
395 1853 445 1930 tv)
466 1853 621 1934 quomodo
640 1853 702 1915 sint
717 1852 928 1934 'intelligendae
949 1853 1091 1916 clausule

109 1939 161 2003 Ad
170 1941 288 2015 instor,·
299 1941 444 2018 Quatenus
456 1943 549 2004 sacris
561 1941 784 2004 canonibusque
802 1941 990 2013 adverseturr
1008 1941 1089 2025 Sup-

107 2029 222 2110 pientes
234 2029 363 2112 sinqutos
376 2029 515 2111 desectio.

151 2121 201 2181 58.
218 2119 341 2190 Quaerit.
357 2123 389 2180 't⁰
404 2120 451 2180 An
468 2120 637 2184 necessario
650 2118 690 2184 sit
703 2137 825 2203 semper
838 2119 1090 2186 serrandalorma

109 2207 143 2270 in
157 2208 312 2290 rescriptis
325 2207 520 2291 praescripta?

148 2298 243 2379 Resp.
256 2295 457 2373 Affirmatiue,
468 2299 508 2360 ita
521 2305 556 2362 ut
569 2299 593 2362 sl
609 2299 642 2361 in
654 2298 897 2362 substantialibus
910 2317 971 2360 non
985 2299 1089 2362 obser·
1171 2379 1175 2388 ,

109 2392 207 2457 rcttrr,
218 2393 302 2448 actus
317 2385 387 2448 inde
396 2404 528 2468 sequens
541 2388 607 2470 ipso
614 2389 684 2468 jure
696 2389 735 2450 sit
748 2387 860 2450 irritus.
876 2388 961 2448 Patet
968 2405 1005 2449 ex
1019 2405 1087 2470 cap.

111 2471 186 2538 Ctm
200 2473 318 2546 dilecto,
336 2478 391 2550 m,
402 2473 437 2538 de
451 2475 625 2559 descriptis.

140 2563 261 2626 Dictum
270 2569 328 2634 est,
337 2562 666 2629 inmlstontiolibus:si
675 2564 1090 2648 lormapraescribaturadditt

110 2650 301 2742 illtelausult
310 2669 319 2714 ε
328 2651 516 2717 Nonob'tcr..
526 2653 813 2716 Sicnecoliomodo..
822 2654 1089 2737 Sisenufiots'rrt'·

112 2747 173 2802 tunt
186 2739 228 2802 sit
240 2749 269 2802 et
283 2740 384 2820 inane,
400 2749 471 2818 etc,
486 2742 601 2805 clarum
615 2751 660 2806 est
673 2741 755 2824 quod
766 2743 833 2804 talis
842 2741 937 2806 torma
951 2745 990 2808 sit
1001 2747 1088 2808 subs-

111 2829 252 2892 tantialis.
268 2831 343 2892 item
357 2831 382 2894 si
396 2832 477 2912 Papa
496 2832 676 2894 determinet
695 2839 811 2894 certum
829 2831 967 2895 ordinem
982 2853 1088 2916 proce-

111 2917 222 2988 dendi,
246 2919 314 2981 talis
335 2919 410 2982 ordo
431 2938 550 3003 semper
568 2921 760 3002 praesumitur
775 2938 841 2984 esse
858 2922 896 2984 de
910 2924 1086 3002 substantia,

111 3007 172 3070 risi
178 3009 360 3069 contrarium
373 3019 534 3091 apparent,·
547 3028 585 3074 ex
594 3011 684 3072 citato
692 3011 782 3092 capit.
796 3011 870 3074 cum
884 3009 1001 3084 dilecta,
1011 3030 1087 3094 prae-

112 3095 216 3158 sertim
230 3096 255 3157 si
272 3095 321 3158 ille
334 3097 410 3160 ordo
424 3099 462 3160 sit
475 3099 552 3160 alius
564 3099 610 3159 vel
625 3098 765 3162 inultum
781 3100 871 3162 linem
887 3118 922 3162 so
935 3101 985 3180 jus
1002 3119 1087 3164 com·

111 3203 205 3246 mune
220 3185 356 3266 requirit.
374 3189 448 3249 Nam
463 3191 486 3249 si
504 3188 708 3270 praescriberet
722 3188 863 3250 eumdem
876 3190 1015 3252 ordinem
1034 3193 1087 3272 qui

112 3276 128 3336 'a
139 3275 210 3354 jure
223 3275 380 3338 comntuni
396 3275 631 3356 determinatur,
653 3279 683 3340 in
707 3297 777 3340 casu
800 3297 862 3360 quo
884 3279 932 3340 illc
952 3280 1027 3342 ordo
1049 3280 1087 3344 de

110 3363 177 3444 jure
200 3365 358 3428 communi
383 3365 420 3428 ad
441 3367 637 3430 substantiam
663 3370 746 3430 actus
768 3386 828 3430 non
852 3369 1084 3450 pertinet,tt.g.

99 3454 136 3517 si
157 3461 291 3536 potestas
310 3453 505 3536 dispensandi
523 3457 705 3520 concedatur
724 3458 754 3519 in
771 3457 982 3535 matrimonio,
1001 3457 1088 3520 trinis

113 3541 397 3694 deppptqaponibm
410 3545 591 3626 premissis,
612 3553 686 3609 tuno
704 3545 755 3608 illa
771 3545 870 3608 torma
882 3563 946 3610 uon
958 3543 1087 3608 assetus

114 3649 146 3696 tu
215 3649 258 3693 nt
281 3675 291 3692 .
