<?xml version="1.0" encoding="UTF-8"?>
<!DOCTYPE html PUBLIC "-//W3C//DTD XHTML 1.0 Transitional//EN"
    "http://www.w3.org/TR/xhtml1/DTD/xhtml1-transitional.dtd">
<html xmlns="http://www.w3.org/1999/xhtml" xml:lang="en" lang="en">
 <head>
  <title>
</title>
<meta http-equiv="Content-Type" content="text/html;charset=utf-8" />
  <meta name='ocr-system' content='tesseract 3.04.00' />
  <meta name='ocr-capabilities' content='ocr_page ocr_carea ocr_par ocr_line ocrx_word'/>
</head>
<body>
  <div class='ocr_page' id='page_1' title='image "./manualetotiusju03craigoog_0482.png"; bbox 0 0 2570 4006; ppageno 0'>
   <div class='ocr_carea' id='block_1_1' title="bbox 531 177 1133 240">
    <p class='ocr_par' dir='ltr' id='par_1_1' title="bbox 531 177 1133 240">
     <span class='ocr_line' id='line_1_1' title="bbox 531 177 1133 240; baseline 0.002 -3"><span class='ocrx_word' id='word_1_1' title='bbox 531 189 617 237; x_wconf 62' lang='lat' dir='ltr'>„tarn</span> <span class='ocrx_word' id='word_1_2' title='bbox 637 191 756 240; x_wconf 79' lang='lat' dir='ltr'>rarum.</span> <span class='ocrx_word' id='word_1_3' title='bbox 1074 177 1133 238; x_wconf 78' lang='lat' dir='ltr'>tas</span> 
     </span>
    </p>
   </div>
   <div class='ocr_carea' id='block_1_2' title="bbox 159 286 1133 639">
    <p class='ocr_par' dir='ltr' id='par_1_2' title="bbox 159 286 1130 460">
     <span class='ocr_line' id='line_1_2' title="bbox 161 286 1130 372; baseline 0.003 -22"><span class='ocrx_word' id='word_1_4' title='bbox 161 286 318 372; x_wconf 69' lang='lat' dir='ltr'>Priootep„</span> <span class='ocrx_word' id='word_1_5' title='bbox 335 292 433 372; x_wconf 85' lang='lat' dir='ltr'>potest</span> <span class='ocrx_word' id='word_1_6' title='bbox 449 289 601 352; x_wconf 87' lang='lat' dir='ltr'>celebrare</span> <span class='ocrx_word' id='word_1_7' title='bbox 615 287 825 372; x_wconf 79' lang='lat' dir='ltr'>pontificaliter</span> <span class='ocrx_word' id='word_1_8' title='bbox 843 290 874 352; x_wconf 89' lang='lat' dir='ltr'>ln</span> <span class='ocrx_word' id='word_1_9' title='bbox 891 289 950 353; x_wconf 76' lang='lat' dir='ltr'>toto</span> <span class='ocrx_word' id='word_1_10' title='bbox 966 292 1130 356; x_wconf 71' lang='lat' dir='ltr'>Producit.</span> 
     </span>
     <span class='ocr_line' id='line_1_3' title="bbox 159 375 796 460; baseline 0.003 -24"><span class='ocrx_word' id='word_1_11' title='bbox 159 375 233 439; x_wconf 83' lang='lat' dir='ltr'>Vide</span> <span class='ocrx_word' id='word_1_12' title='bbox 250 377 355 454; x_wconf 84' lang='lat' dir='ltr'>Bouix,</span> <span class='ocrx_word' id='word_1_13' title='bbox 373 379 415 440; x_wconf 83' lang='lat' dir='ltr'>lle</span> <span class='ocrx_word' id='word_1_14' title='bbox 429 378 583 460; x_wconf 80' lang='lat' dir='ltr'><em>Episcopo,</em></span> <span class='ocrx_word' id='word_1_15' title='bbox 596 383 617 439; x_wconf 91' lang='lat' dir='ltr'>t.</span> <span class='ocrx_word' id='word_1_16' title='bbox 635 381 663 450; x_wconf 86' lang='lat' dir='ltr'>l,</span> <span class='ocrx_word' id='word_1_17' title='bbox 680 396 710 458; x_wconf 89' lang='lat' dir='ltr'>p.</span> <span class='ocrx_word' id='word_1_18' title='bbox 726 381 796 440; x_wconf 73' lang='lat'>480.</span> 
     </span>
    </p>

    <p class='ocr_par' dir='ltr' id='par_1_3' title="bbox 159 465 1133 639">
     <span class='ocr_line' id='line_1_4' title="bbox 204 465 1133 551; baseline 0.006 -25"><span class='ocrx_word' id='word_1_19' title='bbox 204 489 219 526; x_wconf 79' lang='lat' dir='ltr'>a</span> <span class='ocrx_word' id='word_1_20' title='bbox 239 468 335 545; x_wconf 85' lang='lat' dir='ltr'><strong>Olim,</strong></span> <span class='ocrx_word' id='word_1_21' title='bbox 352 465 434 529; x_wconf 85' lang='lat' dir='ltr'>addit</span> <span class='ocrx_word' id='word_1_22' title='bbox 447 469 549 530; x_wconf 81' lang='lat' dir='ltr'>Dcroti</span> <span class='ocrx_word' id='word_1_23' title='bbox 565 466 678 544; x_wconf 59' lang='lat' dir='ltr'>(loidi,</span> <span class='ocrx_word' id='word_1_24' title='bbox 698 467 911 548; x_wconf 83' lang='lat' dir='ltr'>Metropolitae,</span> <span class='ocrx_word' id='word_1_25' title='bbox 928 469 1049 532; x_wconf 79' lang='lat' dir='ltr'>lustrata</span> <span class='ocrx_word' id='word_1_26' title='bbox 1063 490 1133 551; x_wconf 89' lang='lat' dir='ltr'>pro-</span> 
     </span>
     <span class='ocr_line' id='line_1_5' title="bbox 159 555 1133 639; baseline 0.005 -23"><span class='ocrx_word' id='word_1_27' title='bbox 159 575 173 616; x_wconf 75' lang='lat' dir='ltr'>s</span> <span class='ocrx_word' id='word_1_28' title='bbox 199 557 264 638; x_wconf 77' lang='lat' dir='ltr'>pria</span> <span class='ocrx_word' id='word_1_29' title='bbox 277 557 410 634; x_wconf 88' lang='lat' dir='ltr'>dioecesi,</span> <span class='ocrx_word' id='word_1_30' title='bbox 426 556 551 620; x_wconf 90' lang='lat' dir='ltr'>lustrare</span> <span class='ocrx_word' id='word_1_31' title='bbox 565 561 702 637; x_wconf 86' lang='lat' dir='ltr'>poterant</span> <span class='ocrx_word' id='word_1_32' title='bbox 717 555 1133 639; x_wconf 83' lang='lat' dir='ltr'>dioecesesSulIraganeorum</span> 
     </span>
    </p>
   </div>
   <div class='ocr_carea' id='block_1_3' title="bbox 52 643 1134 729">
    <p class='ocr_par' dir='ltr' id='par_1_4' title="bbox 52 643 1134 729">
     <span class='ocr_line' id='line_1_6' title="bbox 52 643 1134 729; baseline 0.004 -23"><span class='ocrx_word' id='word_1_33' title='bbox 52 702 54 706; x_wconf 85' lang='lat'>.</span> <span class='ocrx_word' id='word_1_34' title='bbox 159 665 174 706; x_wconf 77' lang='lat' dir='ltr'>a</span> <span class='ocrx_word' id='word_1_35' title='bbox 199 663 322 708; x_wconf 91' lang='lat' dir='ltr'>suorum</span> <span class='ocrx_word' id='word_1_36' title='bbox 344 649 422 728; x_wconf 86' lang='lat' dir='ltr'>(cap.</span> <span class='ocrx_word' id='word_1_37' title='bbox 450 649 485 724; x_wconf 89' lang='lat' dir='ltr'>l,</span> <span class='ocrx_word' id='word_1_38' title='bbox 507 645 542 707; x_wconf 87' lang='lat' dir='ltr'>de</span> <span class='ocrx_word' id='word_1_39' title='bbox 563 643 719 716; x_wconf 73' lang='lat' dir='ltr'>Cautibus,</span> <span class='ocrx_word' id='word_1_40' title='bbox 741 645 773 706; x_wconf 92' lang='lat' dir='ltr'>in</span> <span class='ocrx_word' id='word_1_41' title='bbox 794 647 849 724; x_wconf 80' lang='lat'>6⁰).</span> <span class='ocrx_word' id='word_1_42' title='bbox 875 648 962 708; x_wconf 90' lang='lat' dir='ltr'>Nunc</span> <span class='ocrx_word' id='word_1_43' title='bbox 985 666 1046 709; x_wconf 93' lang='lat' dir='ltr'>non</span> <span class='ocrx_word' id='word_1_44' title='bbox 1068 667 1134 729; x_wconf 91' lang='lat' dir='ltr'>pos·</span> 
     </span>
    </p>
   </div>
   <div class='ocr_carea' id='block_1_4' title="bbox 158 733 1134 1796">
    <p class='ocr_par' dir='ltr' id='par_1_5' title="bbox 159 733 1134 994">
     <span class='ocr_line' id='line_1_7' title="bbox 159 733 1134 818; baseline 0.003 -22"><span class='ocrx_word' id='word_1_45' title='bbox 159 757 173 796; x_wconf 88' lang='lat' dir='ltr'>o</span> <span class='ocrx_word' id='word_1_46' title='bbox 198 742 287 810; x_wconf 88' lang='lat' dir='ltr'>sunt,</span> <span class='ocrx_word' id='word_1_47' title='bbox 304 736 361 797; x_wconf 90' lang='lat' dir='ltr'>nisi</span> <span class='ocrx_word' id='word_1_48' title='bbox 375 753 466 798; x_wconf 90' lang='lat' dir='ltr'>causa</span> <span class='ocrx_word' id='word_1_49' title='bbox 490 735 521 796; x_wconf 94' lang='lat' dir='ltr'>in</span> <span class='ocrx_word' id='word_1_50' title='bbox 543 733 721 796; x_wconf 87' lang='lat' dir='ltr'>Provinciali</span> <span class='ocrx_word' id='word_1_51' title='bbox 741 735 864 816; x_wconf 85' lang='lat' dir='ltr'>Synodc</span> <span class='ocrx_word' id='word_1_52' title='bbox 884 737 1005 818; x_wconf 80' lang='lat' dir='ltr'>cognita</span> <span class='ocrx_word' id='word_1_53' title='bbox 1024 743 1053 798; x_wconf 86' lang='lat' dir='ltr'>et</span> <span class='ocrx_word' id='word_1_54' title='bbox 1067 755 1134 818; x_wconf 91' lang='lat' dir='ltr'>pro-</span> 
     </span>
     <span class='ocr_line' id='line_1_8' title="bbox 159 823 1132 908; baseline 0.004 -24"><span class='ocrx_word' id='word_1_55' title='bbox 159 847 174 884; x_wconf 82' lang='lat' dir='ltr'>o</span> <span class='ocrx_word' id='word_1_56' title='bbox 198 823 266 886; x_wconf 90' lang='lat' dir='ltr'>bata</span> <span class='ocrx_word' id='word_1_57' title='bbox 280 824 327 886; x_wconf 90' lang='lat' dir='ltr'>sit.</span> <span class='ocrx_word' id='word_1_58' title='bbox 344 847 359 883; x_wconf 84' lang='lat' dir='ltr'>o</span> <span class='ocrx_word' id='word_1_59' title='bbox 379 823 507 906; x_wconf 85' lang='lat' dir='ltr'>(Concil.</span> <span class='ocrx_word' id='word_1_60' title='bbox 523 823 619 902; x_wconf 83' lang='lat' dir='ltr'>Trid,</span> <span class='ocrx_word' id='word_1_61' title='bbox 636 841 709 885; x_wconf 89' lang='lat' dir='ltr'>sess.</span> <span class='ocrx_word' id='word_1_62' title='bbox 725 827 785 903; x_wconf 76' lang='lat'>24,</span> <span class='ocrx_word' id='word_1_63' title='bbox 800 843 828 888; x_wconf 92' lang='lat' dir='ltr'>o.</span> <span class='ocrx_word' id='word_1_64' title='bbox 845 828 885 904; x_wconf 84' lang='grc'>3,</span> <span class='ocrx_word' id='word_1_65' title='bbox 901 824 935 886; x_wconf 86' lang='lat' dir='ltr'>de</span> <span class='ocrx_word' id='word_1_66' title='bbox 949 827 1025 908; x_wconf 79' lang='lat' dir='ltr'>res.;</span> <span class='ocrx_word' id='word_1_67' title='bbox 1039 826 1132 890; x_wconf 87' lang='lat' dir='ltr'>Urba·</span> 
     </span>
     <span class='ocr_line' id='line_1_9' title="bbox 161 913 590 994; baseline -0.002 -20"><span class='ocrx_word' id='word_1_68' title='bbox 161 931 217 976; x_wconf 92' lang='lat' dir='ltr'>nus</span> <span class='ocrx_word' id='word_1_69' title='bbox 234 915 312 991; x_wconf 88' lang='lat' dir='ltr'>VIII,</span> <span class='ocrx_word' id='word_1_70' title='bbox 327 915 429 976; x_wconf 83' lang='lat' dir='ltr'>Consi.</span> <span class='ocrx_word' id='word_1_71' title='bbox 445 913 590 994; x_wconf 72' lang='lat' dir='ltr'>Euporo).</span> 
     </span>
    </p>

    <p class='ocr_par' dir='ltr' id='par_1_6' title="bbox 158 1003 1134 1622">
     <span class='ocr_line' id='line_1_10' title="bbox 192 1003 1134 1088; baseline 0.003 -24"><span class='ocrx_word' id='word_1_72' title='bbox 192 1003 292 1065; x_wconf 83' lang='lat' dir='ltr'>Tertio</span> <span class='ocrx_word' id='word_1_73' title='bbox 301 1022 424 1084; x_wconf 89' lang='lat' dir='ltr'>quoquo</span> <span class='ocrx_word' id='word_1_74' title='bbox 435 1020 526 1076; x_wconf 89' lang='lat' dir='ltr'>anno,</span> <span class='ocrx_word' id='word_1_75' title='bbox 536 1019 645 1082; x_wconf 79' lang='lat' dir='ltr'>cogere</span> <span class='ocrx_word' id='word_1_76' title='bbox 653 1009 779 1084; x_wconf 85' lang='lat' dir='ltr'>possunt</span> <span class='ocrx_word' id='word_1_77' title='bbox 787 1003 982 1084; x_wconf 71' lang='lat' dir='ltr'>Metropolitas</span> <span class='ocrx_word' id='word_1_78' title='bbox 992 1006 1134 1088; x_wconf 89' lang='lat' dir='ltr'>Compro-</span> 
     </span>
     <span class='ocr_line' id='line_1_11' title="bbox 158 1089 1134 1171; baseline 0.004 -18"><span class='ocrx_word' id='word_1_79' title='bbox 158 1093 299 1154; x_wconf 86' lang='lat' dir='ltr'>vinoiales</span> <span class='ocrx_word' id='word_1_80' title='bbox 313 1090 349 1154; x_wconf 88' lang='lat' dir='ltr'>ad</span> <span class='ocrx_word' id='word_1_81' title='bbox 363 1089 530 1171; x_wconf 77' lang='lat' dir='ltr'>synodum,</span> <span class='ocrx_word' id='word_1_82' title='bbox 540 1091 615 1152; x_wconf 86' lang='lat' dir='ltr'>elin</span> <span class='ocrx_word' id='word_1_83' title='bbox 630 1090 769 1154; x_wconf 81' lang='lat' dir='ltr'><strong>absentes</strong></span> <span class='ocrx_word' id='word_1_84' title='bbox 784 1091 849 1153; x_wconf 77' lang='lat' dir='ltr'>siut</span> <span class='ocrx_word' id='word_1_85' title='bbox 860 1093 941 1170; x_wconf 75' lang='lat' dir='ltr'>justo</span> <span class='ocrx_word' id='word_1_86' title='bbox 954 1097 1053 1164; x_wconf 76' lang='lat' dir='ltr'>causa,</span> <span class='ocrx_word' id='word_1_87' title='bbox 1072 1096 1134 1157; x_wconf 89' lang='lat' dir='ltr'>ani·</span> 
     </span>
     <span class='ocr_line' id='line_1_12' title="bbox 159 1179 1134 1264; baseline 0.002 -20"><span class='ocrx_word' id='word_1_88' title='bbox 159 1179 459 1259; x_wconf 74' lang='lat' dir='ltr'>madverterel&#39;l&#39;rid.,</span> <span class='ocrx_word' id='word_1_89' title='bbox 475 1197 547 1240; x_wconf 90' lang='lat' dir='ltr'>sess.</span> <span class='ocrx_word' id='word_1_90' title='bbox 564 1183 613 1254; x_wconf 74' lang='lat' dir='ltr'>st,</span> <span class='ocrx_word' id='word_1_91' title='bbox 623 1198 650 1241; x_wconf 89' lang='lat' dir='ltr'>o.</span> <span class='ocrx_word' id='word_1_92' title='bbox 665 1183 696 1256; x_wconf 67' lang='lat'>2,</span> <span class='ocrx_word' id='word_1_93' title='bbox 711 1179 746 1241; x_wconf 87' lang='lat' dir='ltr'>dc</span> <span class='ocrx_word' id='word_1_94' title='bbox 760 1180 842 1260; x_wconf 69' lang='lat' dir='ltr'>rofi).</span> <span class='ocrx_word' id='word_1_95' title='bbox 856 1179 933 1242; x_wconf 88' lang='lat' dir='ltr'>Sede</span> <span class='ocrx_word' id='word_1_96' title='bbox 947 1182 1134 1264; x_wconf 75' lang='lat' dir='ltr'>suffraganea</span> 
     </span>
     <span class='ocr_line' id='line_1_13' title="bbox 159 1267 1133 1349; baseline 0.003 -16"><span class='ocrx_word' id='word_1_97' title='bbox 159 1277 292 1340; x_wconf 79' lang='lat' dir='ltr'>vacante,</span> <span class='ocrx_word' id='word_1_98' title='bbox 305 1271 329 1332; x_wconf 92' lang='lat' dir='ltr'>si</span> <span class='ocrx_word' id='word_1_99' title='bbox 339 1269 482 1332; x_wconf 86' lang='lat' dir='ltr'>Canonioi</span> <span class='ocrx_word' id='word_1_100' title='bbox 492 1274 620 1349; x_wconf 83' lang='lat' dir='ltr'>peracto</span> <span class='ocrx_word' id='word_1_101' title='bbox 634 1267 699 1331; x_wconf 91' lang='lat' dir='ltr'>dies</span> <span class='ocrx_word' id='word_1_102' title='bbox 711 1288 773 1332; x_wconf 93' lang='lat' dir='ltr'>non</span> <span class='ocrx_word' id='word_1_103' title='bbox 788 1270 972 1333; x_wconf 82' lang='lat' dir='ltr'>constituant</span> <span class='ocrx_word' id='word_1_104' title='bbox 981 1273 1003 1330; x_wconf 64' lang='lat' dir='ltr'>tt</span> <span class='ocrx_word' id='word_1_105' title='bbox 1009 1273 1133 1336; x_wconf 86' lang='lat' dir='ltr'>icarium</span> 
     </span>
     <span class='ocr_line' id='line_1_14' title="bbox 159 1357 1134 1444; baseline 0 -20"><span class='ocrx_word' id='word_1_106' title='bbox 159 1361 369 1444; x_wconf 84' lang='lat' dir='ltr'>Capitularem,</span> <span class='ocrx_word' id='word_1_107' title='bbox 380 1357 426 1421; x_wconf 85' lang='lat' dir='ltr'>vel</span> <span class='ocrx_word' id='word_1_108' title='bbox 441 1357 585 1420; x_wconf 88' lang='lat' dir='ltr'>idoneum</span> <span class='ocrx_word' id='word_1_109' title='bbox 599 1377 660 1421; x_wconf 94' lang='lat' dir='ltr'>non</span> <span class='ocrx_word' id='word_1_110' title='bbox 676 1359 832 1440; x_wconf 83' lang='lat' dir='ltr'>elegerint,</span> <span class='ocrx_word' id='word_1_111' title='bbox 844 1359 966 1421; x_wconf 92' lang='lat' dir='ltr'>illorum</span> <span class='ocrx_word' id='word_1_112' title='bbox 981 1363 1134 1444; x_wconf 80' lang='lat' dir='ltr'>negligen-</span> 
     </span>
     <span class='ocr_line' id='line_1_15' title="bbox 161 1447 1131 1531; baseline 0.002 -18"><span class='ocrx_word' id='word_1_113' title='bbox 161 1453 231 1513; x_wconf 83' lang='lat' dir='ltr'>tiam</span> <span class='ocrx_word' id='word_1_114' title='bbox 245 1450 333 1514; x_wconf 83' lang='lat' dir='ltr'>debat</span> <span class='ocrx_word' id='word_1_115' title='bbox 346 1447 487 1530; x_wconf 87' lang='lat' dir='ltr'>supplere</span> <span class='ocrx_word' id='word_1_116' title='bbox 500 1448 748 1529; x_wconf 84' lang='lat' dir='ltr'>Metropolitanus</span> <span class='ocrx_word' id='word_1_117' title='bbox 760 1447 851 1526; x_wconf 90' lang='lat' dir='ltr'>(Trid.</span> <span class='ocrx_word' id='word_1_118' title='bbox 862 1495 869 1524; x_wconf 92' lang='lat'>,</span> <span class='ocrx_word' id='word_1_119' title='bbox 881 1466 954 1510; x_wconf 86' lang='lat' dir='ltr'>sess.</span> <span class='ocrx_word' id='word_1_120' title='bbox 970 1453 1009 1511; x_wconf 74' lang='lat' dir='ltr'>at</span> <span class='ocrx_word' id='word_1_121' title='bbox 1021 1498 1028 1524; x_wconf 90' lang='lat'>,</span> <span class='ocrx_word' id='word_1_122' title='bbox 1041 1469 1068 1513; x_wconf 92' lang='lat' dir='ltr'>c.</span> <span class='ocrx_word' id='word_1_123' title='bbox 1083 1457 1131 1531; x_wconf 86' lang='grc'>16,</span> 
     </span>
     <span class='ocr_line' id='line_1_16' title="bbox 159 1542 288 1622; baseline -0.008 -18"><span class='ocrx_word' id='word_1_124' title='bbox 159 1542 193 1604; x_wconf 78' lang='lat' dir='ltr'>tle</span> <span class='ocrx_word' id='word_1_125' title='bbox 208 1543 288 1622; x_wconf 69' lang='lat' dir='ltr'>rof.)-</span> 
     </span>
    </p>

    <p class='ocr_par' dir='ltr' id='par_1_7' title="bbox 159 1627 1132 1796">
     <span class='ocr_line' id='line_1_17' title="bbox 197 1627 1132 1709; baseline 0.003 -18"><span class='ocrx_word' id='word_1_126' title='bbox 197 1633 297 1693; x_wconf 88' lang='lat' dir='ltr'>Potcst</span> <span class='ocrx_word' id='word_1_127' title='bbox 315 1628 481 1693; x_wconf 84' lang='lat' dir='ltr'>concedere</span> <span class='ocrx_word' id='word_1_128' title='bbox 505 1627 707 1708; x_wconf 82' lang='lat' dir='ltr'>indulgentias</span> <span class='ocrx_word' id='word_1_129' title='bbox 724 1647 778 1709; x_wconf 90' lang='lat' dir='ltr'>per</span> <span class='ocrx_word' id='word_1_130' title='bbox 792 1633 885 1690; x_wconf 87' lang='lat' dir='ltr'>totam</span> <span class='ocrx_word' id='word_1_131' title='bbox 904 1647 991 1691; x_wconf 88' lang='lat' dir='ltr'>suam</span> <span class='ocrx_word' id='word_1_132' title='bbox 1008 1631 1132 1694; x_wconf 78' lang='lat' dir='ltr'>Prociu-</span> 
     </span>
     <span class='ocr_line' id='line_1_18' title="bbox 159 1717 1131 1796; baseline 0.002 -14"><span class='ocrx_word' id='word_1_133' title='bbox 159 1721 237 1783; x_wconf 89' lang='lat' dir='ltr'>ciam</span> <span class='ocrx_word' id='word_1_134' title='bbox 251 1769 258 1796; x_wconf 92' lang='lat'>,</span> <span class='ocrx_word' id='word_1_135' title='bbox 271 1719 385 1783; x_wconf 87' lang='lat' dir='ltr'>etiamsi</span> <span class='ocrx_word' id='word_1_136' title='bbox 409 1738 472 1781; x_wconf 93' lang='lat' dir='ltr'>non</span> <span class='ocrx_word' id='word_1_137' title='bbox 488 1718 525 1780; x_wconf 91' lang='lat' dir='ltr'>sit</span> <span class='ocrx_word' id='word_1_138' title='bbox 539 1718 570 1778; x_wconf 83' lang='lat' dir='ltr'>In</span> <span class='ocrx_word' id='word_1_139' title='bbox 586 1723 654 1779; x_wconf 87' lang='lat' dir='ltr'>actu</span> <span class='ocrx_word' id='word_1_140' title='bbox 671 1717 866 1796; x_wconf 88' lang='lat' dir='ltr'>visitationis,</span> <span class='ocrx_word' id='word_1_141' title='bbox 881 1719 1048 1784; x_wconf 92' lang='lat' dir='ltr'>dummodo</span> <span class='ocrx_word' id='word_1_142' title='bbox 1071 1729 1131 1784; x_wconf 89' lang='lat' dir='ltr'>sta·</span> 
     </span>
    </p>
   </div>
   <div class='ocr_carea' id='block_1_5' title="bbox 161 1807 1250 1904">
    <p class='ocr_par' dir='ltr' id='par_1_8' title="bbox 161 1807 1250 1904">
     <span class='ocr_line' id='line_1_19' title="bbox 161 1807 1250 1904; baseline 0.006 -33"><span class='ocrx_word' id='word_1_143' title='bbox 161 1817 257 1872; x_wconf 91' lang='lat' dir='ltr'>tutum</span> <span class='ocrx_word' id='word_1_144' title='bbox 273 1809 425 1872; x_wconf 83' lang='lat' dir='ltr'>Generalis</span> <span class='ocrx_word' id='word_1_145' title='bbox 439 1807 561 1870; x_wconf 87' lang='lat' dir='ltr'>Concilii</span> <span class='ocrx_word' id='word_1_146' title='bbox 581 1824 643 1867; x_wconf 95' lang='lat' dir='ltr'>non</span> <span class='ocrx_word' id='word_1_147' title='bbox 667 1807 882 1904; x_wconf 63' lang='lat' dir='ltr'>excedaticap.</span> <span class='ocrx_word' id='word_1_148' title='bbox 902 1809 1012 1873; x_wconf 82' lang='lat' dir='ltr'>Nostro</span> <span class='ocrx_word' id='word_1_149' title='bbox 1028 1814 1082 1886; x_wconf 75' lang='lat' dir='ltr'>to,</span> <span class='ocrx_word' id='word_1_150' title='bbox 1098 1812 1134 1875; x_wconf 76' lang='lat' dir='ltr'>cle</span> <span class='ocrx_word' id='word_1_151' title='bbox 1249 1875 1250 1878; x_wconf 74' lang='grc'>,</span> 
     </span>
    </p>
   </div>
   <div class='ocr_carea' id='block_1_6' title="bbox 157 1898 1132 3233">
    <p class='ocr_par' dir='ltr' id='par_1_9' title="bbox 161 1898 525 1976">
     <span class='ocr_line' id='line_1_20' title="bbox 161 1898 525 1976; baseline -0.011 -15"><span class='ocrx_word' id='word_1_152' title='bbox 161 1899 319 1966; x_wconf 76' lang='lat' dir='ltr'>Paeniteat.</span> <span class='ocrx_word' id='word_1_153' title='bbox 336 1907 365 1960; x_wconf 87' lang='lat' dir='ltr'>ct</span> <span class='ocrx_word' id='word_1_154' title='bbox 377 1898 525 1976; x_wconf 74' lang='lat' dir='ltr'>Hernica).</span> 
     </span>
    </p>

    <p class='ocr_par' dir='ltr' id='par_1_10' title="bbox 159 1985 1132 2246">
     <span class='ocr_line' id='line_1_21' title="bbox 198 1985 1132 2070; baseline 0.003 -20"><span class='ocrx_word' id='word_1_155' title='bbox 198 1991 299 2050; x_wconf 91' lang='lat' dir='ltr'>Potest</span> <span class='ocrx_word' id='word_1_156' title='bbox 320 1986 500 2048; x_wconf 84' lang='lat' dir='ltr'>interdIccre</span> <span class='ocrx_word' id='word_1_157' title='bbox 523 1985 767 2067; x_wconf 73' lang='lat' dir='ltr'>pradicationem</span> <span class='ocrx_word' id='word_1_158' title='bbox 793 1986 943 2068; x_wconf 88' lang='lat' dir='ltr'>aliquibus</span> <span class='ocrx_word' id='word_1_159' title='bbox 966 2008 1020 2070; x_wconf 88' lang='lat' dir='ltr'>per</span> <span class='ocrx_word' id='word_1_160' title='bbox 1039 1995 1132 2054; x_wconf 90' lang='lat' dir='ltr'>totam</span> 
     </span>
     <span class='ocr_line' id='line_1_22' title="bbox 159 2073 1132 2160; baseline 0 -20"><span class='ocrx_word' id='word_1_161' title='bbox 159 2097 244 2140; x_wconf 90' lang='lat' dir='ltr'>suam</span> <span class='ocrx_word' id='word_1_162' title='bbox 252 2075 442 2138; x_wconf 84' lang='lat' dir='ltr'>ProvInoiam</span> <span class='ocrx_word' id='word_1_163' title='bbox 450 2075 526 2158; x_wconf 87' lang='lat' dir='ltr'>(cap.</span> <span class='ocrx_word' id='word_1_164' title='bbox 534 2073 671 2148; x_wconf 77' lang='lat' dir='ltr'>Tuccam,</span> <span class='ocrx_word' id='word_1_165' title='bbox 680 2075 714 2136; x_wconf 87' lang='lat' dir='ltr'>dc</span> <span class='ocrx_word' id='word_1_166' title='bbox 721 2075 908 2157; x_wconf 70' lang='lat' dir='ltr'>potvit-V.</span> <span class='ocrx_word' id='word_1_167' title='bbox 922 2078 1066 2156; x_wconf 88' lang='lat' dir='ltr'>Ferraris,</span> <span class='ocrx_word' id='word_1_168' title='bbox 1076 2080 1132 2160; x_wconf 73' lang='lat' dir='ltr'>ab,</span> 
     </span>
     <span class='ocr_line' id='line_1_23' title="bbox 159 2170 924 2246; baseline 0 -18"><span class='ocrx_word' id='word_1_169' title='bbox 159 2173 214 2228; x_wconf 84' lang='lat' dir='ltr'>art.</span> <span class='ocrx_word' id='word_1_170' title='bbox 232 2170 272 2243; x_wconf 90' lang='lat' dir='ltr'>l).</span> <span class='ocrx_word' id='word_1_171' title='bbox 919 2239 924 2246; x_wconf 33' lang='grc' dir='ltr'>Ι</span> 
     </span>
    </p>

    <p class='ocr_par' dir='ltr' id='par_1_11' title="bbox 159 2251 1132 2519">
     <span class='ocr_line' id='line_1_24' title="bbox 207 2251 1132 2336; baseline 0.002 -20"><span class='ocrx_word' id='word_1_172' title='bbox 207 2255 374 2318; x_wconf 91' lang='lat' dir='ltr'>Procedere</span> <span class='ocrx_word' id='word_1_173' title='bbox 397 2255 487 2316; x_wconf 82' lang='lat' dir='ltr'>etiam</span> <span class='ocrx_word' id='word_1_174' title='bbox 515 2260 609 2336; x_wconf 89' lang='lat' dir='ltr'>potest</span> <span class='ocrx_word' id='word_1_175' title='bbox 637 2251 669 2314; x_wconf 92' lang='lat' dir='ltr'>in</span> <span class='ocrx_word' id='word_1_176' title='bbox 692 2251 873 2334; x_wconf 88' lang='lat' dir='ltr'>quibusdam</span> <span class='ocrx_word' id='word_1_177' title='bbox 900 2253 1132 2320; x_wconf 85' lang='lat' dir='ltr'>circumstantiis</span> 
     </span>
     <span class='ocr_line' id='line_1_25' title="bbox 159 2341 1129 2425; baseline -0.002 -15"><span class='ocrx_word' id='word_1_178' title='bbox 159 2353 265 2410; x_wconf 91' lang='lat' dir='ltr'>contra</span> <span class='ocrx_word' id='word_1_179' title='bbox 278 2346 419 2410; x_wconf 87' lang='lat' dir='ltr'>Praelatos</span> <span class='ocrx_word' id='word_1_180' title='bbox 438 2343 550 2406; x_wconf 80' lang='lat' dir='ltr'>nullius</span> <span class='ocrx_word' id='word_1_181' title='bbox 568 2341 696 2405; x_wconf 79' lang='lat' dir='ltr'>diocesis</span> <span class='ocrx_word' id='word_1_182' title='bbox 710 2343 757 2420; x_wconf 87' lang='lat' dir='ltr'>(V.</span> <span class='ocrx_word' id='word_1_183' title='bbox 774 2343 867 2404; x_wconf 84' lang='lat' dir='ltr'>Cone.</span> <span class='ocrx_word' id='word_1_184' title='bbox 883 2343 978 2422; x_wconf 76' lang='lat' dir='ltr'>urio,</span> <span class='ocrx_word' id='word_1_185' title='bbox 1002 2362 1074 2407; x_wconf 87' lang='lat' dir='ltr'>sess.</span> <span class='ocrx_word' id='word_1_186' title='bbox 1091 2351 1129 2425; x_wconf 80' lang='lat'>5,</span> 
     </span>
     <span class='ocr_line' id='line_1_26' title="bbox 159 2435 890 2519; baseline 0 -21"><span class='ocrx_word' id='word_1_187' title='bbox 159 2455 226 2519; x_wconf 88' lang='lat' dir='ltr'>cap.</span> <span class='ocrx_word' id='word_1_188' title='bbox 242 2441 275 2510; x_wconf 73' lang='lat'>2,</span> <span class='ocrx_word' id='word_1_189' title='bbox 291 2435 325 2497; x_wconf 86' lang='lat' dir='ltr'>de</span> <span class='ocrx_word' id='word_1_190' title='bbox 338 2435 420 2518; x_wconf 63' lang='lat' dir='ltr'>rofi).</span> <span class='ocrx_word' id='word_1_191' title='bbox 888 2455 890 2460; x_wconf 75' lang='grc'>’</span> 
     </span>
    </p>

    <p class='ocr_par' dir='ltr' id='par_1_12' title="bbox 157 2520 1132 3233">
     <span class='ocr_line' id='line_1_27' title="bbox 199 2520 1131 2604; baseline -0.002 -15"><span class='ocrx_word' id='word_1_192' title='bbox 199 2527 370 2589; x_wconf 86' lang='lat' dir='ltr'>Hodiednm</span> <span class='ocrx_word' id='word_1_193' title='bbox 385 2523 513 2604; x_wconf 80' lang='lat' dir='ltr'>obligari¹</span> <span class='ocrx_word' id='word_1_194' title='bbox 523 2521 640 2586; x_wconf 82' lang='lat' dir='ltr'>videtur</span> <span class='ocrx_word' id='word_1_195' title='bbox 654 2520 885 2604; x_wconf 77' lang='lat' dir='ltr'>suffraganeus,</span> <span class='ocrx_word' id='word_1_196' title='bbox 901 2522 954 2604; x_wconf 88' lang='lat' dir='ltr'>qui</span> <span class='ocrx_word' id='word_1_197' title='bbox 969 2523 1000 2584; x_wconf 94' lang='lat' dir='ltr'>in</span> <span class='ocrx_word' id='word_1_198' title='bbox 1021 2527 1131 2588; x_wconf 89' lang='lat' dir='ltr'>Metro-</span> 
     </span>
     <span class='ocr_line' id='line_1_28' title="bbox 159 2611 1132 2701; baseline -0.001 -22"><span class='ocrx_word' id='word_1_199' title='bbox 159 2618 220 2701; x_wconf 87' lang='lat' dir='ltr'>poli</span> <span class='ocrx_word' id='word_1_200' title='bbox 235 2635 297 2680; x_wconf 92' lang='lat' dir='ltr'>non</span> <span class='ocrx_word' id='word_1_201' title='bbox 311 2615 367 2678; x_wconf 89' lang='lat' dir='ltr'>luit</span> <span class='ocrx_word' id='word_1_202' title='bbox 380 2613 552 2690; x_wconf 90' lang='lat' dir='ltr'>ordinatus,</span> <span class='ocrx_word' id='word_1_203' title='bbox 574 2612 611 2674; x_wconf 89' lang='lat' dir='ltr'>ad</span> <span class='ocrx_word' id='word_1_204' title='bbox 626 2611 833 2674; x_wconf 82' lang='lat' dir='ltr'>accedendum</span> <span class='ocrx_word' id='word_1_205' title='bbox 848 2611 925 2674; x_wconf 82' lang='lat' dir='ltr'>infra</span> <span class='ocrx_word' id='word_1_206' title='bbox 938 2617 1000 2675; x_wconf 90' lang='lat' dir='ltr'>tres</span> <span class='ocrx_word' id='word_1_207' title='bbox 1013 2632 1132 2678; x_wconf 85' lang='lat' dir='ltr'>mensos</span> 
     </span>
     <span class='ocr_line' id='line_1_29' title="bbox 159 2703 1132 2788; baseline -0.002 -18"><span class='ocrx_word' id='word_1_208' title='bbox 159 2708 197 2770; x_wconf 92' lang='lat' dir='ltr'>ad</span> <span class='ocrx_word' id='word_1_209' title='bbox 212 2705 484 2788; x_wconf 82' lang='lat' dir='ltr'>Metropolitanum,</span> <span class='ocrx_word' id='word_1_210' title='bbox 499 2704 565 2782; x_wconf 87' lang='lat' dir='ltr'>ejus</span> <span class='ocrx_word' id='word_1_211' title='bbox 579 2704 695 2764; x_wconf 89' lang='lat' dir='ltr'>monita</span> <span class='ocrx_word' id='word_1_212' title='bbox 708 2707 894 2782; x_wconf 87' lang='lat' dir='ltr'>recepturus.</span> <span class='ocrx_word' id='word_1_213' title='bbox 907 2703 978 2764; x_wconf 81' lang='lat' dir='ltr'>Haeo</span> <span class='ocrx_word' id='word_1_214' title='bbox 992 2704 1132 2787; x_wconf 78' lang='lat' dir='ltr'>obligatio</span> 
     </span>
     <span class='ocr_line' id='line_1_30' title="bbox 160 2791 1130 2874; baseline 0 -16"><span class='ocrx_word' id='word_1_215' title='bbox 160 2797 265 2858; x_wconf 87' lang='lat' dir='ltr'>nititur</span> <span class='ocrx_word' id='word_1_216' title='bbox 279 2811 395 2858; x_wconf 90' lang='lat' dir='ltr'>canone</span> <span class='ocrx_word' id='word_1_217' title='bbox 409 2793 446 2855; x_wconf 85' lang='lat' dir='ltr'>Si</span> <span class='ocrx_word' id='word_1_218' title='bbox 463 2793 530 2874; x_wconf 83' lang='lat' dir='ltr'>quis</span> <span class='ocrx_word' id='word_1_219' title='bbox 543 2795 582 2867; x_wconf 88' lang='lat'>8,</span> <span class='ocrx_word' id='word_1_220' title='bbox 598 2791 666 2854; x_wconf 90' lang='lat' dir='ltr'>dist.</span> <span class='ocrx_word' id='word_1_221' title='bbox 682 2795 720 2853; x_wconf 82' lang='lat'>65</span> <span class='ocrx_word' id='word_1_222' title='bbox 734 2811 742 2866; x_wconf 88' lang='lat'>;</span> <span class='ocrx_word' id='word_1_223' title='bbox 760 2809 816 2852; x_wconf 89' lang='lat' dir='ltr'>nec</span> <span class='ocrx_word' id='word_1_224' title='bbox 830 2791 973 2873; x_wconf 80' lang='lat' dir='ltr'>abrogata</span> <span class='ocrx_word' id='word_1_225' title='bbox 985 2793 1130 2859; x_wconf 85' lang='lat' dir='ltr'>videtura</span> 
     </span>
     <span class='ocr_line' id='line_1_31' title="bbox 159 2878 1128 2962; baseline -0.002 -14"><span class='ocrx_word' id='word_1_226' title='bbox 159 2885 273 2948; x_wconf 87' lang='lat' dir='ltr'>Concil.</span> <span class='ocrx_word' id='word_1_227' title='bbox 296 2883 442 2958; x_wconf 83' lang='lat' dir='ltr'>Trident,</span> <span class='ocrx_word' id='word_1_228' title='bbox 467 2899 540 2944; x_wconf 89' lang='lat' dir='ltr'>sess.</span> <span class='ocrx_word' id='word_1_229' title='bbox 566 2885 622 2956; x_wconf 76' lang='lat'>23,</span> <span class='ocrx_word' id='word_1_230' title='bbox 647 2897 715 2961; x_wconf 88' lang='lat' dir='ltr'>cap.</span> <span class='ocrx_word' id='word_1_231' title='bbox 737 2883 771 2957; x_wconf 72' lang='lat'>2,</span> <span class='ocrx_word' id='word_1_232' title='bbox 787 2878 821 2942; x_wconf 89' lang='lat' dir='ltr'>de</span> <span class='ocrx_word' id='word_1_233' title='bbox 835 2881 907 2962; x_wconf 66' lang='lat' dir='ltr'>res,</span> <span class='ocrx_word' id='word_1_234' title='bbox 930 2881 1128 2948; x_wconf 88' lang='lat' dir='ltr'>ubidicitur:</span> 
     </span>
     <span class='ocr_line' id='line_1_32' title="bbox 164 2969 1131 3056; baseline 0.002 -20"><span class='ocrx_word' id='word_1_235' title='bbox 164 2997 179 3036; x_wconf 82' lang='lat' dir='ltr'>a</span> <span class='ocrx_word' id='word_1_236' title='bbox 199 2977 262 3036; x_wconf 88' lang='lat' dir='ltr'>Neo</span> <span class='ocrx_word' id='word_1_237' title='bbox 275 2972 412 3054; x_wconf 82' lang='lat' dir='ltr'>Episcopi</span> <span class='ocrx_word' id='word_1_238' title='bbox 427 2969 717 3052; x_wconf 84' lang='lat' dir='ltr'>Comprovinoioles,</span> <span class='ocrx_word' id='word_1_239' title='bbox 742 2976 887 3051; x_wconf 72' lang='lat' dir='ltr'>praetextu</span> <span class='ocrx_word' id='word_1_240' title='bbox 910 2972 1131 3056; x_wconf 74' lang='lat' dir='ltr'>cuiuscumque</span> 
     </span>
     <span class='ocr_line' id='line_1_33' title="bbox 157 3058 1131 3142; baseline 0.003 -19"><span class='ocrx_word' id='word_1_241' title='bbox 157 3087 174 3123; x_wconf 75' lang='lat' dir='ltr'>a</span> <span class='ocrx_word' id='word_1_242' title='bbox 200 3058 755 3141; x_wconf 68' lang='lat' dir='ltr'>consuetudins,adMetrcpolitanam</span> <span class='ocrx_word' id='word_1_243' title='bbox 765 3059 1131 3142; x_wconf 80' lang='lat' dir='ltr'>EcclesIaminposterum</span> 
     </span>
     <span class='ocr_line' id='line_1_34' title="bbox 157 3149 1132 3233; baseline -0.002 -17"><span class='ocrx_word' id='word_1_244' title='bbox 157 3176 175 3216; x_wconf 87' lang='lat' dir='ltr'>a</span> <span class='ocrx_word' id='word_1_245' title='bbox 198 3152 342 3216; x_wconf 89' lang='lat' dir='ltr'>accedere</span> <span class='ocrx_word' id='word_1_246' title='bbox 356 3149 436 3211; x_wconf 84' lang='lat' dir='ltr'>inviti</span> <span class='ocrx_word' id='word_1_247' title='bbox 451 3149 708 3231; x_wconf 76' lang='lat' dir='ltr'>compellantur.»</span> <span class='ocrx_word' id='word_1_248' title='bbox 726 3149 802 3220; x_wconf 87' lang='lat' dir='ltr'>Ouia</span> <span class='ocrx_word' id='word_1_249' title='bbox 816 3149 983 3212; x_wconf 84' lang='lat' dir='ltr'>Concilium</span> <span class='ocrx_word' id='word_1_250' title='bbox 999 3151 1132 3233; x_wconf 86' lang='lat' dir='ltr'>loquitur</span> 
     </span>
    </p>
   </div>
   <div class='ocr_carea' id='block_1_7' title="bbox 159 3239 1250 3322">
    <p class='ocr_par' dir='ltr' id='par_1_13' title="bbox 159 3239 1250 3322">
     <span class='ocr_line' id='line_1_35' title="bbox 159 3239 1250 3322; baseline -0.005 -17"><span class='ocrx_word' id='word_1_251' title='bbox 159 3243 197 3305; x_wconf 83' lang='lat' dir='ltr'>rle</span> <span class='ocrx_word' id='word_1_252' title='bbox 211 3259 332 3304; x_wconf 89' lang='lat' dir='ltr'>accessu</span> <span class='ocrx_word' id='word_1_253' title='bbox 346 3239 384 3302; x_wconf 90' lang='lat' dir='ltr'>ad</span> <span class='ocrx_word' id='word_1_254' title='bbox 397 3239 662 3320; x_wconf 84' lang='lat' dir='ltr'>Metropolitanum</span> <span class='ocrx_word' id='word_1_255' title='bbox 680 3245 833 3320; x_wconf 80' lang='lat' dir='ltr'>protecto</span> <span class='ocrx_word' id='word_1_256' title='bbox 846 3239 1049 3322; x_wconf 79' lang='lat' dir='ltr'>cujuscumque</span> <span class='ocrx_word' id='word_1_257' title='bbox 1069 3261 1132 3302; x_wconf 83' lang='lat' dir='ltr'>con·</span> <span class='ocrx_word' id='word_1_258' title='bbox 1249 3313 1250 3316; x_wconf 8' lang='grc' dir='ltr'><strong>Ἴ</strong></span> 
     </span>
    </p>
   </div>
   <div class='ocr_carea' id='block_1_8' title="bbox 158 3328 1131 3680">
    <p class='ocr_par' dir='ltr' id='par_1_14' title="bbox 158 3328 1131 3680">
     <span class='ocr_line' id='line_1_36' title="bbox 158 3328 1130 3410; baseline -0.003 -16"><span class='ocrx_word' id='word_1_259' title='bbox 158 3332 333 3408; x_wconf 75' lang='lat' dir='ltr'>suetudinis,</span> <span class='ocrx_word' id='word_1_260' title='bbox 344 3328 453 3392; x_wconf 86' lang='lat' dir='ltr'>nonde</span> <span class='ocrx_word' id='word_1_261' title='bbox 467 3347 588 3391; x_wconf 89' lang='lat' dir='ltr'>accessu</span> <span class='ocrx_word' id='word_1_262' title='bbox 600 3331 616 3390; x_wconf 75' lang='lat' dir='ltr'>a</span> <span class='ocrx_word' id='word_1_263' title='bbox 628 3329 696 3408; x_wconf 86' lang='lat' dir='ltr'>jure</span> <span class='ocrx_word' id='word_1_264' title='bbox 709 3328 894 3410; x_wconf 84' lang='lat' dir='ltr'>praesoripto,</span> <span class='ocrx_word' id='word_1_265' title='bbox 904 3337 992 3410; x_wconf 89' lang='lat' dir='ltr'>prout</span> <span class='ocrx_word' id='word_1_266' title='bbox 1003 3330 1051 3391; x_wconf 88' lang='lat' dir='ltr'>bic</span> <span class='ocrx_word' id='word_1_267' title='bbox 1066 3333 1130 3410; x_wconf 78' lang='lat' dir='ltr'>agi-</span> 
     </span>
     <span class='ocr_line' id='line_1_37' title="bbox 160 3417 1130 3500; baseline 0.002 -19"><span class='ocrx_word' id='word_1_268' title='bbox 160 3427 220 3483; x_wconf 88' lang='lat' dir='ltr'>tur.</span> <span class='ocrx_word' id='word_1_269' title='bbox 246 3420 320 3482; x_wconf 89' lang='lat' dir='ltr'>Vide</span> <span class='ocrx_word' id='word_1_270' title='bbox 335 3422 371 3480; x_wconf 90' lang='lat' dir='ltr'>D.</span> <span class='ocrx_word' id='word_1_271' title='bbox 398 3418 509 3492; x_wconf 89' lang='lat' dir='ltr'>Bouix,</span> <span class='ocrx_word' id='word_1_272' title='bbox 531 3417 575 3480; x_wconf 86' lang='lat' dir='ltr'>De</span> <span class='ocrx_word' id='word_1_273' title='bbox 590 3417 750 3500; x_wconf 83' lang='lat' dir='ltr'>Episcopo,</span> <span class='ocrx_word' id='word_1_274' title='bbox 767 3423 789 3478; x_wconf 93' lang='lat' dir='ltr'>t.</span> <span class='ocrx_word' id='word_1_275' title='bbox 806 3421 840 3494; x_wconf 89' lang='lat' dir='ltr'>l,</span> <span class='ocrx_word' id='word_1_276' title='bbox 856 3437 886 3498; x_wconf 90' lang='lat' dir='ltr'>p.</span> <span class='ocrx_word' id='word_1_277' title='bbox 902 3421 972 3480; x_wconf 76' lang='grc'>167.</span> <span class='ocrx_word' id='word_1_278' title='bbox 992 3417 1066 3479; x_wconf 89' lang='lat' dir='ltr'>Vide</span> <span class='ocrx_word' id='word_1_279' title='bbox 1081 3437 1130 3500; x_wconf 90' lang='lat' dir='ltr'>ap.</span> 
     </span>
     <span class='ocr_line' id='line_1_38' title="bbox 160 3505 1131 3590; baseline -0.003 -18"><span class='ocrx_word' id='word_1_280' title='bbox 160 3509 303 3573; x_wconf 89' lang='lat' dir='ltr'>eumdem</span> <span class='ocrx_word' id='word_1_281' title='bbox 325 3509 391 3588; x_wconf 78' lang='lat' dir='ltr'>(ib,</span> <span class='ocrx_word' id='word_1_282' title='bbox 413 3527 443 3590; x_wconf 90' lang='lat' dir='ltr'>p.</span> <span class='ocrx_word' id='word_1_283' title='bbox 467 3509 536 3586; x_wconf 79' lang='lat' dir='ltr'>too)</span> <span class='ocrx_word' id='word_1_284' title='bbox 550 3515 579 3570; x_wconf 91' lang='lat' dir='ltr'>et</span> <span class='ocrx_word' id='word_1_285' title='bbox 597 3527 646 3588; x_wconf 90' lang='lat' dir='ltr'>ap.</span> <span class='ocrx_word' id='word_1_286' title='bbox 666 3507 800 3568; x_wconf 87' lang='lat' dir='ltr'>Ferraris</span> <span class='ocrx_word' id='word_1_287' title='bbox 814 3505 975 3584; x_wconf 80' lang='lat' dir='ltr'>(ilt&#39;d.,art.</span> <span class='ocrx_word' id='word_1_288' title='bbox 994 3510 1022 3584; x_wconf 88' lang='grc'>1)</span> <span class='ocrx_word' id='word_1_289' title='bbox 1035 3554 1042 3584; x_wconf 90' lang='lat'>,</span> <span class='ocrx_word' id='word_1_290' title='bbox 1056 3525 1131 3570; x_wconf 85' lang='lat' dir='ltr'>cnu-</span> 
     </span>
     <span class='ocr_line' id='line_1_39' title="bbox 162 3596 1129 3680; baseline -0.004 -18"><span class='ocrx_word' id='word_1_291' title='bbox 162 3599 356 3664; x_wconf 72' lang='lat' dir='ltr'>cierationem</span> <span class='ocrx_word' id='word_1_292' title='bbox 374 3597 507 3680; x_wconf 88' lang='lat' dir='ltr'>plurium</span> <span class='ocrx_word' id='word_1_293' title='bbox 523 3597 651 3659; x_wconf 91' lang='lat' dir='ltr'>aliorum</span> <span class='ocrx_word' id='word_1_294' title='bbox 665 3615 733 3678; x_wconf 83' lang='lat' dir='ltr'>quae</span> <span class='ocrx_word' id='word_1_295' title='bbox 753 3602 850 3678; x_wconf 88' lang='lat' dir='ltr'>potest</span> <span class='ocrx_word' id='word_1_296' title='bbox 871 3596 1129 3679; x_wconf 77' lang='lat' dir='ltr'>drohIepiscopus.</span> 
     </span>
    </p>
   </div>
   <div class='ocr_carea' id='block_1_9' title="bbox 0 0 1290 4006">
    <p class='ocr_par' dir='ltr' id='par_1_15' title="bbox 0 0 1290 4006">
     <span class='ocr_line' id='line_1_40' title="bbox 0 0 1290 4006; baseline 0 0"><span class='ocrx_word' id='word_1_297' title='bbox 0 0 1290 4006; x_wconf 95' lang='lat' dir='ltr'> </span> 
     </span>
    </p>
   </div>
  </div>
 </body>
</html>
