2588 3994
185 240 238 304 ldl
406 254 545 304 urantur
563 251 666 304 ronna
685 251 768 304 roera
787 251 935 304 canoniea.

183 354 382 417 decretalium
403 353 481 416 Petri
495 350 621 415 llattlrnai
644 350 878 433 Lugdunensis3
901 347 1165 414 2⁰1nsututtones

183 444 344 506 Lanceloti.

175 557 180 572 ·
226 537 293 596 rat.
311 533 360 596 Sic
373 537 474 596 autern
489 530 610 614 allegari
624 529 722 592 solent
739 533 837 592 textus
854 527 1025 610 deprompti
1039 544 1076 590 ex
1090 527 1167 590 Cor·

186 640 258 705 pore
266 622 342 702 juris
355 621 494 686 canonici
510 640 518 686 ι

229 732 244 770 n
264 714 287 774 l.
312 714 383 784 Quae
403 713 533 775 citantur
546 729 583 774 ex
600 712 726 772 Decreto
749 705 902 784 Gratiani,
921 705 1088 788 allegantur
1106 725 1166 788 per

184 821 201 862 n
226 801 364 863 Canones
378 803 388 879 (
396 807 425 864 et
437 801 528 864 etiam
542 797 705 880 aliquando
719 815 773 878 per
786 793 945 878 Capitula);
961 795 1108 877 quaerero
1121 813 1164 858 ex

186 911 202 950 n
228 890 450 967 Decretalibus,
466 908 521 972 per
534 887 678 970 Capitula.

225 1001 241 1039 r
264 979 301 1040 ll.
324 980 397 1050 Ouae
417 979 546 1040 citantur
567 996 602 1040 ex
623 977 721 1058 prima
739 979 822 1057 parte
843 973 963 1037 Ileereti
981 971 1162 1038 Gratiani...

186 1091 201 1128 n
226 1066 394 1148 allegantur
407 1067 469 1130 sic:
485 1087 512 1130 e.
530 1065 651 1144 Audite,
667 1066 740 1127 Dist.
758 1068 797 1126 34
815 1084 823 1124 τ
840 1062 923 1145 quod
941 1061 1053 1126 indicat
1066 1079 1163 1126 cano-

187 1180 202 1216 »
226 1174 299 1218 nam
319 1161 338 1219 6
359 1205 367 1234 ,
383 1155 583 1220 distinctionis
594 1159 649 1230 34,
660 1154 712 1236 qui
724 1153 829 1234 incipit
843 1169 1010 1234 pertonant
1025 1151 1135 1214 Audite
1151 1172 1162 1214 .·

186 1269 201 1305 n
226 1245 308 1309 unde
322 1245 359 1309 ed
380 1245 595 1310 inveniendum
616 1244 698 1306 hunc
718 1242 837 1316 locum,
859 1239 1022 1324 quaerenda
1041 1248 1085 1304 est
1099 1241 1164 1305 dis-

187 1357 202 1394 »
226 1335 330 1398 tinctio
348 1339 405 1414 34,
425 1341 455 1398 et
474 1335 565 1409 dein,
587 1333 683 1396 oculis
703 1331 906 1416 percurrendo
929 1331 1055 1393 initialia
1071 1330 1163 1394 verba

187 1443 381 1488 »canonum
413 1425 503 1506 hujus
525 1422 745 1499 distinctioniS,
774 1420 860 1484 facile
887 1421 1035 1503 reperitur
1062 1439 1162 1484 canon

188 1535 203 1574 n
228 1513 347 1589 Audite,
365 1515 416 1596 qui
427 1522 472 1577 est
483 1513 540 1576 sub
555 1516 628 1576 n⁰6.
647 1511 817 1594 Aliquando
828 1529 925 1573 canon
941 1529 1002 1572 non
1013 1509 1164 1573 indicetur

189 1625 203 1660 n
229 1603 421 1683 perverbum
437 1601 567 1681 initiale,
584 1601 636 1664 sed
650 1619 704 1684 per
719 1619 881 1662 numerum
895 1600 951 1662 sub
965 1619 1027 1681 quo
1037 1601 1118 1680 jacet
1130 1601 1162 1662 in

189 1713 204 1750 n
228 1690 433 1768 distinctione,
445 1711 472 1754 r.
483 1713 513 1774 g.
530 1711 558 1755 e.
571 1697 600 1770 6,
617 1691 685 1754 dist.
702 1695 751 1753 34.
762 1689 904 1752 Hodierni
919 1689 1011 1771 aliqui
1025 1696 1163 1756 auctores

189 1802 204 1838 o
230 1787 393 1863 utrumque
407 1788 544 1865 ponunt,
559 1801 587 1844 v.
605 1801 635 1863 g.
648 1798 676 1843 c.
692 1778 802 1843 Audite
815 1783 844 1853 6,
860 1779 929 1841 dist.
946 1781 994 1843 34.

230 1891 245 1929 o
270 1872 318 1932 lII.
342 1872 414 1944 Quae
436 1871 566 1934 c'itnntur
584 1890 620 1934 ex
638 1874 669 1932 2·
691 1877 774 1952 parte
795 1869 911 1932 Decreti
933 1868 1103 1932 Gratiani...
1120 1871 1164 1934 sic

189 1983 204 2020 n
229 1959 396 2041 allegantur
418 1980 426 2022 ε
449 1961 482 2028 C.
507 1959 661 2037 Omnibus,
681 1979 709 2022 c.
734 1963 764 2038 ἢ,
787 1977 818 2042 q.
841 1961 871 2034 5,
896 1957 977 2040 quod
1001 1958 1113 2024 indicat
1130 1961 1161 2023 in

190 2073 205 2110 n
230 2051 396 2131 questione
419 2054 437 2114 5
466 2069 564 2113 causae
587 2049 745 2126 secundae,
767 2066 917 2112 canonem
939 2049 1026 2128 cujus
1049 2049 1162 2118 initiato

189 2138 354 2201 »verbum
379 2145 424 2202 est
454 2137 603 2202 Omnibue
633 2140 711 2201 Looo
732 2138 813 2200 verbi
838 2137 977 2214 initialis,
1000 2137 1163 2221 aliquando

189 2250 204 2288 n
229 2229 351 2310 ponitur
364 2229 481 2292 tantiam
497 2247 661 2305 numerus;
678 2227 759 2292 unde
773 2227 811 2290 ad
826 2226 1020 2290 indicandum
1040 2229 1163 2310 predic

189 2341 204 2377 n
228 2323 294 2380 turn
317 2336 464 2381 canonem
488 2319 650 2396 Omnibus,
672 2317 723 2400 qui
744 2324 789 2380 est
811 2317 867 2380 sub
890 2325 924 2378 ηο
946 2321 1002 2392 la,
1024 2319 1067 2381 sic
1090 2321 1162 2400 poni

189 2429 204 2467 n
228 2414 345 2490 potest,
366 2427 394 2471 c.
418 2412 466 2471 la.
488 2409 520 2469 C.
543 2413 573 2484 2,
596 2428 626 2490 q.
650 2412 680 2484 5;
704 2406 734 2469 id
754 2413 798 2470 est
816 2425 915 2470 canon
936 2411 984 2484 la,
1007 2409 1110 2472 Causae
1130 2413 1160 2489 2,

188 2519 204 2558 n
229 2506 334 2579 quaest.
355 2501 385 2561 ὅ.
408 2501 552 2560 auctores
572 2497 664 2580 aliqui
687 2503 801 2560 veteres
818 2496 952 2559 indicant
968 2515 1090 2560 causam
1108 2517 1163 2580 per

189 2608 205 2644 n
229 2587 327 2649 solum
349 2605 530 2662 numerum,
551 2587 662 2650 omissa
683 2587 780 2648 littera
801 2588 847 2664 G.;
870 2605 898 2649 v.
922 2605 968 2669 gr.
993 2589 1026 2647 u.
1051 2587 1163 2670 Aperte

189 2695 205 2734 n
229 2679 288 2753 at,
317 2695 349 2758 q.
373 2679 400 2738 t.
431 2675 466 2738 ld
487 2681 638 2755 est,can.
667 2675 793 2759 Aperte,
819 2677 913 2739 Causa
937 2679 992 2754 24,
1020 2679 1161 2758 quaestio-

189 2783 205 2822 r
230 2765 277 2826 nis
293 2769 320 2826 l.

228 2875 244 2913 n
268 2855 318 2916 IV.
343 2855 518 2918 llonuimus
540 2875 631 2939 supra
659 2855 773 2938 aliquid
801 2855 953 2939 peculiare
978 2856 1103 2940 reperiri
1129 2859 1161 2922 in

189 2964 205 3004 n
228 2943 323 3005 Cause
337 2945 387 3006 33.
410 2945 508 3007 Tertia
523 2963 633 3027 nempe
653 2945 743 3026 hujus
757 2962 855 3008 cauaae
875 2946 1001 3027 queastio
1020 2953 1065 3009 est
1084 2954 1161 3011 trac-

189 3053 204 3091 n
228 3039 306 3094 tatus
319 3031 443 3114 quidam
461 3031 499 3095 de
518 3035 697 3097 Paenitentia
714 3033 826 3096 divisus
840 3034 872 3096 in
890 3043 1004 3117 septem
1018 3037 1161 3116 speciales

190 3143 205 3182 a
229 3119 452 3199 distinctiones,
472 3130 502 3184 et
522 3121 590 3185 ideo
611 3123 719 3186 modus
738 3124 828 3186 etiarn
847 3124 984 3206 specialis
1004 3124 1161 3188 adhibetur

189 3233 204 3270 n
229 3210 265 3272 ad
280 3210 453 3292 allegandos
472 3211 562 3292 hujus
575 3217 717 3275 tractatus
730 3230 881 3275 canones:
896 3213 1025 3276 ciuntur
1040 3215 1084 3276 sic
1102 3233 1109 3275 :
1126 3215 1158 3278 G.

189 3322 205 3358 n
230 3299 412 3376 Perniciose,
431 3299 469 3362 de
485 3301 591 3363 l’oeoit.
607 3301 675 3364 dist.
689 3305 718 3364 l.
736 3301 825 3365 idest
842 3321 849 3362 :
867 3320 965 3365 canon
981 3302 1158 3385 Perniciose),

192 3411 207 3448 n
231 3388 430 3452 distinctionis
443 3395 472 3466 l,
484 3389 514 3452 in
526 3397 650 3453 tractatu
664 3390 702 3454 de
718 3391 907 3454 Penitentid.

229 3501 245 3538 n
269 3479 306 3541 V.
321 3481 393 3552 Quae
407 3481 535 3542 citantur
548 3499 586 3542 ex
598 3481 684 3543 tertia
700 3482 830 3544 Gratiani
847 3489 967 3565 parte...
982 3481 1026 3547 sic
1039 3483 1159 3566 allegari

189 3589 206 3627 n
229 3568 325 3630 solent
337 3587 345 3630 a
357 3571 390 3631 C.
411 3568 568 3652 Triforme,
583 3568 618 3632 de
633 3569 766 3634 Consecr.
782 3572 851 3634 dist.
863 3575 899 3650 2;
915 3571 1026 3635 hocest
1039 3593 1047 3634 ε
1062 3591 1158 3638 canon

191 3678 205 3717 ο
234 3655 381 3739 Triforme
401 3657 601 3725 distinctionis
618 3659 658 3742 2,
677 3659 850 3724 intractato
868 3661 906 3724 de
927 3661 1158 3728 consecratione.
