<?xml version="1.0" encoding="UTF-8"?>
<!DOCTYPE html PUBLIC "-//W3C//DTD XHTML 1.0 Transitional//EN"
    "http://www.w3.org/TR/xhtml1/DTD/xhtml1-transitional.dtd">
<html xmlns="http://www.w3.org/1999/xhtml" xml:lang="en" lang="en">
 <head>
  <title>
</title>
<meta http-equiv="Content-Type" content="text/html;charset=utf-8" />
  <meta name='ocr-system' content='tesseract 3.04.00' />
  <meta name='ocr-capabilities' content='ocr_page ocr_carea ocr_par ocr_line ocrx_word'/>
</head>
<body>
  <div class='ocr_page' id='page_1' title='image "./manualetotiusju03craigoog_0581.png"; bbox 0 0 2546 3992; ppageno 0'>
   <div class='ocr_carea' id='block_1_1' title="bbox 198 239 945 316">
    <p class='ocr_par' dir='ltr' id='par_1_1' title="bbox 198 239 945 316">
     <span class='ocr_line' id='line_1_1' title="bbox 198 239 945 316; baseline -0.003 -2"><span class='ocrx_word' id='word_1_1' title='bbox 198 239 256 304; x_wconf 72' lang='lat'><strong>⁶58</strong></span> <span class='ocrx_word' id='word_1_2' title='bbox 419 268 555 314; x_wconf 77' lang='lat' dir='ltr'><strong>novumn</strong></span> <span class='ocrx_word' id='word_1_3' title='bbox 575 269 675 316; x_wconf 85' lang='lat' dir='ltr'><strong>rorms</strong></span> <span class='ocrx_word' id='word_1_4' title='bbox 695 267 777 315; x_wconf 83' lang='lat' dir='ltr'><strong>tnars</strong></span> <span class='ocrx_word' id='word_1_5' title='bbox 797 265 945 314; x_wconf 78' lang='lat' dir='ltr'><strong>navorum.</strong></span> 
     </span>
    </p>
   </div>
   <div class='ocr_carea' id='block_1_2' title="bbox 202 367 1182 3754">
    <p class='ocr_par' dir='ltr' id='par_1_2' title="bbox 202 367 1182 1073">
     <span class='ocr_line' id='line_1_2' title="bbox 243 367 1182 452; baseline 0 -22"><span class='ocrx_word' id='word_1_6' title='bbox 243 371 332 451; x_wconf 85' lang='lat' dir='ltr'><strong>Resp.</strong></span> <span class='ocrx_word' id='word_1_7' title='bbox 345 369 455 451; x_wconf 80' lang='lat' dir='ltr'><strong>Nequit</strong></span> <span class='ocrx_word' id='word_1_8' title='bbox 468 369 634 452; x_wconf 80' lang='lat' dir='ltr'>Episcopus</span> <span class='ocrx_word' id='word_1_9' title='bbox 647 387 699 430; x_wconf 89' lang='lat' dir='ltr'><strong>eos</strong></span> <span class='ocrx_word' id='word_1_10' title='bbox 709 367 746 430; x_wconf 91' lang='lat' dir='ltr'><strong>ad</strong></span> <span class='ocrx_word' id='word_1_11' title='bbox 756 367 893 450; x_wconf 74' lang='lat' dir='ltr'><strong>viroprios</strong></span> <span class='ocrx_word' id='word_1_12' title='bbox 906 367 952 429; x_wconf 91' lang='lat' dir='ltr'><strong>vel</strong></span> <span class='ocrx_word' id='word_1_13' title='bbox 968 382 1182 430; x_wconf 79' lang='lat' dir='ltr'><strong>snorumusus</strong></span> 
     </span>
     <span class='ocr_line' id='line_1_3' title="bbox 202 455 1181 540; baseline -0.002 -20"><span class='ocrx_word' id='word_1_14' title='bbox 202 465 405 520; x_wconf 88' lang='lat' dir='ltr'><strong>convertere:</strong></span> <span class='ocrx_word' id='word_1_15' title='bbox 431 461 520 522; x_wconf 84' lang='lat' dir='ltr'><strong>Sacra</strong></span> <span class='ocrx_word' id='word_1_16' title='bbox 542 465 644 520; x_wconf 92' lang='lat' dir='ltr'><strong>tamen</strong></span> <span class='ocrx_word' id='word_1_17' title='bbox 671 458 820 539; x_wconf 81' lang='lat' dir='ltr'><strong>Congreg.</strong></span> <span class='ocrx_word' id='word_1_18' title='bbox 845 457 986 540; x_wconf 85' lang='lat' dir='ltr'><strong>Episcop.</strong></span> <span class='ocrx_word' id='word_1_19' title='bbox 1011 455 1181 538; x_wconf 89' lang='lat' dir='ltr'><strong>aliquando</strong></span> 
     </span>
     <span class='ocr_line' id='line_1_4' title="bbox 203 545 1181 630; baseline -0.003 -21"><span class='ocrx_word' id='word_1_20' title='bbox 203 547 349 610; x_wconf 86' lang='lat' dir='ltr'><strong>concessit</strong></span> <span class='ocrx_word' id='word_1_21' title='bbox 368 553 402 610; x_wconf 89' lang='lat' dir='ltr'><strong>ut</strong></span> <span class='ocrx_word' id='word_1_22' title='bbox 420 547 560 630; x_wconf 80' lang='lat' dir='ltr'>Episcopi</span> <span class='ocrx_word' id='word_1_23' title='bbox 574 551 698 629; x_wconf 76' lang='lat' dir='ltr'><strong>possent</strong></span> <span class='ocrx_word' id='word_1_24' title='bbox 714 547 757 610; x_wconf 91' lang='lat' dir='ltr'><strong>uti</strong></span> <span class='ocrx_word' id='word_1_25' title='bbox 781 546 868 609; x_wconf 86' lang='lat' dir='ltr'><strong>dictis</strong></span> <span class='ocrx_word' id='word_1_26' title='bbox 889 545 1106 609; x_wconf 79' lang='lat' dir='ltr'><strong>emolumentis</strong></span> <span class='ocrx_word' id='word_1_27' title='bbox 1121 563 1181 626; x_wconf 90' lang='lat' dir='ltr'><strong>pro</strong></span> 
     </span>
     <span class='ocr_line' id='line_1_5' title="bbox 204 634 1181 718; baseline -0.001 -21"><span class='ocrx_word' id='word_1_28' title='bbox 204 635 344 698; x_wconf 75' lang='lat' dir='ltr'><strong>solvenda</strong></span> <span class='ocrx_word' id='word_1_29' title='bbox 354 637 499 718; x_wconf 86' lang='lat' dir='ltr'><strong>pensione</strong></span> <span class='ocrx_word' id='word_1_30' title='bbox 513 640 562 714; x_wconf 70' lang='grc'><strong>(65</strong></span> <span class='ocrx_word' id='word_1_31' title='bbox 570 637 633 716; x_wconf 85' lang='lat' dir='ltr'><strong>jan.</strong></span> <span class='ocrx_word' id='word_1_32' title='bbox 650 639 749 716; x_wconf 78' lang='grc'><strong>1647),</strong></span> <span class='ocrx_word' id='word_1_33' title='bbox 760 635 806 697; x_wconf 94' lang='lat' dir='ltr'><strong>vel</strong></span> <span class='ocrx_word' id='word_1_34' title='bbox 813 654 868 718; x_wconf 94' lang='lat' dir='ltr'><strong>pro</strong></span> <span class='ocrx_word' id='word_1_35' title='bbox 877 637 939 697; x_wconf 91' lang='lat' dir='ltr'><strong>suis</strong></span> <span class='ocrx_word' id='word_1_36' title='bbox 948 634 1181 697; x_wconf 86' lang='lat' dir='ltr'><strong>necessitatibus</strong></span> 
     </span>
     <span class='ocr_line' id='line_1_6' title="bbox 204 723 1179 804; baseline 0 -18"><span class='ocrx_word' id='word_1_37' title='bbox 204 729 250 803; x_wconf 85' lang='grc'><strong>(31</strong></span> <span class='ocrx_word' id='word_1_38' title='bbox 275 727 344 788; x_wconf 92' lang='lat' dir='ltr'><strong>maii</strong></span> <span class='ocrx_word' id='word_1_39' title='bbox 362 730 459 804; x_wconf 79' lang='grc'><strong>1611).</strong></span> <span class='ocrx_word' id='word_1_40' title='bbox 475 725 550 787; x_wconf 86' lang='lat' dir='ltr'><strong>Vide</strong></span> <span class='ocrx_word' id='word_1_41' title='bbox 563 726 711 798; x_wconf 85' lang='lat' dir='ltr'><strong>Ferraris,</strong></span> <span class='ocrx_word' id='word_1_42' title='bbox 732 737 762 786; x_wconf 78' lang='lat' dir='ltr'><strong>v⁰</strong></span> <span class='ocrx_word' id='word_1_43' title='bbox 777 723 983 794; x_wconf 85' lang='lat' dir='ltr'><strong>Cancellnria,</strong></span> <span class='ocrx_word' id='word_1_44' title='bbox 1001 732 1035 784; x_wconf 84' lang='lat' dir='ltr'><strong>n⁰</strong></span> <span class='ocrx_word' id='word_1_45' title='bbox 1051 727 1100 786; x_wconf 77' lang='lat'><strong>12.</strong></span> <span class='ocrx_word' id='word_1_46' title='bbox 1116 723 1179 786; x_wconf 82' lang='lat' dir='ltr'><strong>Sed</strong></span> 
     </span>
     <span class='ocr_line' id='line_1_7' title="bbox 205 812 1175 896; baseline -0.001 -21"><span class='ocrx_word' id='word_1_47' title='bbox 205 814 317 896; x_wconf 83' lang='lat' dir='ltr'><strong>absque</strong></span> <span class='ocrx_word' id='word_1_48' title='bbox 341 813 458 878; x_wconf 91' lang='lat' dir='ltr'><strong>lndulto</strong></span> <span class='ocrx_word' id='word_1_49' title='bbox 480 813 658 891; x_wconf 83' lang='lat' dir='ltr'><strong>Pontificio,</strong></span> <span class='ocrx_word' id='word_1_50' title='bbox 678 820 816 895; x_wconf 86' lang='lat' dir='ltr'><strong>peccaret</strong></span> <span class='ocrx_word' id='word_1_51' title='bbox 840 812 931 876; x_wconf 91' lang='lat' dir='ltr'><strong>etiam</strong></span> <span class='ocrx_word' id='word_1_52' title='bbox 963 819 1069 875; x_wconf 86' lang='lat' dir='ltr'><strong>contra</strong></span> <span class='ocrx_word' id='word_1_53' title='bbox 1084 812 1175 892; x_wconf 68' lang='lat' dir='ltr'><strong>iusti·</strong></span> 
     </span>
     <span class='ocr_line' id='line_1_8' title="bbox 205 901 1174 986; baseline -0.001 -21"><span class='ocrx_word' id='word_1_54' title='bbox 205 903 276 965; x_wconf 89' lang='lat' dir='ltr'><strong>tiam</strong></span> <span class='ocrx_word' id='word_1_55' title='bbox 296 904 462 986; x_wconf 79' lang='lat' dir='ltr'><strong>Episcopus</strong></span> <span class='ocrx_word' id='word_1_56' title='bbox 482 905 533 986; x_wconf 92' lang='lat' dir='ltr'><strong>qui</strong></span> <span class='ocrx_word' id='word_1_57' title='bbox 553 903 609 965; x_wconf 93' lang='lat' dir='ltr'><strong>sibi</strong></span> <span class='ocrx_word' id='word_1_58' title='bbox 624 903 815 966; x_wconf 82' lang='lat' dir='ltr'><strong>Cancellariae</strong></span> <span class='ocrx_word' id='word_1_59' title='bbox 842 901 1047 965; x_wconf 87' lang='lat' dir='ltr'><strong>emolumenta</strong></span> <span class='ocrx_word' id='word_1_60' title='bbox 1068 919 1174 984; x_wconf 82' lang='lat' dir='ltr'><strong>appro</strong></span> 
     </span>
     <span class='ocr_line' id='line_1_9' title="bbox 205 993 325 1073; baseline 0 -20"><span class='ocrx_word' id='word_1_61' title='bbox 205 993 325 1073; x_wconf 84' lang='lat' dir='ltr'><strong>priaret.</strong></span> 
     </span>
    </p>

    <p class='ocr_par' dir='ltr' id='par_1_3' title="bbox 205 1080 1179 2682">
     <span class='ocr_line' id='line_1_10' title="bbox 249 1080 1177 1163; baseline -0.001 -22"><span class='ocrx_word' id='word_1_62' title='bbox 249 1103 265 1140; x_wconf 78' lang='lat' dir='ltr'><strong>s</strong></span> <span class='ocrx_word' id='word_1_63' title='bbox 285 1083 379 1156; x_wconf 83' lang='lat' dir='ltr'><strong>Hine,</strong></span> <span class='ocrx_word' id='word_1_64' title='bbox 397 1080 495 1163; x_wconf 88' lang='lat' dir='ltr'><strong>inquit</strong></span> <span class='ocrx_word' id='word_1_65' title='bbox 508 1081 545 1143; x_wconf 87' lang='lat' dir='ltr'><strong>D.</strong></span> <span class='ocrx_word' id='word_1_66' title='bbox 561 1081 675 1159; x_wconf 75' lang='lat' dir='ltr'><strong>Rodia,</strong></span> <span class='ocrx_word' id='word_1_67' title='bbox 689 1081 733 1142; x_wconf 88' lang='lat' dir='ltr'><strong>Dc</strong></span> <span class='ocrx_word' id='word_1_68' title='bbox 743 1081 901 1162; x_wconf 78' lang='lat' dir='ltr'><strong>Episcopo,</strong></span> <span class='ocrx_word' id='word_1_69' title='bbox 918 1083 993 1142; x_wconf 82' lang='lat' dir='ltr'><strong>tom.</strong></span> <span class='ocrx_word' id='word_1_70' title='bbox 1009 1084 1040 1156; x_wconf 78' lang='lat'><strong>2,</strong></span> <span class='ocrx_word' id='word_1_71' title='bbox 1056 1099 1088 1162; x_wconf 94' lang='lat' dir='ltr'><strong>p.</strong></span> <span class='ocrx_word' id='word_1_72' title='bbox 1104 1082 1177 1152; x_wconf 87' lang='grc'><strong>311,</strong></span> 
     </span>
     <span class='ocr_line' id='line_1_11' title="bbox 205 1169 1179 1252; baseline -0.001 -21"><span class='ocrx_word' id='word_1_73' title='bbox 205 1193 220 1231; x_wconf 79' lang='lat' dir='ltr'><strong>a</strong></span> <span class='ocrx_word' id='word_1_74' title='bbox 245 1177 313 1252; x_wconf 90' lang='lat' dir='ltr'><strong>post</strong></span> <span class='ocrx_word' id='word_1_75' title='bbox 332 1171 464 1233; x_wconf 89' lang='lat' dir='ltr'><strong>solutum</strong></span> <span class='ocrx_word' id='word_1_76' title='bbox 486 1171 669 1234; x_wconf 86' lang='lat' dir='ltr'><strong>Cancellario</strong></span> <span class='ocrx_word' id='word_1_77' title='bbox 688 1175 718 1233; x_wconf 88' lang='lat' dir='ltr'><strong>et</strong></span> <span class='ocrx_word' id='word_1_78' title='bbox 735 1170 801 1232; x_wconf 89' lang='lat' dir='ltr'><strong>aliis</strong></span> <span class='ocrx_word' id='word_1_79' title='bbox 821 1169 1013 1232; x_wconf 83' lang='lat' dir='ltr'><strong>Cancellariae</strong></span> <span class='ocrx_word' id='word_1_80' title='bbox 1031 1169 1179 1231; x_wconf 84' lang='lat' dir='ltr'><strong>ministris</strong></span> 
     </span>
     <span class='ocr_line' id='line_1_12' title="bbox 206 1258 1179 1341; baseline 0.001 -21"><span class='ocrx_word' id='word_1_81' title='bbox 206 1283 221 1320; x_wconf 80' lang='lat' dir='ltr'><strong>o</strong></span> <span class='ocrx_word' id='word_1_82' title='bbox 246 1259 387 1322; x_wconf 89' lang='lat' dir='ltr'><strong>salarium</strong></span> <span class='ocrx_word' id='word_1_83' title='bbox 401 1279 491 1323; x_wconf 91' lang='lat' dir='ltr'><strong>suum</strong></span> <span class='ocrx_word' id='word_1_84' title='bbox 505 1309 512 1336; x_wconf 85' lang='lat'>,</span> <span class='ocrx_word' id='word_1_85' title='bbox 528 1279 564 1323; x_wconf 90' lang='lat' dir='ltr'><strong>ac</strong></span> <span class='ocrx_word' id='word_1_86' title='bbox 581 1259 716 1322; x_wconf 87' lang='lat' dir='ltr'><strong>deductis</strong></span> <span class='ocrx_word' id='word_1_87' title='bbox 738 1259 861 1341; x_wconf 87' lang='lat' dir='ltr'><strong>insuper</strong></span> <span class='ocrx_word' id='word_1_88' title='bbox 881 1258 1020 1340; x_wconf 77' lang='lat' dir='ltr'><strong>expensis</strong></span> <span class='ocrx_word' id='word_1_89' title='bbox 1038 1277 1093 1340; x_wconf 86' lang='lat' dir='ltr'><strong>pro</strong></span> <span class='ocrx_word' id='word_1_90' title='bbox 1112 1258 1179 1340; x_wconf 74' lang='lat' dir='ltr'><strong>ipsa</strong></span> 
     </span>
     <span class='ocr_line' id='line_1_13' title="bbox 206 1347 1179 1430; baseline 0.001 -22"><span class='ocrx_word' id='word_1_91' title='bbox 206 1371 221 1408; x_wconf 84' lang='lat' dir='ltr'><strong>n</strong></span> <span class='ocrx_word' id='word_1_92' title='bbox 246 1349 428 1412; x_wconf 78' lang='lat' dir='ltr'><strong>Cancellaria</strong></span> <span class='ocrx_word' id='word_1_93' title='bbox 442 1349 542 1426; x_wconf 87' lang='lat' dir='ltr'><strong>lactis,</strong></span> <span class='ocrx_word' id='word_1_94' title='bbox 558 1349 582 1410; x_wconf 94' lang='lat' dir='ltr'><strong>si</strong></span> <span class='ocrx_word' id='word_1_95' title='bbox 598 1348 672 1430; x_wconf 83' lang='lat' dir='ltr'><strong>quid</strong></span> <span class='ocrx_word' id='word_1_96' title='bbox 685 1367 721 1410; x_wconf 87' lang='lat' dir='ltr'><strong>ex</strong></span> <span class='ocrx_word' id='word_1_97' title='bbox 736 1349 948 1410; x_wconf 84' lang='lat' dir='ltr'><strong>emolumentis</strong></span> <span class='ocrx_word' id='word_1_98' title='bbox 961 1355 1129 1422; x_wconf 84' lang='lat' dir='ltr'><strong>remaneat,</strong></span> <span class='ocrx_word' id='word_1_99' title='bbox 1147 1347 1179 1409; x_wconf 95' lang='lat' dir='ltr'><strong>id</strong></span> 
     </span>
     <span class='ocr_line' id='line_1_14' title="bbox 207 1435 1177 1520; baseline -0.001 -22"><span class='ocrx_word' id='word_1_100' title='bbox 207 1461 221 1497; x_wconf 83' lang='lat' dir='ltr'><strong>o</strong></span> <span class='ocrx_word' id='word_1_101' title='bbox 246 1439 344 1500; x_wconf 88' lang='lat' dir='ltr'><strong>causis</strong></span> <span class='ocrx_word' id='word_1_102' title='bbox 354 1439 465 1520; x_wconf 91' lang='lat' dir='ltr'><strong>piisest</strong></span> <span class='ocrx_word' id='word_1_103' title='bbox 474 1437 830 1520; x_wconf 74' lang='lat' dir='ltr'><strong>expiendendumutpote</strong></span> <span class='ocrx_word' id='word_1_104' title='bbox 840 1437 921 1518; x_wconf 85' lang='lat' dir='ltr'><strong>quod</strong></span> <span class='ocrx_word' id='word_1_105' title='bbox 929 1455 1029 1518; x_wconf 84' lang='lat' dir='ltr'><strong>neque</strong></span> <span class='ocrx_word' id='word_1_106' title='bbox 1042 1435 1079 1498; x_wconf 85' lang='lat' dir='ltr'><strong>ad</strong></span> <span class='ocrx_word' id='word_1_107' title='bbox 1090 1437 1177 1518; x_wconf 86' lang='lat' dir='ltr'><strong>Epis-</strong></span> 
     </span>
     <span class='ocr_line' id='line_1_15' title="bbox 206 1525 1176 1610; baseline -0.002 -21"><span class='ocrx_word' id='word_1_108' title='bbox 206 1550 221 1589; x_wconf 85' lang='lat' dir='ltr'><strong>n</strong></span> <span class='ocrx_word' id='word_1_109' title='bbox 246 1546 368 1609; x_wconf 86' lang='lat' dir='ltr'><strong>oopnm,</strong></span> <span class='ocrx_word' id='word_1_110' title='bbox 381 1547 478 1610; x_wconf 91' lang='lat' dir='ltr'><strong>neque</strong></span> <span class='ocrx_word' id='word_1_111' title='bbox 489 1527 525 1590; x_wconf 86' lang='lat' dir='ltr'><strong>ad</strong></span> <span class='ocrx_word' id='word_1_112' title='bbox 538 1527 633 1590; x_wconf 93' lang='lat' dir='ltr'><strong>ullum</strong></span> <span class='ocrx_word' id='word_1_113' title='bbox 641 1529 708 1606; x_wconf 86' lang='lat' dir='ltr'><strong>jure</strong></span> <span class='ocrx_word' id='word_1_114' title='bbox 719 1525 898 1608; x_wconf 83' lang='lat' dir='ltr'><strong>pertineat.»</strong></span> <span class='ocrx_word' id='word_1_115' title='bbox 913 1525 985 1588; x_wconf 87' lang='lat' dir='ltr'><strong>Vide</strong></span> <span class='ocrx_word' id='word_1_116' title='bbox 993 1527 1083 1588; x_wconf 83' lang='lat' dir='ltr'><strong>Cone.</strong></span> <span class='ocrx_word' id='word_1_117' title='bbox 1092 1526 1176 1588; x_wconf 86' lang='lat' dir='ltr'><strong>Trid.</strong></span> 
     </span>
     <span class='ocr_line' id='line_1_16' title="bbox 208 1613 1179 1698; baseline 0.001 -20"><span class='ocrx_word' id='word_1_118' title='bbox 208 1617 484 1692; x_wconf 77' lang='lat' dir='ltr'><strong>nvoddcitat.,sess.</strong></span> <span class='ocrx_word' id='word_1_119' title='bbox 496 1621 580 1694; x_wconf 76' lang='lat' dir='ltr'><strong>2l‚c.</strong></span> <span class='ocrx_word' id='word_1_120' title='bbox 591 1613 1179 1698; x_wconf 83' lang='lat' dir='ltr'><strong>l.thuoddiciturblodeCnncellariae</strong></span> 
     </span>
     <span class='ocr_line' id='line_1_17' title="bbox 207 1702 1178 1786; baseline 0 -18"><span class='ocrx_word' id='word_1_121' title='bbox 207 1705 461 1784; x_wconf 79' lang='lat' dir='ltr'><strong>emolumentis‚b</strong></span> <span class='ocrx_word' id='word_1_122' title='bbox 479 1705 591 1768; x_wconf 80' lang='lat' dir='ltr'><strong>fortiori</strong></span> <span class='ocrx_word' id='word_1_123' title='bbox 613 1712 658 1768; x_wconf 88' lang='lat' dir='ltr'><strong>est</strong></span> <span class='ocrx_word' id='word_1_124' title='bbox 678 1705 841 1768; x_wconf 84' lang='lat' dir='ltr'><strong>dicendum</strong></span> <span class='ocrx_word' id='word_1_125' title='bbox 859 1702 897 1766; x_wconf 87' lang='lat' dir='ltr'><strong>de</strong></span> <span class='ocrx_word' id='word_1_126' title='bbox 915 1705 1052 1786; x_wconf 89' lang='lat' dir='ltr'><strong>pecuniis</strong></span> <span class='ocrx_word' id='word_1_127' title='bbox 1069 1725 1178 1786; x_wconf 86' lang='lat' dir='ltr'><strong>prove·</strong></span> 
     </span>
     <span class='ocr_line' id='line_1_18' title="bbox 208 1793 1178 1876; baseline 0 -20"><span class='ocrx_word' id='word_1_128' title='bbox 208 1795 358 1857; x_wconf 91' lang='lat' dir='ltr'><strong>nientibus</strong></span> <span class='ocrx_word' id='word_1_129' title='bbox 377 1814 415 1856; x_wconf 83' lang='lat' dir='ltr'><strong>ex</strong></span> <span class='ocrx_word' id='word_1_130' title='bbox 435 1795 707 1876; x_wconf 83' lang='lat' dir='ltr'><strong>dispensationibus</strong></span> <span class='ocrx_word' id='word_1_131' title='bbox 728 1793 937 1857; x_wconf 83' lang='lat' dir='ltr'><strong>matrimonii:</strong></span> <span class='ocrx_word' id='word_1_132' title='bbox 962 1794 1178 1858; x_wconf 75' lang='lat' dir='ltr'><strong>«Conceditur</strong></span> 
     </span>
     <span class='ocr_line' id='line_1_19' title="bbox 207 1883 1178 1966; baseline 0 -19"><span class='ocrx_word' id='word_1_133' title='bbox 207 1905 222 1947; x_wconf 81' lang='lat' dir='ltr'><strong>o</strong></span> <span class='ocrx_word' id='word_1_134' title='bbox 248 1883 353 1963; x_wconf 88' lang='lat' dir='ltr'><strong>(enim)</strong></span> <span class='ocrx_word' id='word_1_135' title='bbox 373 1884 529 1966; x_wconf 87' lang='lat' dir='ltr'><strong>Episcopis</strong></span> <span class='ocrx_word' id='word_1_136' title='bbox 547 1885 579 1947; x_wconf 92' lang='lat' dir='ltr'><strong>in</strong></span> <span class='ocrx_word' id='word_1_137' title='bbox 600 1884 709 1946; x_wconf 88' lang='lat' dir='ltr'><strong>talibus</strong></span> <span class='ocrx_word' id='word_1_138' title='bbox 732 1883 1021 1965; x_wconf 82' lang='lat' dir='ltr'><strong>dispensationibus,</strong></span> <span class='ocrx_word' id='word_1_139' title='bbox 1041 1884 1178 1966; x_wconf 83' lang='lat' dir='ltr'><strong>accipere</strong></span> 
     </span>
     <span class='ocr_line' id='line_1_20' title="bbox 207 1971 1176 2055; baseline 0.002 -22"><span class='ocrx_word' id='word_1_140' title='bbox 207 1995 222 2033; x_wconf 84' lang='lat' dir='ltr'><strong>o</strong></span> <span class='ocrx_word' id='word_1_141' title='bbox 246 1972 360 2054; x_wconf 89' lang='lat' dir='ltr'><strong>aliquid</strong></span> <span class='ocrx_word' id='word_1_142' title='bbox 373 1971 571 2055; x_wconf 85' lang='lat' dir='ltr'><strong>eleemosynis</strong></span> <span class='ocrx_word' id='word_1_143' title='bbox 580 1973 821 2036; x_wconf 89' lang='lat' dir='ltr'><strong>distribuendum</strong></span> <span class='ocrx_word' id='word_1_144' title='bbox 836 1971 942 2055; x_wconf 89' lang='lat' dir='ltr'><strong>(modd</strong></span> <span class='ocrx_word' id='word_1_145' title='bbox 952 1971 1038 2054; x_wconf 81' lang='lat' dir='ltr'><strong>ipsis,</strong></span> <span class='ocrx_word' id='word_1_146' title='bbox 1053 1972 1099 2034; x_wconf 92' lang='lat' dir='ltr'><strong>vel</strong></span> <span class='ocrx_word' id='word_1_147' title='bbox 1113 1974 1176 2036; x_wconf 91' lang='lat' dir='ltr'><strong>suis</strong></span> 
     </span>
     <span class='ocr_line' id='line_1_21' title="bbox 207 2061 1175 2145; baseline 0.001 -22"><span class='ocrx_word' id='word_1_148' title='bbox 207 2084 223 2123; x_wconf 76' lang='lat' dir='ltr'><strong>s</strong></span> <span class='ocrx_word' id='word_1_149' title='bbox 247 2061 320 2124; x_wconf 91' lang='lat' dir='ltr'><strong>nihil</strong></span> <span class='ocrx_word' id='word_1_150' title='bbox 335 2063 520 2144; x_wconf 82' lang='lat' dir='ltr'><strong>proveniat),</strong></span> <span class='ocrx_word' id='word_1_151' title='bbox 535 2063 728 2145; x_wconf 81' lang='lat' dir='ltr'><strong>posmodum</strong></span> <span class='ocrx_word' id='word_1_152' title='bbox 746 2081 843 2144; x_wconf 84' lang='lat' dir='ltr'><strong>poenae</strong></span> <span class='ocrx_word' id='word_1_153' title='bbox 856 2061 903 2125; x_wconf 91' lang='lat' dir='ltr'><strong>vel</strong></span> <span class='ocrx_word' id='word_1_154' title='bbox 921 2062 1175 2140; x_wconf 81' lang='lat' dir='ltr'><strong>commutationis,</strong></span> 
     </span>
     <span class='ocr_line' id='line_1_22' title="bbox 207 2151 1175 2234; baseline -0.001 -21"><span class='ocrx_word' id='word_1_155' title='bbox 207 2175 223 2213; x_wconf 75' lang='lat' dir='ltr'><strong>s</strong></span> <span class='ocrx_word' id='word_1_156' title='bbox 248 2170 309 2214; x_wconf 92' lang='lat' dir='ltr'><strong>non</strong></span> <span class='ocrx_word' id='word_1_157' title='bbox 324 2161 422 2216; x_wconf 89' lang='lat' dir='ltr'><strong>autem</strong></span> <span class='ocrx_word' id='word_1_158' title='bbox 431 2171 485 2234; x_wconf 91' lang='lat' dir='ltr'><strong>per</strong></span> <span class='ocrx_word' id='word_1_159' title='bbox 499 2152 625 2214; x_wconf 91' lang='lat' dir='ltr'><strong>modum</strong></span> <span class='ocrx_word' id='word_1_160' title='bbox 638 2152 871 2214; x_wconf 82' lang='lat' dir='ltr'><strong>sustentationis.</strong></span> <span class='ocrx_word' id='word_1_161' title='bbox 882 2152 947 2214; x_wconf 87' lang='lat' dir='ltr'><strong>Hoc</strong></span> <span class='ocrx_word' id='word_1_162' title='bbox 956 2151 1039 2217; x_wconf 89' lang='lat' dir='ltr'><strong>enim</strong></span> <span class='ocrx_word' id='word_1_163' title='bbox 1052 2151 1175 2213; x_wconf 86' lang='lat' dir='ltr'><strong>vetitum</strong></span> 
     </span>
     <span class='ocr_line' id='line_1_23' title="bbox 208 2239 1172 2324; baseline 0.001 -22"><span class='ocrx_word' id='word_1_164' title='bbox 208 2263 223 2302; x_wconf 79' lang='lat' dir='ltr'><strong>o</strong></span> <span class='ocrx_word' id='word_1_165' title='bbox 248 2247 293 2305; x_wconf 91' lang='lat' dir='ltr'><strong>est</strong></span> <span class='ocrx_word' id='word_1_166' title='bbox 304 2242 372 2319; x_wconf 90' lang='lat' dir='ltr'><strong>illis,</strong></span> <span class='ocrx_word' id='word_1_167' title='bbox 387 2261 423 2304; x_wconf 88' lang='lat' dir='ltr'><strong>ex</strong></span> <span class='ocrx_word' id='word_1_168' title='bbox 438 2261 504 2324; x_wconf 90' lang='lat' dir='ltr'><strong>cap.</strong></span> <span class='ocrx_word' id='word_1_169' title='bbox 521 2241 654 2319; x_wconf 76' lang='lat' dir='ltr'><strong>lacobus,</strong></span> <span class='ocrx_word' id='word_1_170' title='bbox 670 2241 704 2304; x_wconf 82' lang='lat' dir='ltr'><strong>de</strong></span> <span class='ocrx_word' id='word_1_171' title='bbox 716 2240 861 2314; x_wconf 85' lang='lat' dir='ltr'><strong>Simonid,</strong></span> <span class='ocrx_word' id='word_1_172' title='bbox 878 2247 907 2303; x_wconf 88' lang='lat' dir='ltr'><strong>et</strong></span> <span class='ocrx_word' id='word_1_173' title='bbox 921 2243 937 2303; x_wconf 77' lang='lat' dir='ltr'><strong>a</strong></span> <span class='ocrx_word' id='word_1_174' title='bbox 951 2239 1082 2302; x_wconf 80' lang='lat' dir='ltr'><strong>Trident.</strong></span> <span class='ocrx_word' id='word_1_175' title='bbox 1100 2259 1172 2304; x_wconf 88' lang='lat' dir='ltr'><strong>sess.</strong></span> 
     </span>
     <span class='ocr_line' id='line_1_24' title="bbox 208 2329 1175 2412; baseline 0.001 -21"><span class='ocrx_word' id='word_1_176' title='bbox 208 2354 223 2391; x_wconf 81' lang='lat' dir='ltr'><strong>n</strong></span> <span class='ocrx_word' id='word_1_177' title='bbox 248 2336 375 2401; x_wconf 61' lang='grc'><strong>1166.</strong></span> <span class='ocrx_word' id='word_1_178' title='bbox 388 2354 402 2390; x_wconf 83' lang='lat' dir='ltr'><strong>n</strong></span> <span class='ocrx_word' id='word_1_179' title='bbox 421 2333 451 2394; x_wconf 86' lang='lat' dir='ltr'><strong>S.</strong></span> <span class='ocrx_word' id='word_1_180' title='bbox 468 2331 602 2412; x_wconf 61' lang='lat' dir='ltr'><strong>biguor„</strong></span> <span class='ocrx_word' id='word_1_181' title='bbox 617 2331 669 2393; x_wconf 92' lang='lat' dir='ltr'><strong>lib.</strong></span> <span class='ocrx_word' id='word_1_182' title='bbox 686 2333 715 2401; x_wconf 85' lang='grc'><strong>3,</strong></span> <span class='ocrx_word' id='word_1_183' title='bbox 729 2342 763 2392; x_wconf 83' lang='lat' dir='ltr'><strong>n⁰</strong></span> <span class='ocrx_word' id='word_1_184' title='bbox 777 2334 826 2394; x_wconf 83' lang='grc'><strong>96.</strong></span> <span class='ocrx_word' id='word_1_185' title='bbox 842 2329 918 2392; x_wconf 89' lang='lat' dir='ltr'><strong>Vide</strong></span> <span class='ocrx_word' id='word_1_186' title='bbox 932 2329 1022 2392; x_wconf 74' lang='lat' dir='ltr'><strong>edam</strong></span> <span class='ocrx_word' id='word_1_187' title='bbox 1034 2330 1175 2392; x_wconf 86' lang='lat' dir='ltr'><strong>eumdem</strong></span> 
     </span>
     <span class='ocr_line' id='line_1_25' title="bbox 208 2419 1174 2496; baseline 0.001 -13"><span class='ocrx_word' id='word_1_188' title='bbox 208 2422 260 2483; x_wconf 92' lang='lat' dir='ltr'><strong>lib.</strong></span> <span class='ocrx_word' id='word_1_189' title='bbox 274 2426 303 2494; x_wconf 88' lang='grc'><strong>6,</strong></span> <span class='ocrx_word' id='word_1_190' title='bbox 313 2431 346 2483; x_wconf 82' lang='lat' dir='ltr'><strong>n⁰</strong></span> <span class='ocrx_word' id='word_1_191' title='bbox 359 2425 445 2496; x_wconf 88' lang='grc'><strong>1130;</strong></span> <span class='ocrx_word' id='word_1_192' title='bbox 458 2421 530 2482; x_wconf 76' lang='lat' dir='ltr'><strong>etl).</strong></span> <span class='ocrx_word' id='word_1_193' title='bbox 541 2421 684 2496; x_wconf 66' lang='lat' dir='ltr'><strong>Gabriele,</strong></span> <span class='ocrx_word' id='word_1_194' title='bbox 695 2419 729 2482; x_wconf 85' lang='lat' dir='ltr'><strong>de</strong></span> <span class='ocrx_word' id='word_1_195' title='bbox 744 2419 893 2496; x_wconf 67' lang='lat' dir='ltr'><strong>Matrini„</strong></span> <span class='ocrx_word' id='word_1_196' title='bbox 905 2421 1034 2482; x_wconf 67' lang='lat' dir='ltr'><strong>nlllb8.</strong></span> <span class='ocrx_word' id='word_1_197' title='bbox 1044 2421 1108 2482; x_wconf 87' lang='lat' dir='ltr'><strong>lmd</strong></span> <span class='ocrx_word' id='word_1_198' title='bbox 1118 2421 1174 2484; x_wconf 80' lang='lat' dir='ltr'><strong>ltu·</strong></span> 
     </span>
     <span class='ocr_line' id='line_1_26' title="bbox 206 2509 1174 2592; baseline 0.001 -19"><span class='ocrx_word' id='word_1_199' title='bbox 206 2511 337 2591; x_wconf 90' lang='lat' dir='ltr'><strong>jusmodi</strong></span> <span class='ocrx_word' id='word_1_200' title='bbox 356 2517 516 2592; x_wconf 90' lang='lat' dir='ltr'><strong>proventus</strong></span> <span class='ocrx_word' id='word_1_201' title='bbox 530 2527 586 2571; x_wconf 91' lang='lat' dir='ltr'><strong>neo</strong></span> <span class='ocrx_word' id='word_1_202' title='bbox 599 2511 689 2572; x_wconf 88' lang='lat' dir='ltr'><strong>etiam</strong></span> <span class='ocrx_word' id='word_1_203' title='bbox 704 2509 886 2592; x_wconf 85' lang='lat' dir='ltr'><strong>Cancellario</strong></span> <span class='ocrx_word' id='word_1_204' title='bbox 904 2527 959 2591; x_wconf 92' lang='lat' dir='ltr'><strong>pro</strong></span> <span class='ocrx_word' id='word_1_205' title='bbox 979 2509 1085 2572; x_wconf 88' lang='lat' dir='ltr'><strong>salario</strong></span> <span class='ocrx_word' id='word_1_206' title='bbox 1105 2515 1174 2574; x_wconf 88' lang='lat' dir='ltr'><strong>sunt</strong></span> 
     </span>
     <span class='ocr_line' id='line_1_27' title="bbox 208 2601 386 2682; baseline 0 -20"><span class='ocrx_word' id='word_1_207' title='bbox 208 2601 386 2682; x_wconf 82' lang='lat' dir='ltr'><strong>applicandi.</strong></span> 
     </span>
    </p>

    <p class='ocr_par' dir='ltr' id='par_1_4' title="bbox 207 2687 1174 3754">
     <span class='ocr_line' id='line_1_28' title="bbox 249 2687 1172 2764; baseline 0 -12"><span class='ocrx_word' id='word_1_208' title='bbox 249 2695 336 2753; x_wconf 74' lang='lat'>1058.</span> <span class='ocrx_word' id='word_1_209' title='bbox 348 2692 567 2754; x_wconf 85' lang='lat' dir='ltr'><strong>Dicunttnmen</strong></span> <span class='ocrx_word' id='word_1_210' title='bbox 578 2690 727 2753; x_wconf 82' lang='lat' dir='ltr'><strong>Analecta.</strong></span> <span class='ocrx_word' id='word_1_211' title='bbox 744 2709 813 2752; x_wconf 92' lang='lat' dir='ltr'><strong>nov.</strong></span> <span class='ocrx_word' id='word_1_212' title='bbox 827 2691 915 2764; x_wconf 83' lang='grc'><strong>1855,</strong></span> <span class='ocrx_word' id='word_1_213' title='bbox 931 2687 988 2750; x_wconf 85' lang='lat' dir='ltr'><strong>ool.</strong></span> <span class='ocrx_word' id='word_1_214' title='bbox 1006 2691 1092 2762; x_wconf 85' lang='grc'><strong>1811,</strong></span> <span class='ocrx_word' id='word_1_215' title='bbox 1103 2707 1172 2752; x_wconf 90' lang='lat' dir='ltr'><strong>cum</strong></span> 
     </span>
     <span class='ocr_line' id='line_1_29' title="bbox 207 2777 1174 2862; baseline 0 -20"><span class='ocrx_word' id='word_1_216' title='bbox 207 2780 235 2842; x_wconf 87' lang='lat' dir='ltr'><strong>J.</strong></span> <span class='ocrx_word' id='word_1_217' title='bbox 248 2779 408 2841; x_wconf 86' lang='lat' dir='ltr'><strong>Forravio:</strong></span> <span class='ocrx_word' id='word_1_218' title='bbox 429 2803 443 2838; x_wconf 81' lang='lat' dir='ltr'><strong>n</strong></span> <span class='ocrx_word' id='word_1_219' title='bbox 460 2781 609 2862; x_wconf 77' lang='lat' dir='ltr'><strong>Quelques</strong></span> <span class='ocrx_word' id='word_1_220' title='bbox 622 2781 759 2861; x_wconf 69' lang='lat' dir='ltr'><strong>Estques</strong></span> <span class='ocrx_word' id='word_1_221' title='bbox 771 2778 813 2840; x_wconf 91' lang='lat' dir='ltr'><strong>du</strong></span> <span class='ocrx_word' id='word_1_222' title='bbox 825 2777 957 2840; x_wconf 85' lang='lat' dir='ltr'><strong>Melabav</strong></span> <span class='ocrx_word' id='word_1_223' title='bbox 975 2777 1090 2840; x_wconf 87' lang='lat' dir='ltr'><strong>avaient</strong></span> <span class='ocrx_word' id='word_1_224' title='bbox 1112 2781 1174 2861; x_wconf 87' lang='lat' dir='ltr'><strong>pris</strong></span> 
     </span>
     <span class='ocr_line' id='line_1_30' title="bbox 208 2867 1173 2952; baseline 0.005 -24"><span class='ocrx_word' id='word_1_225' title='bbox 208 2889 224 2928; x_wconf 79' lang='lat' dir='ltr'><strong>o</strong></span> <span class='ocrx_word' id='word_1_226' title='bbox 248 2868 360 2948; x_wconf 78' lang='lat' dir='ltr'><strong>l’usage</strong></span> <span class='ocrx_word' id='word_1_227' title='bbox 369 2869 407 2931; x_wconf 92' lang='lat' dir='ltr'><strong>de</strong></span> <span class='ocrx_word' id='word_1_228' title='bbox 420 2869 492 2932; x_wconf 86' lang='lat' dir='ltr'><strong>taire</strong></span> <span class='ocrx_word' id='word_1_229' title='bbox 506 2889 598 2952; x_wconf 79' lang='lat' dir='ltr'><strong>payev</strong></span> <span class='ocrx_word' id='word_1_230' title='bbox 611 2870 654 2932; x_wconf 90' lang='lat' dir='ltr'><strong>les</strong></span> <span class='ocrx_word' id='word_1_231' title='bbox 662 2869 817 2950; x_wconf 86' lang='lat' dir='ltr'><strong>dispenses</strong></span> <span class='ocrx_word' id='word_1_232' title='bbox 826 2867 1080 2945; x_wconf 74' lang='lat' dir='ltr'><strong>matrimoniales,</strong></span> <span class='ocrx_word' id='word_1_233' title='bbox 1094 2876 1125 2932; x_wconf 90' lang='lat' dir='ltr'><strong>et</strong></span> <span class='ocrx_word' id='word_1_234' title='bbox 1136 2870 1173 2933; x_wconf 91' lang='lat' dir='ltr'><strong>ils</strong></span> 
     </span>
     <span class='ocr_line' id='line_1_31' title="bbox 208 2955 1173 3040; baseline 0.007 -25"><span class='ocrx_word' id='word_1_235' title='bbox 208 2977 222 3015; x_wconf 81' lang='lat' dir='ltr'><strong>n</strong></span> <span class='ocrx_word' id='word_1_236' title='bbox 250 2955 415 3018; x_wconf 90' lang='lat' dir='ltr'><strong>donnaient</strong></span> <span class='ocrx_word' id='word_1_237' title='bbox 423 2965 470 3020; x_wconf 90' lang='lat' dir='ltr'><strong>oet</strong></span> <span class='ocrx_word' id='word_1_238' title='bbox 479 2966 584 3039; x_wconf 81' lang='lat' dir='ltr'><strong>argent</strong></span> <span class='ocrx_word' id='word_1_239' title='bbox 593 2977 650 3021; x_wconf 89' lang='lat' dir='ltr'><strong>aux</strong></span> <span class='ocrx_word' id='word_1_240' title='bbox 664 2976 789 3040; x_wconf 87' lang='lat' dir='ltr'><strong>pauvres</strong></span> <span class='ocrx_word' id='word_1_241' title='bbox 799 3006 807 3035; x_wconf 85' lang='lat'>,</span> <span class='ocrx_word' id='word_1_242' title='bbox 818 2975 857 3019; x_wconf 93' lang='lat' dir='ltr'><strong>ou</strong></span> <span class='ocrx_word' id='word_1_243' title='bbox 872 2956 1173 3040; x_wconf 86' lang='lat' dir='ltr'><strong>s’enservaientpour</strong></span> 
     </span>
     <span class='ocr_line' id='line_1_32' title="bbox 208 3045 1173 3130; baseline 0.008 -26"><span class='ocrx_word' id='word_1_244' title='bbox 208 3068 222 3104; x_wconf 78' lang='lat' dir='ltr'><strong>s</strong></span> <span class='ocrx_word' id='word_1_245' title='bbox 248 3045 290 3107; x_wconf 89' lang='lat' dir='ltr'><strong>les</strong></span> <span class='ocrx_word' id='word_1_246' title='bbox 301 3045 420 3108; x_wconf 87' lang='lat' dir='ltr'><strong>besoins</strong></span> <span class='ocrx_word' id='word_1_247' title='bbox 434 3047 471 3109; x_wconf 92' lang='lat' dir='ltr'><strong>de</strong></span> <span class='ocrx_word' id='word_1_248' title='bbox 486 3047 616 3130; x_wconf 81' lang='lat' dir='ltr'><strong>l&#39;Eglise.</strong></span> <span class='ocrx_word' id='word_1_249' title='bbox 633 3050 673 3108; x_wconf 85' lang='lat' dir='ltr'><strong>ba</strong></span> <span class='ocrx_word' id='word_1_250' title='bbox 687 3049 718 3110; x_wconf 89' lang='lat' dir='ltr'><strong>S.</strong></span> <span class='ocrx_word' id='word_1_251' title='bbox 734 3048 828 3124; x_wconf 72' lang='lat' dir='ltr'><strong>Cong.</strong></span> <span class='ocrx_word' id='word_1_252' title='bbox 843 3045 886 3107; x_wconf 95' lang='lat' dir='ltr'><strong>du</strong></span> <span class='ocrx_word' id='word_1_253' title='bbox 900 3047 931 3108; x_wconf 91' lang='lat' dir='ltr'><strong>S.</strong></span> <span class='ocrx_word' id='word_1_254' title='bbox 947 3045 1112 3110; x_wconf 84' lang='lat' dir='ltr'><strong>Ollioeleur</strong></span> <span class='ocrx_word' id='word_1_255' title='bbox 1122 3049 1173 3112; x_wconf 77' lang='lat' dir='ltr'><strong>dd·</strong></span> 
     </span>
     <span class='ocr_line' id='line_1_33' title="bbox 208 3133 1172 3218; baseline 0.008 -24"><span class='ocrx_word' id='word_1_256' title='bbox 208 3156 222 3194; x_wconf 77' lang='lat' dir='ltr'><strong>a</strong></span> <span class='ocrx_word' id='word_1_257' title='bbox 247 3133 342 3196; x_wconf 86' lang='lat' dir='ltr'><strong>lendit</strong></span> <span class='ocrx_word' id='word_1_258' title='bbox 352 3137 416 3198; x_wconf 84' lang='lat' dir='ltr'><strong>cela</strong></span> <span class='ocrx_word' id='word_1_259' title='bbox 425 3155 478 3218; x_wconf 87' lang='lat' dir='ltr'><strong>par</strong></span> <span class='ocrx_word' id='word_1_260' title='bbox 487 3136 634 3199; x_wconf 73' lang='lat' dir='ltr'><strong>decretdu</strong></span> <span class='ocrx_word' id='word_1_261' title='bbox 644 3141 663 3199; x_wconf 88' lang='lat'><strong>6</strong></span> <span class='ocrx_word' id='word_1_262' title='bbox 675 3136 746 3199; x_wconf 88' lang='lat' dir='ltr'><strong>avril</strong></span> <span class='ocrx_word' id='word_1_263' title='bbox 759 3140 835 3199; x_wconf 86' lang='grc'><strong>1669</strong></span> <span class='ocrx_word' id='word_1_264' title='bbox 845 3155 853 3196; x_wconf 93' lang='lat'><strong>:</strong></span> <span class='ocrx_word' id='word_1_265' title='bbox 865 3137 941 3197; x_wconf 87' lang='lat' dir='ltr'><strong>Gbm</strong></span> <span class='ocrx_word' id='word_1_266' title='bbox 951 3135 1070 3198; x_wconf 92' lang='lat' dir='ltr'><strong>solitum</strong></span> <span class='ocrx_word' id='word_1_267' title='bbox 1084 3137 1172 3202; x_wconf 89' lang='lat' dir='ltr'><strong>luerit</strong></span> 
     </span>
     <span class='ocr_line' id='line_1_34' title="bbox 208 3224 1171 3308; baseline 0.01 -26"><span class='ocrx_word' id='word_1_268' title='bbox 208 3246 222 3282; x_wconf 83' lang='lat' dir='ltr'><strong>n</strong></span> <span class='ocrx_word' id='word_1_269' title='bbox 248 3230 281 3285; x_wconf 90' lang='lat' dir='ltr'><strong>ut</strong></span> <span class='ocrx_word' id='word_1_270' title='bbox 294 3224 431 3307; x_wconf 85' lang='lat' dir='ltr'><strong>Episcopi</strong></span> <span class='ocrx_word' id='word_1_271' title='bbox 443 3273 450 3300; x_wconf 85' lang='lat'><strong>‚</strong></span> <span class='ocrx_word' id='word_1_272' title='bbox 461 3231 531 3300; x_wconf 83' lang='lat' dir='ltr'><strong>etc,</strong></span> <span class='ocrx_word' id='word_1_273' title='bbox 548 3228 579 3288; x_wconf 92' lang='lat' dir='ltr'><strong>in</strong></span> <span class='ocrx_word' id='word_1_274' title='bbox 592 3225 807 3289; x_wconf 88' lang='lat' dir='ltr'><strong>visitationibus</strong></span> <span class='ocrx_word' id='word_1_275' title='bbox 820 3243 895 3306; x_wconf 85' lang='lat' dir='ltr'><strong>quas</strong></span> <span class='ocrx_word' id='word_1_276' title='bbox 906 3224 1069 3298; x_wconf 86' lang='lat' dir='ltr'><strong>faciebant,</strong></span> <span class='ocrx_word' id='word_1_277' title='bbox 1080 3246 1171 3308; x_wconf 86' lang='lat' dir='ltr'><strong>pecu-</strong></span> 
     </span>
     <span class='ocr_line' id='line_1_35' title="bbox 208 3313 1171 3396; baseline 0.01 -24"><span class='ocrx_word' id='word_1_278' title='bbox 208 3336 222 3372; x_wconf 80' lang='lat'>»</span> <span class='ocrx_word' id='word_1_279' title='bbox 248 3314 313 3376; x_wconf 90' lang='lat' dir='ltr'><strong>nias</strong></span> <span class='ocrx_word' id='word_1_280' title='bbox 336 3313 538 3376; x_wconf 84' lang='lat' dir='ltr'><strong>adscriberent</strong></span> <span class='ocrx_word' id='word_1_281' title='bbox 551 3334 606 3396; x_wconf 89' lang='lat' dir='ltr'><strong>pro</strong></span> <span class='ocrx_word' id='word_1_282' title='bbox 626 3314 897 3396; x_wconf 89' lang='lat' dir='ltr'><strong>dispensationibus</strong></span> <span class='ocrx_word' id='word_1_283' title='bbox 925 3333 1000 3396; x_wconf 87' lang='lat' dir='ltr'><strong>quas</strong></span> <span class='ocrx_word' id='word_1_284' title='bbox 1025 3317 1171 3382; x_wconf 87' lang='lat' dir='ltr'><strong>concede·</strong></span> 
     </span>
     <span class='ocr_line' id='line_1_36' title="bbox 209 3402 1170 3488; baseline 0.012 -28"><span class='ocrx_word' id='word_1_285' title='bbox 209 3425 223 3460; x_wconf 81' lang='lat' dir='ltr'><strong>n</strong></span> <span class='ocrx_word' id='word_1_286' title='bbox 246 3402 355 3465; x_wconf 85' lang='lat' dir='ltr'><strong>bant...</strong></span> <span class='ocrx_word' id='word_1_287' title='bbox 366 3421 441 3484; x_wconf 82' lang='lat' dir='ltr'><strong>quas</strong></span> <span class='ocrx_word' id='word_1_288' title='bbox 450 3403 592 3484; x_wconf 86' lang='lat' dir='ltr'><strong>pecunias</strong></span> <span class='ocrx_word' id='word_1_289' title='bbox 601 3403 772 3465; x_wconf 88' lang='lat' dir='ltr'><strong>asserebant</strong></span> <span class='ocrx_word' id='word_1_290' title='bbox 786 3422 817 3466; x_wconf 91' lang='lat' dir='ltr'><strong>se</strong></span> <span class='ocrx_word' id='word_1_291' title='bbox 831 3403 980 3486; x_wconf 83' lang='lat' dir='ltr'><strong>applicare</strong></span> <span class='ocrx_word' id='word_1_292' title='bbox 991 3407 1170 3488; x_wconf 83' lang='lat' dir='ltr'><strong>pauperibus</strong></span> 
     </span>
     <span class='ocr_line' id='line_1_37' title="bbox 208 3492 1169 3575; baseline 0.012 -26"><span class='ocrx_word' id='word_1_293' title='bbox 208 3512 222 3549; x_wconf 77' lang='lat' dir='ltr'><strong>a</strong></span> <span class='ocrx_word' id='word_1_294' title='bbox 246 3497 275 3551; x_wconf 88' lang='lat' dir='ltr'><strong>et</strong></span> <span class='ocrx_word' id='word_1_295' title='bbox 289 3493 428 3554; x_wconf 88' lang='lat' dir='ltr'><strong>Ecclesiae</strong></span> <span class='ocrx_word' id='word_1_296' title='bbox 440 3492 544 3554; x_wconf 90' lang='lat' dir='ltr'><strong>usibus</strong></span> <span class='ocrx_word' id='word_1_297' title='bbox 558 3510 567 3553; x_wconf 77' lang='lat' dir='ltr'><strong><em>z</em></strong></span> <span class='ocrx_word' id='word_1_298' title='bbox 586 3493 729 3572; x_wconf 87' lang='lat' dir='ltr'><strong>quaeritur</strong></span> <span class='ocrx_word' id='word_1_299' title='bbox 742 3511 781 3554; x_wconf 91' lang='lat' dir='ltr'><strong>an</strong></span> <span class='ocrx_word' id='word_1_300' title='bbox 795 3492 875 3554; x_wconf 91' lang='lat' dir='ltr'><strong>idem</strong></span> <span class='ocrx_word' id='word_1_301' title='bbox 889 3493 1119 3575; x_wconf 87' lang='lat' dir='ltr'><strong>permittendum</strong></span> <span class='ocrx_word' id='word_1_302' title='bbox 1131 3499 1169 3561; x_wconf 90' lang='lat' dir='ltr'><strong>sit</strong></span> 
     </span>
     <span class='ocr_line' id='line_1_38' title="bbox 208 3580 1168 3666; baseline 0.008 -30"><span class='ocrx_word' id='word_1_303' title='bbox 208 3599 222 3636; x_wconf 81' lang='lat' dir='ltr'><strong>a</strong></span> <span class='ocrx_word' id='word_1_304' title='bbox 248 3597 325 3641; x_wconf 92' lang='lat' dir='ltr'><strong>novo</strong></span> <span class='ocrx_word' id='word_1_305' title='bbox 339 3580 512 3662; x_wconf 83' lang='lat' dir='ltr'><strong>Episcopo?</strong></span> <span class='ocrx_word' id='word_1_306' title='bbox 527 3581 557 3641; x_wconf 90' lang='lat' dir='ltr'><strong>S.</strong></span> <span class='ocrx_word' id='word_1_307' title='bbox 580 3581 688 3660; x_wconf 73' lang='lat' dir='ltr'><strong>Congo.</strong></span> <span class='ocrx_word' id='word_1_308' title='bbox 707 3581 860 3663; x_wconf 89' lang='lat' dir='ltr'><strong>respondit</strong></span> <span class='ocrx_word' id='word_1_309' title='bbox 871 3581 948 3664; x_wconf 73' lang='lat' dir='ltr'><strong>qnid</strong></span> <span class='ocrx_word' id='word_1_310' title='bbox 957 3601 1013 3664; x_wconf 82' lang='lat' dir='ltr'><strong>pro</strong></span> <span class='ocrx_word' id='word_1_311' title='bbox 1028 3582 1168 3666; x_wconf 81' lang='lat' dir='ltr'><strong>dispensa-</strong></span> 
     </span>
     <span class='ocr_line' id='line_1_39' title="bbox 208 3667 1167 3754; baseline 0.017 -32"><span class='ocrx_word' id='word_1_312' title='bbox 208 3686 223 3722; x_wconf 79' lang='lat' dir='ltr'><strong>s</strong></span> <span class='ocrx_word' id='word_1_313' title='bbox 248 3667 374 3730; x_wconf 79' lang='lat' dir='ltr'><strong>tionibus</strong></span> <span class='ocrx_word' id='word_1_314' title='bbox 391 3668 674 3737; x_wconf 82' lang='lat' dir='ltr'><strong>matrimonialibus,</strong></span> <span class='ocrx_word' id='word_1_315' title='bbox 693 3688 749 3730; x_wconf 84' lang='lat' dir='ltr'><strong>noo</strong></span> <span class='ocrx_word' id='word_1_316' title='bbox 763 3669 876 3748; x_wconf 82' lang='lat' dir='ltr'><strong>possint</strong></span> <span class='ocrx_word' id='word_1_317' title='bbox 888 3671 981 3754; x_wconf 83' lang='lat' dir='ltr'><strong>recipi</strong></span> <span class='ocrx_word' id='word_1_318' title='bbox 995 3690 1006 3730; x_wconf 92' lang='grc'><strong>.·</strong></span> <span class='ocrx_word' id='word_1_319' title='bbox 1019 3689 1080 3754; x_wconf 89' lang='lat' dir='ltr'><strong>quo</strong></span> <span class='ocrx_word' id='word_1_320' title='bbox 1098 3677 1167 3738; x_wconf 71' lang='lat' dir='ltr'><strong>vead</strong></span> 
     </span>
    </p>
   </div>
   <div class='ocr_carea' id='block_1_3' title="bbox 0 0 1278 3992">
    <p class='ocr_par' dir='ltr' id='par_1_5' title="bbox 0 0 1278 3992">
     <span class='ocr_line' id='line_1_40' title="bbox 0 0 1278 3992; baseline 0 0"><span class='ocrx_word' id='word_1_321' title='bbox 0 0 1278 3992; x_wconf 95' lang='lat' dir='ltr'><strong> </strong></span> 
     </span>
    </p>
   </div>
  </div>
 </body>
</html>
