2574 3994
188 185 245 248 toa
413 189 552 236 caucana
572 190 673 240 sonus
692 193 775 242 ranis
796 193 946 242 canonici.

187 291 1161 375 eonttsenndictouravi:aApostolosauctoritatedeotaramus...

186 405 206 442 a
227 381 516 444 administrationem
540 382 636 462 ipsam
661 400 678 445 a
699 381 780 445 dicto
804 384 952 446 cardinali
976 403 1013 448 ex
1037 385 1163 468 Capituli

187 495 202 535 a
226 471 418 554 deputatione
441 479 624 552 assumptam
645 469 736 534 luisse
758 479 788 534 et
807 491 873 537 asse
890 481 995 538 contra
1013 475 1164 538 sanctissi-

188 583 203 622 a
228 580 292 624 mas
307 559 448 623 Ecclesiae
469 559 550 642 leges
573 561 699 642 ejusque
718 561 870 644 rigentem
892 561 1082 646 disciplinam
1104 583 1164 629 :ac

188 673 203 710 a
228 649 355 732 proinde
380 647 492 712 nullom
518 649 544 712 ei
564 647 735 712 facultatem
757 652 789 714 in
812 651 1056 734 quibuscumque
1075 654 1164 734 spiri·
1280 715 1281 720 ,

188 761 204 799 a
226 739 358 804 tualibus
372 737 513 802 Ecclesiae
526 738 702 802 parisiensis
716 747 907 823 competere,
922 747 974 804 aut
988 759 1042 823 per
1063 740 1165 822 huius·

189 851 204 889 r
230 827 310 890 modi
333 825 557 913 deputationcm
587 845 640 890 sou
661 827 839 892 electionem
865 829 1007 891 tributam
1029 829 1162 892 luisse.»

190 916 276 982 Unde
283 918 367 996 Juxta
377 913 554 978 Pontificem
567 914 741 995 hujusmodi
751 925 817 980 acta
831 935 954 999 prorsus
965 925 1053 980 erant
1063 917 1164 990 nulla3

190 1005 256 1069 sind
274 1004 355 1068 euim
377 1005 489 1066 danico
514 1009 544 1066 et
565 1023 678 1086 magno
699 1003 837 1068 Ecclesiae
858 1007 993 1089 periculo
1015 1025 1063 1069 res
1081 1005 1167 1072 aliter

191 1094 319 1158 asseris
339 1093 507 1156 canonibus
527 1093 673 1156 ordinatae
692 1094 842 1158 luissent:
871 1117 887 1156 a
907 1096 1045 1173 Etenim,
1069 1097 1164 1178 inquit

190 1206 206 1246 a
231 1187 267 1245 D.
293 1184 388 1246 Bouix
406 1183 464 1262 (ne
478 1179 645 1266 Episcopo,
663 1190 685 1244 t.
703 1187 732 1262 l,
753 1205 783 1266 p.
800 1187 889 1263 269),
906 1185 1023 1266 quoties
1044 1186 1074 1248 S.
1091 1188 1167 1250 Pon·

191 1296 206 1334 s
230 1273 303 1336 tilex
334 1273 545 1336 nominatost
573 1291 644 1354 rege
677 1279 822 1354 tanquam
845 1273 988 1354 indignos
1008 1275 1165 1354 rejecerit,

191 1386 207 1426 a
232 1369 332 1447 posset
351 1381 403 1426 rex
422 1363 565 1444 eosdem,
586 1362 677 1424 invita
698 1361 776 1424 Sede
797 1363 987 1444 Apostolictt,
1005 1362 1168 1428 dioeceseos

191 1475 207 1514 r
232 1451 372 1534 regimini
391 1451 583 1534 praeticere...
603 1454 707 1512 Posset
730 1451 900 1533 Capitulum
923 1451 1028 1514 illos...
1051 1453 1068 1515 a
1088 1454 1167 1535 Papd

192 1565 207 1602 a
232 1544 376 1622 rejectos,
391 1541 424 1602 in
437 1541 571 1604 vicarios
581 1539 765 1622 Capitulares
773 1539 928 1622 deputare.
940 1563 955 1601 a
969 1541 1063 1605 Porrd
1077 1559 1167 1606 nemo

195 1649 255 1694 non
270 1629 348 1693 ridet
363 1637 475 1712 quanta
489 1630 567 1692 mala
581 1628 690 1692 exinde
705 1637 804 1692 essent
818 1631 930 1694 oritura
940 1631 962 1692 ¹.

233 1723 302 1783 382.
324 1719 445 1792 Quaerit.
466 1723 497 1781 4·
523 1720 629 1782 Utrum
650 1719 796 1782 institutio
814 1719 961 1783 canonica
981 1720 1092 1803 scripto
1114 1740 1168 1786 au·

199 1807 332 1872 theutico
345 1808 516 1890 consignari
532 1805 648 1870 debeat.

233 1901 324 1980 Resp.
340 1897 394 1960 Vel
404 1897 442 1960 de
456 1897 491 1959 iis
499 1897 596 1978 agitur
605 1898 658 1980 qui
669 1897 843 1960 instituendi
856 1899 954 1961 sunta
966 1899 999 1961 S.
1008 1895 1165 1978 Pontidoe,

194 1988 291 2051 uelde
307 1989 342 2050 iis
363 1989 415 2070 qui
437 1987 474 2050 ab
493 1983 646 2069 Episcopia
669 1986 884 2050 instituuntur:
903 1987 935 2049 in
955 1987 1055 2068 primo
1077 2005 1167 2066 casn,

196 2078 340 2140 institutio
354 2077 525 2157 consignari
549 2074 637 2138 debet
657 2076 688 2138 in
709 2078 820 2158 scripto
833 2094 887 2139 seu
902 2075 1103 2138 instrumento
1114 2095 1161 2139 au·

195 2167 327 2229 tlrentico
340 2173 369 2229 ct
385 2165 485 2228 debita
501 2163 597 2228 forma
613 2163 750 2228 contecto
771 2163 853 2228 :hoc
871 2165 1014 2248 probatur
1035 2165 1166 2228 Ecetrae.

197 2256 359 2328 Communi,
376 2255 524 2336 Injnnetce
535 2258 564 2330 l,
576 2254 620 2316 lle
629 2253 791 2324 Electione,
805 2271 876 2318 moa
885 2253 1053 2333 relerendt3
1065 2253 1169 2335 hujus-

197 2345 276 2408 modi
292 2345 397 2407 litterae
408 2348 554 2406 vocantur
573 2342 763 2404 provisiones.

236 2439 304 2497 383.
328 2437 360 2496 In
376 2431 509 2494 secundo
523 2448 606 2506 casu,
622 2430 724 2492 ltevoti
738 2429 800 2509 (lib.
817 2434 846 2506 l,
858 2431 903 2494 tit.
915 2435 945 2506 5,
956 2437 1029 2496 sect.
1041 2437 1071 2502 t,
1085 2433 1167 2514 ffidt

197 2532 226 2586 et
239 2526 306 2604 to),
324 2522 452 2585 affirmat
468 2519 651 2600 provisiones
665 2518 774 2581 debere
788 2537 854 2581 esse
875 2521 999 2602 scriptas
1012 2529 1042 2584 et
1061 2523 1168 2584 acan·

197 2613 317 2676 cellario
336 2609 497 2692 episcopali
524 2607 715 2689 obsignatas,
737 2614 767 2670 et
789 2607 848 2671 lroo
868 2609 972 2671 saltem
993 2617 1038 2672 est
1059 2629 1169 2673 conven

199 2699 441 2775 niantissimum3
464 2695 629 2760 Cardinalis
655 2698 725 2759 rerd
748 2697 848 2778 Soglia
869 2697 954 2772 (last.
972 2698 1041 2779 jur.
1063 2700 1167 2782 prio,

197 2791 288 2870 §td-i),
303 2787 374 2850 dicit
384 2788 441 2848 hoc
450 2805 514 2848 esse
529 2785 749 2861 necessarium,
761 2786 786 2848 si
800 2805 861 2848 non
875 2789 955 2849 certa
970 2787 1036 2870 lege
1046 2836 1052 2866 ,
1064 2789 1168 2852 saltem

198 2875 427 2942 consuetudine.
457 2879 597 2936 Attamen
627 2875 711 2952 Juxta
738 2875 775 2934 D.
805 2875 900 2937 Bouix
927 2875 986 2956 (De
1012 2877 1166 2956 Purocdo,
1280 2939 1281 2942 ,

199 2962 1164 3050 p.3tlti):uAdvaloremlastitutr'onisnonrequirituracriptura3a
1280 2977 1281 2998 ¹

199 3066 227 3120 et
242 3059 275 3122 D.
295 3057 437 3136 Lequeux
449 3059 497 3132 (n⁰
511 3055 573 3130 83),
589 3051 693 3114 asserit
709 3051 886 3114 l’roairionea
900 3051 931 3114 in
945 3051 1043 3116 forma
1057 3056 1167 3137 requiri
1280 3037 1281 3110 ξ

199 3143 363 3211 tantumad
377 3141 901 3224 ellectnsciviles,nampeutpensio
915 3143 1046 3206 solvatur
1070 3189 1080 3217 ,
1097 3153 1166 3223 etc,

225 3293 232 3316 ⁸
249 3285 344 3335 (insistit
366 3285 490 3334 Romanas
501 3279 616 3340 Pontifex
629 3279 690 3330 l8l3
703 3293 802 3341 prorsus
815 3278 908 3340 abolet,
921 3282 995 3332 etiarn
1008 3282 1033 3333 in
1051 3283 1162 3350 regioni-

194 3355 239 3406 ltus
255 3357 404 3420 longinquus.
421 3367 492 3403 usum
515 3367 564 3416 quo
585 3351 725 3414 Capitulum
737 3349 889 3404 cathedralis
906 3353 1017 3404 ecclesias
1039 3363 1165 3422 sanantis,

195 3429 334 3492 obsequens
347 3425 483 3474 invitationi
494 3435 535 3472 reu
547 3425 670 3479 raiandato,
682 3423 739 3472 licet
747 3423 829 3472 verbis
845 3425 1020 3487 deprecatoriis
1031 3437 1164 3492 consepto,

195 3513 315 3562 supremae
326 3498 404 3547 civilis
418 3501 555 3558 potcstatis,
569 3493 683 3542 transfert
698 3493 723 3542 in
736 3493 889 3546 contimtum
901 3497 932 3544 ad
946 3498 1088 3562 ecclesiam,
1098 3516 1162 3568 qno.

90 3621 94 3623 ,
197 3583 302 3635 cumque
315 3567 388 3618 modo
399 3569 494 3615 electus
506 3565 587 3622 luerit,
600 3563 709 3626 ejusdem
723 3563 960 3615 administrationem
971 3569 1018 3618 sub
1030 3571 1113 3624 sicarii
1122 3577 1165 3624 aut

195 3637 245 3690 'atio
261 3637 370 3698 nomina,
385 3642 441 3686 ante
453 3633 629 3714 exhibitionem
641 3631 788 3686 litterarum
804 3631 1015 3702 dppstoticarum.
