<?xml version="1.0" encoding="UTF-8"?>
<!DOCTYPE html PUBLIC "-//W3C//DTD XHTML 1.0 Transitional//EN"
    "http://www.w3.org/TR/xhtml1/DTD/xhtml1-transitional.dtd">
<html xmlns="http://www.w3.org/1999/xhtml" xml:lang="en" lang="en">
 <head>
  <title>
</title>
<meta http-equiv="Content-Type" content="text/html;charset=utf-8" />
  <meta name='ocr-system' content='tesseract 3.04.00' />
  <meta name='ocr-capabilities' content='ocr_page ocr_carea ocr_par ocr_line ocrx_word'/>
</head>
<body>
  <div class='ocr_page' id='page_1' title='image "./manualetotiusju03craigoog_0247.png"; bbox 0 0 2574 3994; ppageno 0'>
   <div class='ocr_carea' id='block_1_1' title="bbox 5 189 925 281">
    <p class='ocr_par' dir='ltr' id='par_1_1' title="bbox 5 189 925 281">
     <span class='ocr_line' id='line_1_1' title="bbox 5 189 925 281; baseline -0.011 -23"><span class='ocrx_word' id='word_1_1' title='bbox 5 272 8 281; x_wconf 82' lang='lat'>.</span> <span class='ocrx_word' id='word_1_2' title='bbox 79 251 80 254; x_wconf 72' lang='grc'>,</span> <span class='ocrx_word' id='word_1_3' title='bbox 169 189 230 254; x_wconf 73' lang='lat' dir='ltr'>m</span> <span class='ocrx_word' id='word_1_4' title='bbox 391 207 530 255; x_wconf 75' lang='lat' dir='ltr'>urunmn</span> <span class='ocrx_word' id='word_1_5' title='bbox 550 207 652 254; x_wconf 86' lang='lat' dir='ltr'>rorrus</span> <span class='ocrx_word' id='word_1_6' title='bbox 676 209 758 252; x_wconf 82' lang='lat' dir='ltr'>runis</span> <span class='ocrx_word' id='word_1_7' title='bbox 779 206 925 251; x_wconf 82' lang='lat' dir='ltr'>canonici.</span> 
     </span>
    </p>
   </div>
   <div class='ocr_carea' id='block_1_2' title="bbox 170 301 1152 454">
    <p class='ocr_par' dir='ltr' id='par_1_2' title="bbox 4 278 1152 468">
     <span class='ocr_line' id='line_1_2' title="bbox 170 301 1152 454; baseline 0.009 -94.554"><span class='ocrx_word' id='word_1_8' title='bbox 170 323 186 362; x_wconf 80' lang='lat' dir='ltr'>r</span> <span class='ocrx_word' id='word_1_9' title='bbox 211 302 441 454; x_wconf 34' lang='lat' dir='ltr'>rapiant-unde</span> <span class='ocrx_word' id='word_1_10' title='bbox 466 310 533 366; x_wconf 88' lang='lat' dir='ltr'>orta</span> <span class='ocrx_word' id='word_1_11' title='bbox 556 301 708 366; x_wconf 87' lang='lat' dir='ltr'>distinctio</span> <span class='ocrx_word' id='word_1_12' title='bbox 731 304 809 366; x_wconf 88' lang='lat' dir='ltr'>inter</span> <span class='ocrx_word' id='word_1_13' title='bbox 832 319 954 366; x_wconf 81' lang='lat' dir='ltr'>memes</span> <span class='ocrx_word' id='word_1_14' title='bbox 977 303 1100 386; x_wconf 82' lang='lat' dir='ltr'>papales</span> <span class='ocrx_word' id='word_1_15' title='bbox 1120 307 1152 368; x_wconf 83' lang='lat' dir='ltr'>st</span> 
     </span>
     <span class='ocr_line' id='line_1_3' title="bbox 174 409 395 454; baseline 0.01 -4.278"><span class='ocrx_word' id='word_1_16' title='bbox 174 409 234 454; x_wconf 79' lang='lat' dir='ltr'>ro</span> <span class='ocrx_word' id='word_1_17' title='bbox 272 409 395 454; x_wconf 88' lang='lat' dir='ltr'>manos.</span> 
     </span>
    </p>
   </div>
   <div class='ocr_carea' id='block_1_3' title="bbox 217 479 1151 562">
    <p class='ocr_par' dir='ltr' id='par_1_3' title="bbox 217 479 1151 562">
     <span class='ocr_line' id='line_1_4' title="bbox 217 479 1151 562; baseline 0 -18"><span class='ocrx_word' id='word_1_18' title='bbox 217 485 289 546; x_wconf 85' lang='lat' dir='ltr'>l50.</span> <span class='ocrx_word' id='word_1_19' title='bbox 311 503 327 540; x_wconf 82' lang='lat' dir='ltr'>r</span> <span class='ocrx_word' id='word_1_20' title='bbox 350 483 418 543; x_wconf 88' lang='lat' dir='ltr'>Jam</span> <span class='ocrx_word' id='word_1_21' title='bbox 432 480 503 542; x_wconf 87' lang='lat' dir='ltr'>verb</span> <span class='ocrx_word' id='word_1_22' title='bbox 512 481 730 544; x_wconf 81' lang='lat' dir='ltr'>reservationes</span> <span class='ocrx_word' id='word_1_23' title='bbox 742 480 838 543; x_wconf 81' lang='lat' dir='ltr'><strong>reales</strong></span> <span class='ocrx_word' id='word_1_24' title='bbox 850 485 881 544; x_wconf 89' lang='lat' dir='ltr'>et</span> <span class='ocrx_word' id='word_1_25' title='bbox 893 479 1070 562; x_wconf 82' lang='lat' dir='ltr'>personales</span> <span class='ocrx_word' id='word_1_26' title='bbox 1083 499 1151 561; x_wconf 82' lang='lat' dir='ltr'>quaa</span> 
     </span>
    </p>
   </div>
   <div class='ocr_carea' id='block_1_4' title="bbox 4 555 1149 650">
    <p class='ocr_par' dir='ltr' id='par_1_4' title="bbox 4 555 1149 656">
     <span class='ocr_line' id='line_1_5' title="bbox 4 555 1149 650; baseline -0.007 -12"><span class='ocrx_word' id='word_1_27' title='bbox 4 559 48 646; x_wconf 46' lang='lat' dir='ltr'>aff*</span> <span class='ocrx_word' id='word_1_28' title='bbox 105 555 107 560; x_wconf 41' lang='grc'>’</span> <span class='ocrx_word' id='word_1_29' title='bbox 174 599 188 636; x_wconf 87' lang='lat' dir='ltr'>r</span> <span class='ocrx_word' id='word_1_30' title='bbox 215 571 361 636; x_wconf 89' lang='lat' dir='ltr'>nimirum</span> <span class='ocrx_word' id='word_1_31' title='bbox 376 577 428 631; x_wconf 89' lang='lat' dir='ltr'>aut</span> <span class='ocrx_word' id='word_1_32' title='bbox 440 569 556 631; x_wconf 86' lang='lat' dir='ltr'>ratione</span> <span class='ocrx_word' id='word_1_33' title='bbox 577 570 728 650; x_wconf 88' lang='lat' dir='ltr'>qualitatis</span> <span class='ocrx_word' id='word_1_34' title='bbox 747 576 800 631; x_wconf 88' lang='lat' dir='ltr'>aut</span> <span class='ocrx_word' id='word_1_35' title='bbox 821 570 936 631; x_wconf 90' lang='lat' dir='ltr'>ratione</span> <span class='ocrx_word' id='word_1_36' title='bbox 951 587 1149 650; x_wconf 86' lang='lat' dir='ltr'>personamm</span> 
     </span>
    </p>
   </div>
   <div class='ocr_carea' id='block_1_5' title="bbox 175 649 1151 724">
    <p class='ocr_par' dir='ltr' id='par_1_5' title="bbox 175 649 1151 724">
     <span class='ocr_line' id='line_1_6' title="bbox 175 649 1151 724; baseline 0 -2"><span class='ocrx_word' id='word_1_37' title='bbox 175 687 189 722; x_wconf 78' lang='lat' dir='ltr'>n</span> <span class='ocrx_word' id='word_1_38' title='bbox 215 661 346 724; x_wconf 83' lang='lat' dir='ltr'>inductae</span> <span class='ocrx_word' id='word_1_39' title='bbox 369 665 440 720; x_wconf 91' lang='lat' dir='ltr'>sunt</span> <span class='ocrx_word' id='word_1_40' title='bbox 444 703 502 719; x_wconf 93' lang='grc'>.....</span> <span class='ocrx_word' id='word_1_41' title='bbox 524 649 741 720; x_wconf 80' lang='lat' dir='ltr'>reservationes</span> <span class='ocrx_word' id='word_1_42' title='bbox 769 659 859 720; x_wconf 87' lang='lat' dir='ltr'>etiam</span> <span class='ocrx_word' id='word_1_43' title='bbox 883 657 1013 720; x_wconf 68' lang='lat' dir='ltr'>inductas</span> <span class='ocrx_word' id='word_1_44' title='bbox 1036 661 1151 722; x_wconf 89' lang='lat' dir='ltr'>ratione</span> 
     </span>
    </p>
   </div>
   <div class='ocr_carea' id='block_1_6' title="bbox 6 746 1152 864">
    <p class='ocr_par' dir='ltr' id='par_1_6' title="bbox 4 717 1152 864">
     <span class='ocr_line' id='line_1_7' title="bbox 6 746 1152 864; baseline 0 -54"><span class='ocrx_word' id='word_1_45' title='bbox 6 829 22 864; x_wconf 39' lang='grc' dir='ltr'><strong>ν</strong></span> <span class='ocrx_word' id='word_1_46' title='bbox 174 775 189 810; x_wconf 77' lang='lat' dir='ltr'>a</span> <span class='ocrx_word' id='word_1_47' title='bbox 215 749 335 812; x_wconf 92' lang='lat' dir='ltr'>modi...</span> <span class='ocrx_word' id='word_1_48' title='bbox 352 753 504 828; x_wconf 80' lang='lat' dir='ltr'>perpetuae</span> <span class='ocrx_word' id='word_1_49' title='bbox 515 753 595 823; x_wconf 79' lang='lat' dir='ltr'>sunt,</span> <span class='ocrx_word' id='word_1_50' title='bbox 606 746 762 828; x_wconf 88' lang='lat' dir='ltr'>ideoqubd</span> <span class='ocrx_word' id='word_1_51' title='bbox 774 765 835 808; x_wconf 94' lang='lat' dir='ltr'>non</span> <span class='ocrx_word' id='word_1_52' title='bbox 846 747 945 808; x_wconf 89' lang='lat' dir='ltr'>solbm</span> <span class='ocrx_word' id='word_1_53' title='bbox 959 748 1152 810; x_wconf 84' lang='lat' dir='ltr'>Cancellariae</span> 
     </span>
    </p>
   </div>
   <div class='ocr_carea' id='block_1_7' title="bbox 175 834 1151 916">
    <p class='ocr_par' dir='ltr' id='par_1_7' title="bbox 175 834 1151 916">
     <span class='ocr_line' id='line_1_8' title="bbox 175 834 1151 916; baseline 0 -18"><span class='ocrx_word' id='word_1_54' title='bbox 175 864 189 898; x_wconf 79' lang='lat' dir='ltr'>o</span> <span class='ocrx_word' id='word_1_55' title='bbox 217 837 347 916; x_wconf 77' lang='lat' dir='ltr'>regulis,</span> <span class='ocrx_word' id='word_1_56' title='bbox 371 834 424 897; x_wconf 90' lang='lat' dir='ltr'>sed</span> <span class='ocrx_word' id='word_1_57' title='bbox 445 835 535 896; x_wconf 86' lang='lat' dir='ltr'>ctiam</span> <span class='ocrx_word' id='word_1_58' title='bbox 550 837 668 897; x_wconf 84' lang='lat' dir='ltr'>Extrav.</span> <span class='ocrx_word' id='word_1_59' title='bbox 686 835 740 898; x_wconf 75' lang='lat' dir='ltr'>Ea</span> <span class='ocrx_word' id='word_1_60' title='bbox 754 835 850 897; x_wconf 84' lang='lat' dir='ltr'>debito</span> <span class='ocrx_word' id='word_1_61' title='bbox 866 835 992 916; x_wconf 87' lang='lat' dir='ltr'>aliisque</span> <span class='ocrx_word' id='word_1_62' title='bbox 1006 837 1151 898; x_wconf 90' lang='lat' dir='ltr'>constitu·</span> 
     </span>
    </p>
   </div>
   <div class='ocr_carea' id='block_1_8' title="bbox 4 879 1152 996">
    <p class='ocr_par' dir='ltr' id='par_1_8' title="bbox 4 879 1152 996">
     <span class='ocr_line' id='line_1_9' title="bbox 4 879 1152 996; baseline 0.003 -12"><span class='ocrx_word' id='word_1_63' title='bbox 4 879 33 984; x_wconf 55' lang='grc' dir='ltr'>.Ἶῖ</span> <span class='ocrx_word' id='word_1_64' title='bbox 175 952 189 987; x_wconf 77' lang='lat' dir='ltr'>r</span> <span class='ocrx_word' id='word_1_65' title='bbox 214 926 348 989; x_wconf 85' lang='lat' dir='ltr'><strong>tionibus</strong></span> <span class='ocrx_word' id='word_1_66' title='bbox 371 923 553 986; x_wconf 81' lang='lat' dir='ltr'>Pontificum</span> <span class='ocrx_word' id='word_1_67' title='bbox 578 925 723 985; x_wconf 87' lang='lat' dir='ltr'>nitantur.</span> <span class='ocrx_word' id='word_1_68' title='bbox 749 924 836 996; x_wconf 86' lang='lat' dir='ltr'>Quod</span> <span class='ocrx_word' id='word_1_69' title='bbox 862 931 963 986; x_wconf 87' lang='lat' dir='ltr'>autem</span> <span class='ocrx_word' id='word_1_70' title='bbox 988 925 1093 986; x_wconf 86' lang='lat' dir='ltr'>attinet</span> <span class='ocrx_word' id='word_1_71' title='bbox 1115 924 1152 987; x_wconf 86' lang='lat' dir='ltr'>ad</span> 
     </span>
    </p>
   </div>
   <div class='ocr_carea' id='block_1_9' title="bbox 176 1010 1153 1188">
    <p class='ocr_par' dir='ltr' id='par_1_9' title="bbox 176 1010 1153 1188">
     <span class='ocr_line' id='line_1_10' title="bbox 176 1010 1152 1089; baseline 0.002 -15"><span class='ocrx_word' id='word_1_72' title='bbox 176 1041 190 1075; x_wconf 77' lang='lat' dir='ltr'>n</span> <span class='ocrx_word' id='word_1_73' title='bbox 216 1014 448 1078; x_wconf 81' lang='lat' dir='ltr'>reservationem</span> <span class='ocrx_word' id='word_1_74' title='bbox 463 1010 719 1074; x_wconf 84' lang='lat' dir='ltr'>beneficiorum...</span> <span class='ocrx_word' id='word_1_75' title='bbox 734 1013 765 1074; x_wconf 93' lang='lat' dir='ltr'>in</span> <span class='ocrx_word' id='word_1_76' title='bbox 775 1011 863 1074; x_wconf 83' lang='lat' dir='ltr'>Curitt</span> <span class='ocrx_word' id='word_1_77' title='bbox 876 1013 1064 1089; x_wconf 83' lang='lat' dir='ltr'>vacantium,</span> <span class='ocrx_word' id='word_1_78' title='bbox 1081 1013 1152 1076; x_wconf 82' lang='lat' dir='ltr'>solae</span> 
     </span>
     <span class='ocr_line' id='line_1_11' title="bbox 176 1099 1153 1188; baseline -0.002 -24"><span class='ocrx_word' id='word_1_79' title='bbox 176 1129 191 1164; x_wconf 73' lang='lat' dir='ltr'>a</span> <span class='ocrx_word' id='word_1_80' title='bbox 216 1101 403 1188; x_wconf 79' lang='lat' dir='ltr'>parochiales</span> <span class='ocrx_word' id='word_1_81' title='bbox 416 1099 557 1162; x_wconf 72' lang='lat' dir='ltr'>Ecclesia</span> <span class='ocrx_word' id='word_1_82' title='bbox 571 1100 603 1162; x_wconf 94' lang='lat' dir='ltr'>in</span> <span class='ocrx_word' id='word_1_83' title='bbox 617 1100 707 1163; x_wconf 76' lang='lat' dir='ltr'>Curit</span> <span class='ocrx_word' id='word_1_84' title='bbox 719 1107 858 1164; x_wconf 86' lang='lat' dir='ltr'>vacantes</span> <span class='ocrx_word' id='word_1_85' title='bbox 869 1107 935 1182; x_wconf 90' lang='lat' dir='ltr'>post</span> <span class='ocrx_word' id='word_1_86' title='bbox 944 1101 1061 1163; x_wconf 89' lang='lat' dir='ltr'>obitum</span> <span class='ocrx_word' id='word_1_87' title='bbox 1076 1103 1153 1164; x_wconf 89' lang='lat' dir='ltr'>Pon·</span> 
     </span>
    </p>
   </div>
   <div class='ocr_carea' id='block_1_10' title="bbox 4 1190 1154 1444">
    <p class='ocr_par' dir='ltr' id='par_1_10' title="bbox 4 1190 1154 1454">
     <span class='ocr_line' id='line_1_12' title="bbox 4 1190 1154 1280; baseline -0.001 -28"><span class='ocrx_word' id='word_1_88' title='bbox 4 1203 65 1280; x_wconf 46' lang='lat' dir='ltr'>vj„</span> <span class='ocrx_word' id='word_1_89' title='bbox 176 1218 191 1252; x_wconf 73' lang='lat' dir='ltr'>a</span> <span class='ocrx_word' id='word_1_90' title='bbox 214 1192 324 1266; x_wconf 80' lang='lat' dir='ltr'>tiliois,</span> <span class='ocrx_word' id='word_1_91' title='bbox 349 1197 418 1266; x_wconf 83' lang='lat' dir='ltr'>sut,</span> <span class='ocrx_word' id='word_1_92' title='bbox 440 1208 476 1252; x_wconf 90' lang='lat' dir='ltr'>eo</span> <span class='ocrx_word' id='word_1_93' title='bbox 496 1190 631 1266; x_wconf 86' lang='lat' dir='ltr'>virente,</span> <span class='ocrx_word' id='word_1_94' title='bbox 656 1197 794 1252; x_wconf 84' lang='lat' dir='ltr'>vacantes</span> <span class='ocrx_word' id='word_1_95' title='bbox 814 1195 844 1252; x_wconf 91' lang='lat' dir='ltr'>et</span> <span class='ocrx_word' id='word_1_96' title='bbox 866 1209 927 1252; x_wconf 94' lang='lat' dir='ltr'>non</span> <span class='ocrx_word' id='word_1_97' title='bbox 951 1190 1086 1266; x_wconf 82' lang='lat' dir='ltr'>collatae,</span> <span class='ocrx_word' id='word_1_98' title='bbox 1115 1191 1154 1251; x_wconf 87' lang='lat' dir='ltr'>ab</span> 
     </span>
     <span class='ocr_line' id='line_1_13' title="bbox 104 1278 1151 1360; baseline -0.009 -13.872"><span class='ocrx_word' id='word_1_99' title='bbox 104 1315 107 1320; x_wconf 37' lang='lat'>¹</span> <span class='ocrx_word' id='word_1_100' title='bbox 175 1305 191 1342; x_wconf 82' lang='lat' dir='ltr'>u</span> <span class='ocrx_word' id='word_1_101' title='bbox 217 1278 1151 1360; x_wconf 71' lang='lat' dir='ltr'>illareservationceximuntur,quiaBonilaciusVlll‚cap.35,</span> 
     </span>
     <span class='ocr_line' id='line_1_14' title="bbox 71 1365 1151 1444; baseline 0 -15"><span class='ocrx_word' id='word_1_102' title='bbox 71 1415 72 1418; x_wconf 16' lang='grc' dir='ltr'>η</span> <span class='ocrx_word' id='word_1_103' title='bbox 176 1393 191 1429; x_wconf 74' lang='lat' dir='ltr'>a</span> <span class='ocrx_word' id='word_1_104' title='bbox 216 1370 251 1432; x_wconf 86' lang='lat' dir='ltr'>de</span> <span class='ocrx_word' id='word_1_105' title='bbox 262 1365 522 1444; x_wconf 54' lang='lat' dir='ltr'>protestans,</span> <span class='ocrx_word' id='word_1_106' title='bbox 532 1385 637 1428; x_wconf 88' lang='lat' dir='ltr'>earum</span> <span class='ocrx_word' id='word_1_107' title='bbox 652 1369 694 1428; x_wconf 89' lang='lat' dir='ltr'>sic</span> <span class='ocrx_word' id='word_1_108' title='bbox 707 1369 877 1429; x_wconf 86' lang='lat' dir='ltr'>vacantium</span> <span class='ocrx_word' id='word_1_109' title='bbox 892 1367 1083 1428; x_wconf 90' lang='lat' dir='ltr'>collationem</span> <span class='ocrx_word' id='word_1_110' title='bbox 1097 1373 1151 1429; x_wconf 86' lang='lat' dir='ltr'>tlr-</span> 
     </span>
    </p>
   </div>
   <div class='ocr_carea' id='block_1_11' title="bbox 177 1455 1153 1536">
    <p class='ocr_par' dir='ltr' id='par_1_11' title="bbox 177 1455 1153 1536">
     <span class='ocr_line' id='line_1_15' title="bbox 177 1455 1153 1536; baseline 0.001 -18"><span class='ocrx_word' id='word_1_111' title='bbox 177 1481 192 1518; x_wconf 79' lang='lat' dir='ltr'>a</span> <span class='ocrx_word' id='word_1_112' title='bbox 218 1459 343 1520; x_wconf 91' lang='lat' dir='ltr'>dinariis</span> <span class='ocrx_word' id='word_1_113' title='bbox 357 1475 419 1518; x_wconf 92' lang='lat' dir='ltr'>non</span> <span class='ocrx_word' id='word_1_114' title='bbox 433 1455 582 1518; x_wconf 84' lang='lat' dir='ltr'>ademit...</span> <span class='ocrx_word' id='word_1_115' title='bbox 594 1456 731 1536; x_wconf 88' lang='lat' dir='ltr'>Denique</span> <span class='ocrx_word' id='word_1_116' title='bbox 740 1456 955 1516; x_wconf 84' lang='lat' dir='ltr'>reservationes</span> <span class='ocrx_word' id='word_1_117' title='bbox 969 1473 1153 1536; x_wconf 76' lang='lat' dir='ltr'>omnesquae</span> 
     </span>
    </p>
   </div>
   <div class='ocr_carea' id='block_1_12' title="bbox 9 1519 1151 1630">
    <p class='ocr_par' dir='ltr' id='par_1_12' title="bbox 9 1519 1151 1630">
     <span class='ocr_line' id='line_1_16' title="bbox 9 1519 1151 1630; baseline 0.005 -30"><span class='ocrx_word' id='word_1_118' title='bbox 9 1519 44 1630; x_wconf 41' lang='grc' dir='ltr'>ᾗ</span> <span class='ocrx_word' id='word_1_119' title='bbox 56 1547 69 1562; x_wconf 75' lang='grc'><strong>”</strong></span> <span class='ocrx_word' id='word_1_120' title='bbox 130 1585 131 1590; x_wconf 38' lang='lat'>1</span> <span class='ocrx_word' id='word_1_121' title='bbox 176 1569 191 1606; x_wconf 78' lang='lat' dir='ltr'>r</span> <span class='ocrx_word' id='word_1_122' title='bbox 217 1547 366 1628; x_wconf 87' lang='lat' dir='ltr'>prodeunt</span> <span class='ocrx_word' id='word_1_123' title='bbox 378 1545 416 1606; x_wconf 85' lang='lat' dir='ltr'>ab</span> <span class='ocrx_word' id='word_1_124' title='bbox 431 1545 545 1606; x_wconf 88' lang='lat' dir='ltr'>incerto</span> <span class='ocrx_word' id='word_1_125' title='bbox 558 1551 666 1606; x_wconf 88' lang='lat' dir='ltr'>eventu</span> <span class='ocrx_word' id='word_1_126' title='bbox 682 1544 866 1624; x_wconf 86' lang='lat' dir='ltr'>mensisque</span> <span class='ocrx_word' id='word_1_127' title='bbox 878 1542 1025 1606; x_wconf 83' lang='lat' dir='ltr'>beneficia</span> <span class='ocrx_word' id='word_1_128' title='bbox 1037 1553 1151 1623; x_wconf 80' lang='lat' dir='ltr'>vacarit,</span> 
     </span>
    </p>
   </div>
   <div class='ocr_carea' id='block_1_13' title="bbox 4 1631 964 1742">
    <p class='ocr_par' dir='ltr' id='par_1_13' title="bbox 4 1601 964 1742">
     <span class='ocr_line' id='line_1_17' title="bbox 4 1631 964 1742; baseline -0.003 -49"><span class='ocrx_word' id='word_1_129' title='bbox 4 1631 52 1742; x_wconf 56' lang='grc' dir='ltr'>ἔξ</span> <span class='ocrx_word' id='word_1_130' title='bbox 151 1645 152 1650; x_wconf 75' lang='grc'>’</span> <span class='ocrx_word' id='word_1_131' title='bbox 179 1655 194 1694; x_wconf 84' lang='lat' dir='ltr'>u</span> <span class='ocrx_word' id='word_1_132' title='bbox 219 1635 339 1697; x_wconf 77' lang='lat' dir='ltr'>viduata</span> <span class='ocrx_word' id='word_1_133' title='bbox 354 1633 524 1714; x_wconf 73' lang='lat' dir='ltr'>apostolica</span> <span class='ocrx_word' id='word_1_134' title='bbox 541 1631 634 1706; x_wconf 87' lang='lat' dir='ltr'>Sede,</span> <span class='ocrx_word' id='word_1_135' title='bbox 650 1651 773 1714; x_wconf 90' lang='lat' dir='ltr'>prorsus</span> <span class='ocrx_word' id='word_1_136' title='bbox 787 1633 964 1712; x_wconf 72' lang='lat' dir='ltr'>expirant.»</span> 
     </span>
    </p>
   </div>
   <div class='ocr_carea' id='block_1_14' title="bbox 177 1719 1155 1892">
    <p class='ocr_par' dir='ltr' id='par_1_14' title="bbox 177 1719 1155 1892">
     <span class='ocr_line' id='line_1_18' title="bbox 217 1719 1155 1786; baseline 0 -2"><span class='ocrx_word' id='word_1_137' title='bbox 217 1727 287 1786; x_wconf 72' lang='lat' dir='ltr'>rol.</span> <span class='ocrx_word' id='word_1_138' title='bbox 312 1727 381 1784; x_wconf 90' lang='lat' dir='ltr'>Post</span> <span class='ocrx_word' id='word_1_139' title='bbox 395 1723 566 1783; x_wconf 80' lang='lat' dir='ltr'>Romanum</span> <span class='ocrx_word' id='word_1_140' title='bbox 582 1721 758 1783; x_wconf 87' lang='lat' dir='ltr'>Pontiliccm</span> <span class='ocrx_word' id='word_1_141' title='bbox 769 1721 946 1782; x_wconf 79' lang='lat' dir='ltr'>nobiliorem</span> <span class='ocrx_word' id='word_1_142' title='bbox 961 1719 1061 1782; x_wconf 91' lang='lat' dir='ltr'>locum</span> <span class='ocrx_word' id='word_1_143' title='bbox 1077 1721 1155 1784; x_wconf 88' lang='lat' dir='ltr'>inter</span> 
     </span>
     <span class='ocr_line' id='line_1_19' title="bbox 177 1809 1155 1892; baseline -0.001 -18"><span class='ocrx_word' id='word_1_144' title='bbox 177 1812 334 1874; x_wconf 80' lang='lat' dir='ltr'>collatores</span> <span class='ocrx_word' id='word_1_145' title='bbox 361 1811 498 1872; x_wconf 85' lang='lat' dir='ltr'>obtinent</span> <span class='ocrx_word' id='word_1_146' title='bbox 525 1809 666 1892; x_wconf 80' lang='lat' dir='ltr'>Episcopi</span> <span class='ocrx_word' id='word_1_147' title='bbox 694 1817 723 1871; x_wconf 91' lang='lat' dir='ltr'>et</span> <span class='ocrx_word' id='word_1_148' title='bbox 748 1809 884 1871; x_wconf 87' lang='lat' dir='ltr'>locorum</span> <span class='ocrx_word' id='word_1_149' title='bbox 911 1809 1084 1870; x_wconf 88' lang='lat' dir='ltr'>Ordinarii:</span> <span class='ocrx_word' id='word_1_150' title='bbox 1112 1812 1155 1873; x_wconf 90' lang='lat' dir='ltr'>sic</span> 
     </span>
    </p>
   </div>
   <div class='ocr_carea' id='block_1_15' title="bbox 177 1897 1153 1979">
    <p class='ocr_par' dir='ltr' id='par_1_15' title="bbox 4 1859 1153 1982">
     <span class='ocr_line' id='line_1_20' title="bbox 177 1897 1153 1979; baseline -0.002 -16.301"><span class='ocrx_word' id='word_1_151' title='bbox 177 1901 260 1962; x_wconf 90' lang='lat' dir='ltr'>enim</span> <span class='ocrx_word' id='word_1_152' title='bbox 275 1900 387 1961; x_wconf 88' lang='lat' dir='ltr'>babent</span> <span class='ocrx_word' id='word_1_153' title='bbox 407 1917 474 1960; x_wconf 88' lang='lat' dir='ltr'>can.</span> <span class='ocrx_word' id='word_1_154' title='bbox 496 1898 632 1979; x_wconf 77' lang='lat' dir='ltr'>Repende</span> <span class='ocrx_word' id='word_1_155' title='bbox 650 1904 686 1972; x_wconf 75' lang='lat'>4,</span> <span class='ocrx_word' id='word_1_156' title='bbox 703 1917 792 1960; x_wconf 84' lang='lat' dir='ltr'>causa</span> <span class='ocrx_word' id='word_1_157' title='bbox 808 1901 861 1974; x_wconf 85' lang='lat' dir='ltr'>td,</span> <span class='ocrx_word' id='word_1_158' title='bbox 878 1897 908 1979; x_wconf 85' lang='lat' dir='ltr'>q&#39;.</span> <span class='ocrx_word' id='word_1_159' title='bbox 927 1903 961 1959; x_wconf 93' lang='lat' dir='ltr'>l:</span> <span class='ocrx_word' id='word_1_160' title='bbox 982 1921 997 1955; x_wconf 92' lang='lat'>«</span> <span class='ocrx_word' id='word_1_161' title='bbox 1012 1899 1153 1978; x_wconf 82' lang='lat' dir='ltr'>Regenda</span> 
     </span>
    </p>
   </div>
   <div class='ocr_carea' id='block_1_16' title="bbox 4 1987 1154 2076">
    <p class='ocr_par' dir='ltr' id='par_1_16' title="bbox 4 1969 1154 2076">
     <span class='ocr_line' id='line_1_21' title="bbox 4 1987 1154 2076; baseline 0.002 -30"><span class='ocrx_word' id='word_1_162' title='bbox 4 1999 13 2076; x_wconf 60' lang='grc' dir='ltr'>ᾗ.</span> <span class='ocrx_word' id='word_1_163' title='bbox 177 2011 192 2048; x_wconf 80' lang='lat' dir='ltr'>a</span> <span class='ocrx_word' id='word_1_164' title='bbox 218 1995 262 2050; x_wconf 86' lang='lat' dir='ltr'>est</span> <span class='ocrx_word' id='word_1_165' title='bbox 276 2005 467 2069; x_wconf 87' lang='lat' dir='ltr'>unaquaeque</span> <span class='ocrx_word' id='word_1_166' title='bbox 482 1987 614 2049; x_wconf 81' lang='lat' dir='ltr'>Ecclesia</span> <span class='ocrx_word' id='word_1_167' title='bbox 629 1987 685 2048; x_wconf 89' lang='lat' dir='ltr'>sub</span> <span class='ocrx_word' id='word_1_168' title='bbox 694 1987 861 2068; x_wconf 78' lang='lat' dir='ltr'>provisione</span> <span class='ocrx_word' id='word_1_169' title='bbox 875 2003 910 2048; x_wconf 89' lang='lat' dir='ltr'>ac</span> <span class='ocrx_word' id='word_1_170' title='bbox 923 1987 1050 2048; x_wconf 87' lang='lat' dir='ltr'>tuitione</span> <span class='ocrx_word' id='word_1_171' title='bbox 1069 1987 1154 2067; x_wconf 89' lang='lat' dir='ltr'>Epis-</span> 
     </span>
    </p>
   </div>
   <div class='ocr_carea' id='block_1_17' title="bbox 175 2075 1155 2598">
    <p class='ocr_par' dir='ltr' id='par_1_17' title="bbox 175 2075 1155 2598">
     <span class='ocr_line' id='line_1_22' title="bbox 177 2075 1154 2158; baseline 0.001 -22"><span class='ocrx_word' id='word_1_172' title='bbox 177 2107 193 2136; x_wconf 71' lang='grc' dir='ltr'>ιι</span> <span class='ocrx_word' id='word_1_173' title='bbox 217 2078 284 2158; x_wconf 91' lang='lat' dir='ltr'>copi</span> <span class='ocrx_word' id='word_1_174' title='bbox 302 2095 354 2158; x_wconf 88' lang='lat' dir='ltr'>per</span> <span class='ocrx_word' id='word_1_175' title='bbox 375 2076 544 2138; x_wconf 84' lang='lat' dir='ltr'>sacerdotes</span> <span class='ocrx_word' id='word_1_176' title='bbox 563 2076 609 2138; x_wconf 86' lang='lat' dir='ltr'>rel</span> <span class='ocrx_word' id='word_1_177' title='bbox 630 2083 753 2137; x_wconf 85' lang='lat' dir='ltr'>caeteros</span> <span class='ocrx_word' id='word_1_178' title='bbox 771 2075 896 2136; x_wconf 83' lang='lat' dir='ltr'>clericos</span> <span class='ocrx_word' id='word_1_179' title='bbox 910 2093 987 2156; x_wconf 85' lang='lat' dir='ltr'>quos</span> <span class='ocrx_word' id='word_1_180' title='bbox 1002 2076 1065 2156; x_wconf 92' lang='lat' dir='ltr'>ipse</span> <span class='ocrx_word' id='word_1_181' title='bbox 1083 2094 1154 2137; x_wconf 91' lang='lat' dir='ltr'>cum</span> 
     </span>
     <span class='ocr_line' id='line_1_23' title="bbox 177 2163 1153 2245; baseline -0.001 -19"><span class='ocrx_word' id='word_1_182' title='bbox 177 2193 192 2226; x_wconf 75' lang='lat' dir='ltr'>n</span> <span class='ocrx_word' id='word_1_183' title='bbox 217 2166 269 2228; x_wconf 87' lang='lat' dir='ltr'>Dei</span> <span class='ocrx_word' id='word_1_184' title='bbox 289 2165 396 2240; x_wconf 86' lang='lat' dir='ltr'>timore</span> <span class='ocrx_word' id='word_1_185' title='bbox 411 2163 594 2245; x_wconf 84' lang='lat' dir='ltr'>providerct3</span> <span class='ocrx_word' id='word_1_186' title='bbox 615 2186 630 2223; x_wconf 89' lang='lat' dir='ltr'>n</span> <span class='ocrx_word' id='word_1_187' title='bbox 648 2171 678 2225; x_wconf 90' lang='lat' dir='ltr'>et</span> <span class='ocrx_word' id='word_1_188' title='bbox 695 2182 763 2225; x_wconf 83' lang='lat' dir='ltr'>can.</span> <span class='ocrx_word' id='word_1_189' title='bbox 780 2163 932 2225; x_wconf 61' lang='grc' dir='ltr'>’Νιιίἱιιεὲ</span> <span class='ocrx_word' id='word_1_190' title='bbox 951 2210 959 2236; x_wconf 83' lang='grc'><em>,</em></span> <span class='ocrx_word' id='word_1_191' title='bbox 982 2181 1072 2226; x_wconf 89' lang='lat' dir='ltr'>causa</span> <span class='ocrx_word' id='word_1_192' title='bbox 1097 2167 1153 2242; x_wconf 81' lang='lat' dir='ltr'>lo,</span> 
     </span>
     <span class='ocr_line' id='line_1_24' title="bbox 176 2252 1152 2338; baseline -0.002 -22"><span class='ocrx_word' id='word_1_193' title='bbox 176 2275 207 2338; x_wconf 87' lang='lat' dir='ltr'>q.</span> <span class='ocrx_word' id='word_1_194' title='bbox 224 2261 258 2316; x_wconf 82' lang='lat'>7:</span> <span class='ocrx_word' id='word_1_195' title='bbox 279 2277 294 2314; x_wconf 80' lang='lat' dir='ltr'>o</span> <span class='ocrx_word' id='word_1_196' title='bbox 309 2254 415 2316; x_wconf 92' lang='lat' dir='ltr'>Nullus</span> <span class='ocrx_word' id='word_1_197' title='bbox 424 2254 551 2316; x_wconf 88' lang='lat' dir='ltr'>omnind</span> <span class='ocrx_word' id='word_1_198' title='bbox 563 2253 857 2315; x_wconf 70' lang='lat' dir='ltr'>archidiaconusaut</span> <span class='ocrx_word' id='word_1_199' title='bbox 869 2252 1152 2334; x_wconf 72' lang='lat' dir='ltr'>archipresbyter...</span> 
     </span>
     <span class='ocr_line' id='line_1_25' title="bbox 175 2339 1154 2422; baseline 0.001 -20"><span class='ocrx_word' id='word_1_200' title='bbox 175 2365 189 2402; x_wconf 79' lang='lat' dir='ltr'>r</span> <span class='ocrx_word' id='word_1_201' title='bbox 216 2345 388 2406; x_wconf 88' lang='lat' dir='ltr'>animarum</span> <span class='ocrx_word' id='word_1_202' title='bbox 411 2361 534 2417; x_wconf 84' lang='lat' dir='ltr'>curam,</span> <span class='ocrx_word' id='word_1_203' title='bbox 549 2342 594 2402; x_wconf 89' lang='lat' dir='ltr'>vel</span> <span class='ocrx_word' id='word_1_204' title='bbox 609 2339 786 2422; x_wconf 71' lang='lat' dir='ltr'>praebendas</span> <span class='ocrx_word' id='word_1_205' title='bbox 800 2341 942 2404; x_wconf 65' lang='lat' dir='ltr'>Ecclesiae</span> <span class='ocrx_word' id='word_1_206' title='bbox 962 2341 1028 2402; x_wconf 79' lang='lat' dir='ltr'>sine</span> <span class='ocrx_word' id='word_1_207' title='bbox 1040 2339 1154 2418; x_wconf 88' lang='lat' dir='ltr'>judicio</span> 
     </span>
     <span class='ocr_line' id='line_1_26' title="bbox 176 2429 1155 2512; baseline 0.002 -22"><span class='ocrx_word' id='word_1_208' title='bbox 176 2455 191 2490; x_wconf 76' lang='lat' dir='ltr'>a</span> <span class='ocrx_word' id='word_1_209' title='bbox 217 2434 261 2494; x_wconf 87' lang='lat' dir='ltr'>rel</span> <span class='ocrx_word' id='word_1_210' title='bbox 276 2451 428 2496; x_wconf 90' lang='lat' dir='ltr'>consensu</span> <span class='ocrx_word' id='word_1_211' title='bbox 448 2431 586 2512; x_wconf 86' lang='lat' dir='ltr'>Episcopi</span> <span class='ocrx_word' id='word_1_212' title='bbox 601 2430 689 2492; x_wconf 89' lang='lat' dir='ltr'>alicui</span> <span class='ocrx_word' id='word_1_213' title='bbox 705 2430 816 2492; x_wconf 88' lang='lat' dir='ltr'>tribuat</span> <span class='ocrx_word' id='word_1_214' title='bbox 831 2449 838 2490; x_wconf 91' lang='lat'><strong>:</strong></span> <span class='ocrx_word' id='word_1_215' title='bbox 855 2429 937 2505; x_wconf 86' lang='lat' dir='ltr'>imd,</span> <span class='ocrx_word' id='word_1_216' title='bbox 953 2429 1030 2490; x_wconf 90' lang='lat' dir='ltr'>sicut</span> <span class='ocrx_word' id='word_1_217' title='bbox 1043 2431 1155 2492; x_wconf 88' lang='lat' dir='ltr'>sanctis</span> 
     </span>
     <span class='ocr_line' id='line_1_27' title="bbox 176 2518 1153 2598; baseline 0 -20"><span class='ocrx_word' id='word_1_218' title='bbox 176 2544 190 2578; x_wconf 77' lang='lat' dir='ltr'>n</span> <span class='ocrx_word' id='word_1_219' title='bbox 215 2522 383 2583; x_wconf 88' lang='lat' dir='ltr'>canonibus</span> <span class='ocrx_word' id='word_1_220' title='bbox 402 2521 598 2581; x_wconf 90' lang='lat' dir='ltr'>constitutum</span> <span class='ocrx_word' id='word_1_221' title='bbox 622 2525 681 2594; x_wconf 82' lang='lat' dir='ltr'>est,</span> <span class='ocrx_word' id='word_1_222' title='bbox 706 2518 877 2580; x_wconf 87' lang='lat' dir='ltr'>animarum</span> <span class='ocrx_word' id='word_1_223' title='bbox 897 2535 1006 2579; x_wconf 89' lang='lat' dir='ltr'>cura...</span> <span class='ocrx_word' id='word_1_224' title='bbox 1024 2519 1055 2578; x_wconf 94' lang='lat' dir='ltr'>in</span> <span class='ocrx_word' id='word_1_225' title='bbox 1070 2520 1153 2598; x_wconf 91' lang='lat' dir='ltr'>Epis-</span> 
     </span>
    </p>
   </div>
   <div class='ocr_carea' id='block_1_18' title="bbox 66 2607 1149 2690">
    <p class='ocr_par' dir='ltr' id='par_1_18' title="bbox 6 2607 1149 2690">
     <span class='ocr_line' id='line_1_28' title="bbox 66 2607 1149 2690; baseline -0.001 -22.052"><span class='ocrx_word' id='word_1_226' title='bbox 66 2675 70 2684; x_wconf 50' lang='lat'><em>,</em></span> <span class='ocrx_word' id='word_1_227' title='bbox 177 2633 191 2668; x_wconf 81' lang='lat' dir='ltr'>r&gt;</span> <span class='ocrx_word' id='word_1_228' title='bbox 216 2610 284 2690; x_wconf 92' lang='lat' dir='ltr'>copi</span> <span class='ocrx_word' id='word_1_229' title='bbox 303 2609 418 2688; x_wconf 87' lang='lat' dir='ltr'>judicio</span> <span class='ocrx_word' id='word_1_230' title='bbox 431 2615 461 2669; x_wconf 89' lang='lat' dir='ltr'>et</span> <span class='ocrx_word' id='word_1_231' title='bbox 474 2613 618 2688; x_wconf 88' lang='lat' dir='ltr'>potestate</span> <span class='ocrx_word' id='word_1_232' title='bbox 633 2613 818 2688; x_wconf 88' lang='lat' dir='ltr'>permaneat.</span> <span class='ocrx_word' id='word_1_233' title='bbox 841 2609 910 2667; x_wconf 71' lang='lat' dir='ltr'>nv.</span> <span class='ocrx_word' id='word_1_234' title='bbox 937 2607 1061 2687; x_wconf 88' lang='lat' dir='ltr'>insuper</span> <span class='ocrx_word' id='word_1_235' title='bbox 1084 2625 1149 2687; x_wconf 84' lang='lat' dir='ltr'>cap.</span> 
     </span>
    </p>
   </div>
   <div class='ocr_carea' id='block_1_19' title="bbox 8 3437 142 3547">
    <p class='ocr_par' dir='ltr' id='par_1_19' title="bbox 8 3437 142 3547">
     <span class='ocr_line' id='line_1_29' title="bbox 8 3437 142 3547; baseline 0 -93"><span class='ocrx_word' id='word_1_236' title='bbox 8 3437 142 3547; x_wconf 20' lang='lat' dir='ltr'>„a</span> 
     </span>
    </p>
   </div>
   <div class='ocr_carea' id='block_1_20' title="bbox 176 2693 1154 3486">
    <p class='ocr_par' dir='ltr' id='par_1_20' title="bbox 178 2693 1149 2778">
     <span class='ocr_line' id='line_1_30' title="bbox 178 2693 1149 2778; baseline -0.004 -19"><span class='ocrx_word' id='word_1_237' title='bbox 178 2699 395 2778; x_wconf 84' lang='lat' dir='ltr'>Conquerente,</span> <span class='ocrx_word' id='word_1_238' title='bbox 411 2695 446 2758; x_wconf 86' lang='lat' dir='ltr'>de</span> <span class='ocrx_word' id='word_1_239' title='bbox 462 2695 560 2775; x_wconf 81' lang='lat' dir='ltr'>Officio</span> <span class='ocrx_word' id='word_1_240' title='bbox 572 2743 580 2770; x_wconf 89' lang='lat'>‚</span> <span class='ocrx_word' id='word_1_241' title='bbox 591 2703 621 2756; x_wconf 89' lang='lat' dir='ltr'>et</span> <span class='ocrx_word' id='word_1_242' title='bbox 634 2713 700 2776; x_wconf 88' lang='lat' dir='ltr'>cap.</span> <span class='ocrx_word' id='word_1_243' title='bbox 709 2696 740 2756; x_wconf 86' lang='lat' dir='ltr'>E</span> <span class='ocrx_word' id='word_1_244' title='bbox 740 2715 763 2755; x_wconf 74' lang='lat' dir='ltr'>a</span> <span class='ocrx_word' id='word_1_245' title='bbox 777 2693 989 2775; x_wconf 76' lang='lat' dir='ltr'>frequentibus,</span> <span class='ocrx_word' id='word_1_246' title='bbox 1000 2694 1034 2755; x_wconf 86' lang='lat' dir='ltr'>cle</span> <span class='ocrx_word' id='word_1_247' title='bbox 1050 2695 1149 2756; x_wconf 82' lang='lat' dir='ltr'>Instit.</span> 
     </span>
    </p>

    <p class='ocr_par' dir='ltr' id='par_1_21' title="bbox 176 2782 1152 3133">
     <span class='ocr_line' id='line_1_31' title="bbox 216 2782 1151 2866; baseline -0.002 -20"><span class='ocrx_word' id='word_1_248' title='bbox 216 2787 261 2846; x_wconf 85' lang='lat' dir='ltr'>Ex</span> <span class='ocrx_word' id='word_1_249' title='bbox 275 2785 386 2866; x_wconf 86' lang='lat' dir='ltr'>quibus</span> <span class='ocrx_word' id='word_1_250' title='bbox 409 2783 599 2846; x_wconf 83' lang='lat' dir='ltr'>inserendum</span> <span class='ocrx_word' id='word_1_251' title='bbox 626 2789 672 2846; x_wconf 85' lang='lat' dir='ltr'>cst</span> <span class='ocrx_word' id='word_1_252' title='bbox 698 2783 799 2864; x_wconf 84' lang='lat' dir='ltr'>qudd‚</span> <span class='ocrx_word' id='word_1_253' title='bbox 824 2783 946 2864; x_wconf 88' lang='lat' dir='ltr'>quando</span> <span class='ocrx_word' id='word_1_254' title='bbox 969 2782 1151 2844; x_wconf 83' lang='lat' dir='ltr'>beneficium</span> 
     </span>
     <span class='ocr_line' id='line_1_32' title="bbox 178 2871 1151 2953; baseline -0.002 -17"><span class='ocrx_word' id='word_1_255' title='bbox 178 2891 301 2949; x_wconf 83' lang='lat' dir='ltr'>vacans,</span> <span class='ocrx_word' id='word_1_256' title='bbox 316 2891 416 2952; x_wconf 91' lang='lat' dir='ltr'>neque</span> <span class='ocrx_word' id='word_1_257' title='bbox 427 2879 472 2933; x_wconf 89' lang='lat' dir='ltr'>est</span> <span class='ocrx_word' id='word_1_258' title='bbox 479 2879 661 2934; x_wconf 82' lang='lat' dir='ltr'>reservatum</span> <span class='ocrx_word' id='word_1_259' title='bbox 673 2872 742 2934; x_wconf 88' lang='lat' dir='ltr'>Sedi</span> <span class='ocrx_word' id='word_1_260' title='bbox 754 2872 947 2953; x_wconf 67' lang='lat' dir='ltr'>Apostolum,</span> <span class='ocrx_word' id='word_1_261' title='bbox 961 2890 1059 2952; x_wconf 84' lang='lat' dir='ltr'>neque</span> <span class='ocrx_word' id='word_1_262' title='bbox 1073 2871 1151 2934; x_wconf 88' lang='lat' dir='ltr'>ullus</span> 
     </span>
     <span class='ocr_line' id='line_1_33' title="bbox 176 2959 1152 3041; baseline -0.003 -17"><span class='ocrx_word' id='word_1_263' title='bbox 176 2961 252 3025; x_wconf 89' lang='lat' dir='ltr'>alius</span> <span class='ocrx_word' id='word_1_264' title='bbox 270 2959 398 3041; x_wconf 88' lang='lat' dir='ltr'>probare</span> <span class='ocrx_word' id='word_1_265' title='bbox 425 2967 523 3040; x_wconf 88' lang='lat' dir='ltr'>potest</span> <span class='ocrx_word' id='word_1_266' title='bbox 547 2961 597 3039; x_wconf 89' lang='lat' dir='ltr'>jus</span> <span class='ocrx_word' id='word_1_267' title='bbox 623 2979 712 3022; x_wconf 91' lang='lat' dir='ltr'>suum</span> <span class='ocrx_word' id='word_1_268' title='bbox 735 2960 810 3022; x_wconf 92' lang='lat' dir='ltr'>illud</span> <span class='ocrx_word' id='word_1_269' title='bbox 828 2959 1020 3036; x_wconf 79' lang='lat' dir='ltr'>conserendi,</span> <span class='ocrx_word' id='word_1_270' title='bbox 1036 2977 1073 3020; x_wconf 93' lang='lat' dir='ltr'>eo</span> <span class='ocrx_word' id='word_1_271' title='bbox 1087 2959 1152 3039; x_wconf 92' lang='lat' dir='ltr'>ipso</span> 
     </span>
     <span class='ocr_line' id='line_1_34' title="bbox 176 3047 1146 3133; baseline -0.006 -20"><span class='ocrx_word' id='word_1_272' title='bbox 176 3049 269 3133; x_wconf 88' lang='lat' dir='ltr'>ipsius</span> <span class='ocrx_word' id='word_1_273' title='bbox 289 3048 408 3110; x_wconf 89' lang='lat' dir='ltr'>collatio</span> <span class='ocrx_word' id='word_1_274' title='bbox 421 3048 460 3110; x_wconf 85' lang='lat' dir='ltr'>ad</span> <span class='ocrx_word' id='word_1_275' title='bbox 473 3048 657 3130; x_wconf 90' lang='lat' dir='ltr'>Episcopum</span> <span class='ocrx_word' id='word_1_276' title='bbox 672 3049 810 3130; x_wconf 88' lang='lat' dir='ltr'>pertinet.</span> <span class='ocrx_word' id='word_1_277' title='bbox 829 3049 946 3126; x_wconf 73' lang='lat' dir='ltr'>Bonis,</span> <span class='ocrx_word' id='word_1_278' title='bbox 963 3049 1007 3110; x_wconf 85' lang='lat' dir='ltr'>De</span> <span class='ocrx_word' id='word_1_279' title='bbox 1022 3047 1146 3108; x_wconf 83' lang='lat' dir='ltr'>Parcelu</span> 
     </span>
    </p>

    <p class='ocr_par' dir='ltr' id='par_1_22' title="bbox 176 3223 1154 3486">
     <span class='ocr_line' id='line_1_35' title="bbox 216 3223 1152 3308; baseline -0.002 -20"><span class='ocrx_word' id='word_1_280' title='bbox 216 3231 287 3288; x_wconf 71' lang='lat'>452.</span> <span class='ocrx_word' id='word_1_281' title='bbox 313 3229 423 3288; x_wconf 85' lang='lat' dir='ltr'>Praeter</span> <span class='ocrx_word' id='word_1_282' title='bbox 436 3226 601 3308; x_wconf 84' lang='lat' dir='ltr'>Episcopus</span> <span class='ocrx_word' id='word_1_283' title='bbox 621 3232 651 3287; x_wconf 91' lang='lat' dir='ltr'>et</span> <span class='ocrx_word' id='word_1_284' title='bbox 670 3226 845 3288; x_wconf 79' lang='lat' dir='ltr'>ordinarios</span> <span class='ocrx_word' id='word_1_285' title='bbox 863 3233 934 3287; x_wconf 91' lang='lat' dir='ltr'>sunt</span> <span class='ocrx_word' id='word_1_286' title='bbox 956 3225 1080 3304; x_wconf 91' lang='lat' dir='ltr'>insuper</span> <span class='ocrx_word' id='word_1_287' title='bbox 1102 3223 1152 3286; x_wconf 96' lang='lat' dir='ltr'>alil</span> 
     </span>
     <span class='ocr_line' id='line_1_36' title="bbox 177 3311 1154 3397; baseline -0.003 -20"><span class='ocrx_word' id='word_1_288' title='bbox 177 3315 230 3397; x_wconf 89' lang='lat' dir='ltr'>qui</span> <span class='ocrx_word' id='word_1_289' title='bbox 245 3334 282 3377; x_wconf 83' lang='lat' dir='ltr'>ex</span> <span class='ocrx_word' id='word_1_290' title='bbox 297 3314 420 3377; x_wconf 88' lang='lat' dir='ltr'>indultis</span> <span class='ocrx_word' id='word_1_291' title='bbox 434 3315 479 3376; x_wconf 84' lang='lat' dir='ltr'>rel</span> <span class='ocrx_word' id='word_1_292' title='bbox 495 3315 627 3396; x_wconf 75' lang='lat' dir='ltr'>legitima</span> <span class='ocrx_word' id='word_1_293' title='bbox 640 3315 879 3392; x_wconf 84' lang='lat' dir='ltr'>consuetudine,</span> <span class='ocrx_word' id='word_1_294' title='bbox 894 3314 998 3376; x_wconf 83' lang='lat' dir='ltr'>saltem</span> <span class='ocrx_word' id='word_1_295' title='bbox 1016 3314 1083 3391; x_wconf 86' lang='lat' dir='ltr'>jure</span> <span class='ocrx_word' id='word_1_296' title='bbox 1097 3311 1154 3374; x_wconf 90' lang='lat' dir='ltr'>de-</span> 
     </span>
     <span class='ocr_line' id='line_1_37' title="bbox 176 3401 1151 3486; baseline -0.002 -20"><span class='ocrx_word' id='word_1_297' title='bbox 176 3404 290 3486; x_wconf 81' lang='lat' dir='ltr'>legate,</span> <span class='ocrx_word' id='word_1_298' title='bbox 307 3403 454 3466; x_wconf 79' lang='lat' dir='ltr'>beneficia</span> <span class='ocrx_word' id='word_1_299' title='bbox 467 3403 514 3466; x_wconf 87' lang='lat' dir='ltr'>vel</span> <span class='ocrx_word' id='word_1_300' title='bbox 536 3403 634 3466; x_wconf 86' lang='lat' dir='ltr'>cilicia</span> <span class='ocrx_word' id='word_1_301' title='bbox 651 3403 812 3466; x_wconf 80' lang='lat' dir='ltr'>conserunt</span> <span class='ocrx_word' id='word_1_302' title='bbox 827 3403 926 3484; x_wconf 76' lang='lat' dir='ltr'>(Card.</span> <span class='ocrx_word' id='word_1_303' title='bbox 943 3403 1059 3483; x_wconf 79' lang='lat' dir='ltr'>Soglia,</span> <span class='ocrx_word' id='word_1_304' title='bbox 1074 3401 1151 3464; x_wconf 82' lang='lat' dir='ltr'>last.</span> 
     </span>
    </p>
   </div>
   <div class='ocr_carea' id='block_1_21' title="bbox 173 3493 455 3578">
    <p class='ocr_par' dir='ltr' id='par_1_23' title="bbox 148 3493 455 3582">
     <span class='ocr_line' id='line_1_38' title="bbox 173 3493 455 3578; baseline -0.007 -22.163"><span class='ocrx_word' id='word_1_305' title='bbox 173 3493 240 3578; x_wconf 72' lang='lat' dir='ltr'>jur.</span> <span class='ocrx_word' id='word_1_306' title='bbox 252 3493 349 3574; x_wconf 83' lang='lat' dir='ltr'>priv..</span> <span class='ocrx_word' id='word_1_307' title='bbox 363 3493 381 3574; x_wconf 61' lang='grc' dir='ltr'><strong>ᾗ</strong></span> <span class='ocrx_word' id='word_1_308' title='bbox 394 3497 455 3572; x_wconf 84' lang='grc'>93).</span> 
     </span>
    </p>
   </div>
   <div class='ocr_carea' id='block_1_22' title="bbox 140 3547 153 3579">
    <p class='ocr_par' dir='ltr' id='par_1_24' title="bbox 140 3547 153 3579">
     <span class='ocr_line' id='line_1_39' title="bbox 140 3547 153 3579; baseline 0 0"><span class='ocrx_word' id='word_1_309' title='bbox 140 3547 153 3579; x_wconf 72' lang='lat' dir='ltr'>&#39;a</span> 
     </span>
    </p>
   </div>
   <div class='ocr_carea' id='block_1_23' title="bbox 216 3581 1152 3663">
    <p class='ocr_par' dir='ltr' id='par_1_25' title="bbox 152 3581 1152 3663">
     <span class='ocr_line' id='line_1_40' title="bbox 216 3581 1152 3663; baseline 0.001 -19.936"><span class='ocrx_word' id='word_1_310' title='bbox 216 3583 255 3645; x_wconf 89' lang='lat' dir='ltr'>Ut</span> <span class='ocrx_word' id='word_1_311' title='bbox 268 3589 385 3645; x_wconf 74' lang='lat' dir='ltr'>mertum</span> <span class='ocrx_word' id='word_1_312' title='bbox 397 3601 479 3645; x_wconf 89' lang='lat' dir='ltr'>nunc</span> <span class='ocrx_word' id='word_1_313' title='bbox 494 3583 620 3646; x_wconf 89' lang='lat' dir='ltr'>babetur</span> <span class='ocrx_word' id='word_1_314' title='bbox 633 3585 865 3646; x_wconf 84' lang='lat' dir='ltr'>canonicatuum</span> <span class='ocrx_word' id='word_1_315' title='bbox 880 3589 910 3644; x_wconf 89' lang='lat' dir='ltr'>et</span> <span class='ocrx_word' id='word_1_316' title='bbox 922 3581 1152 3663; x_wconf 85' lang='lat' dir='ltr'>praebendamm</span> 
     </span>
    </p>
   </div>
   <div class='ocr_carea' id='block_1_24' title="bbox 0 0 1295 3994">
    <p class='ocr_par' dir='ltr' id='par_1_26' title="bbox 0 0 1295 3994">
     <span class='ocr_line' id='line_1_41' title="bbox 0 0 1295 3994; baseline 0 0"><span class='ocrx_word' id='word_1_317' title='bbox 0 0 1295 3994; x_wconf 95' lang='lat' dir='ltr'> </span> 
     </span>
    </p>
   </div>
  </div>
 </body>
</html>
