2570 4006
493 222 577 270 crana
599 224 717 274 narnus.
1038 208 1098 271 lis

122 320 178 403 qui
192 320 231 384 de
245 337 373 386 numero
383 320 586 386 Cardinalium
599 329 662 401 est,
677 341 714 388 cx
728 323 959 387 Poenitentiariis
971 323 1097 385 minori-

27 407 29 496 ]
123 407 183 471 bus
209 409 262 490 qui
288 408 328 472 dc
348 411 438 474 variis
457 411 613 474 ordinibus
634 411 756 490 selecti,
780 412 813 474 ln
839 411 936 474 tribus
957 411 1098 474 Ecclesiis

26 497 28 580 ζ
123 496 374 580 patriarchalibus
387 501 502 577 Roma,
516 499 653 564 videlicet
668 501 701 564 in
711 500 846 564 Basilicis
859 501 891 564 S.
906 501 1032 563 loannis
1046 503 1098 562 La-

25 581 28 598 ”
122 587 241 735 ζωοί,
256 589 288 651 S.
309 588 389 652 Petri
402 589 538 653 Vaticani
555 591 631 653 ctS.
647 589 749 654 Maria
761 589 883 669 Maioris
901 606 1098 652 suornunerc

24 685 26 688 ·
159 681 303 755 nguntur.

164 764 222 825 Pro
236 763 431 846 expediendis
444 766 610 848 rescriptis,
625 765 851 830 Paenitentiaric
863 766 975 846 Magno
988 765 1096 845 adjtrn-

122 850 203 931 gitur
216 851 339 935 Regem,
350 855 402 936 qui
416 854 565 918 soletesse
577 853 616 918 de
630 873 759 919 numero
772 854 948 918 Auditorum
958 856 989 918 S.
1001 857 1095 935 Rotae,

122 940 237 1022 quique
258 941 348 1006 debet
370 943 473 1006 omnia
494 945 615 1026 negotia
639 961 856 1025 recognoscere
886 949 916 1006 et
937 962 1043 1007 curare
1063 951 1097 1009 ut

122 1031 203 1092 recte
217 1037 247 1093 et
262 1031 421 1113 diligenter
435 1032 648 1115 expediantur3
663 1033 774 1096 adsunt
787 1033 911 1114 insuper
923 1032 1096 1116 Theologus

122 1118 221 1182 Sacrae
234 1121 484 1193 Poenitentiariae‚
503 1123 612 1184 Doctcr
632 1125 827 1184 narratorum
842 1139 895 1184 seu
914 1121 1093 1200 Canonista,

121 1208 280 1288 Datarius,
296 1212 453 1273 Corrector
466 1257 474 1288 ,
489 1210 656 1291 sigillatur,
685 1217 747 1272 tres
771 1211 1002 1286 Procuratores,
1025 1212 1094 1274 toti·

121 1293 253 1379 demque
272 1299 456 1382 Scriptores,
471 1317 603 1381 quorum
620 1299 760 1362 omnium
773 1297 944 1362 functiones
957 1297 1043 1363 facile
1057 1319 1093 1364 ex

121 1382 367 1451 denominatione
380 1388 506 1470 intelligi
522 1389 631 1450 valent.

161 1476 271 1539 Causas
284 1477 418 1540 referunt
438 1479 665 1554 Procuratores;
680 1482 784 1540 votum
797 1476 939 1540 emittunt
950 1476 1093 1561 Theologi

120 1569 151 1625 et
163 1565 347 1644 Canonistae;
362 1566 517 1632 decretum
530 1567 601 1629 vero
615 1565 714 1629 editur
734 1566 857 1630 nornine
876 1559 1093 1630 Paenitentiarii

120 1655 251 1732 Majoris.
265 1657 332 1718 Non
346 1663 448 1719 autem
471 1655 509 1718 ad
531 1661 682 1718 oratorem
699 1655 745 1718 vel
759 1655 919 1718 oratricem
932 1654 1091 1737 dirigitur,

120 1742 174 1804 sed
187 1744 224 1805 ad
233 1745 365 1818 tertium,
381 1744 420 1808 ad
433 1745 648 1808 confessarium
663 1746 785 1828 nempe,
796 1745 848 1825 qui
863 1743 894 1805 in
903 1742 998 1806 lormt
1012 1763 1093 1808 ccm-

120 1831 256 1895 missarid
276 1851 367 1916 super
387 1835 604 1916 impedimento
629 1833 676 1896 vel
702 1834 919 1916 irregularitate
939 1832 1093 1916 dispensat

119 1925 172 1982 aut
184 1920 311 1984 absolvit
325 1923 414 2006 (Vide
427 1924 545 1999 laerta,
556 1924 592 1984 R.
604 1922 643 1985 de
654 1923 709 2001 Μ.,
723 1928 798 1985 tom.
816 1927 845 2000 l,
861 1942 892 2005 p.
908 1924 989 2002 300).

159 2009 235 2072 Cum
256 2010 398 2093 frequens
421 2013 460 2074 sit
476 2029 616 2074 recursus
635 2011 673 2073 ad
687 2029 802 2074 sacram
816 2012 1087 2087 Poenitenliariam,

119 2097 191 2160 utile
212 2099 328 2162 videtur
345 2099 396 2161 hlc
409 2099 520 2163 reterre
540 2100 692 2182 praecipua
712 2105 824 2181 puncta
847 2100 972 2162 constit.
990 2103 1091 2164 l’astor

121 2185 207 2248 bonus
237 2187 349 2251 Bered.
379 2189 464 2266 XIV,
498 2189 531 2250 in
556 2191 618 2269 qut
643 2189 835 2250 continentur
859 2187 1014 2251 facultates
1034 2191 1090 2273 ipsi

118 2292 280 2340 concessae.

158 2368 228 2428 794.
254 2367 312 2430 cl.
335 2365 536 2431 concedimus
549 2365 654 2445 Majori
674 2363 900 2428 Poenitentiario
913 2370 1033 2442 nostro,
1057 2373 1091 2430 ut

118 2469 264 2518 somnes
287 2461 318 2519 et
347 2457 482 2540 singulos
505 2456 725 2536 cujuscumque
754 2453 904 2536 qualitatis
933 2451 1090 2518 seculares

118 2563 133 2600 a
156 2542 387 2616 ecclesiasticos,
402 2545 569 2628 regulares,
580 2544 682 2615 laicos,
693 2549 764 2621 etc,
776 2543 814 2605 ab
827 2541 970 2604 omnibus
986 2548 1016 2604 et
1026 2543 1090 2624 qui-

118 2652 133 2688 r
158 2629 345 2716 buscumque
364 2635 461 2716 culpis
475 2639 503 2696 et
523 2633 702 2696 criminibus
714 2637 995 2715 quantumcumque
1014 2639 1090 2694 atro

117 2741 132 2778 a
157 2720 257 2796 cibus,
272 2727 335 2783 tarn
349 2723 477 2804 publicis
490 2724 583 2803 quam
596 2721 732 2798 occultis,
748 2738 806 2784 nec
820 2737 882 2782 non
896 2719 935 2782 ab
947 2720 1089 2785 omnibus

117 2829 132 2866 a
156 2809 303 2886 censuris,
318 2817 348 2872 et
361 2811 458 2891 poenis
467 2810 686 2885 ecclesiasticis,
694 2810 785 2873 etiam
798 2809 830 2870 in
844 2807 963 2872 casibus
975 2809 1088 2872 nedum
1175 2841 1178 2848 ·

117 2918 132 2955 a
157 2896 330 2973 ordinariis,
340 2896 393 2960 sed
403 2898 495 2961 Nobis
507 2899 674 2976 reservatis,
685 2898 820 2978 injuncta
835 2915 955 2980 semper
969 2897 1085 2979 iisdem,

117 3007 132 3043 a
157 3004 212 3066 pro
223 2985 313 3048 modo
326 2987 433 3070 culpae,
445 2987 620 3070 paenitentia
633 2987 754 3051 salutari
763 3034 770 3062 ‚
779 2994 809 3050 et
818 2986 883 3050 aliis
892 3005 961 3068 quae
974 2986 1087 3068 dejure

117 3095 131 3130 a
156 3073 342 3156 injungenda
356 3083 446 3153 sunt,
473 3075 626 3139 absolvere
644 3083 673 3138 et
691 3075 802 3139 absolvi
817 3074 961 3138 mandare
976 3079 1084 3158 possit;

117 3185 131 3220 a
155 3163 308 3243 regulares
322 3163 465 3227 nimirum
479 3166 497 3227 a
510 3165 608 3246 culpis
620 3170 651 3228 ct
663 3165 799 3227 censuris
812 3163 843 3226 in
857 3171 985 3246 utroque
999 3165 1084 3244 loro;

117 3275 130 3306 ι)
155 3252 371 3315 ecclesiasticos
384 3255 454 3316 verd
468 3253 640 3332 saculares,
657 3271 789 3316 necnon
805 3253 895 3315 laicos
908 3271 925 3315 a
940 3253 1086 3335 predictis

118 3363 130 3398 a
155 3341 251 3424 culpis
266 3347 296 3404 ct
315 3343 451 3406 censuris
473 3342 505 3404 ln
523 3341 588 3404 loro
607 3341 798 3405 conscientiae
810 3343 938 3404 tantum.
956 3343 1085 3404 Eosdem

117 3453 130 3488 a
154 3433 226 3492 verd
246 3429 460 3492 ecclesiasticos
482 3431 659 3509 seculares,
684 3448 815 3494 necnon
831 3429 941 3506 laicos,
966 3437 1039 3493 tunc
1054 3433 1084 3494 in

117 3541 130 3576 n
155 3527 282 3600 utroque
296 3519 360 3581 loro
373 3519 526 3582 absolvere
539 3517 686 3582 etabscl'n'
698 3518 953 3602 possitmandere,
962 3519 1085 3600 quando

118 3633 130 3663 a
156 3609 253 3684 agitur
266 3607 304 3668 de
317 3607 454 3670 censuris
466 3608 594 3690 publicis
608 3609 674 3671 latis
687 3610 804 3690 ajuro,
825 3609 990 3690 praesertim
1014 3604 1082 3671 Serti
