2574 3994
502 198 588 248 cruca
608 179 728 248 rnruus.
1048 177 1103 250 Μ

133 293 255 378 propria
268 311 362 360 manu
376 294 507 376 signatas
521 299 550 358 et
564 295 663 378 sigillo
676 291 808 362 munitas
817 289 990 375 hujusmodi
1004 309 1107 375 accep

132 383 278 444 tationem
292 383 491 446 continentes.

178 473 292 534 «Solis
309 473 485 554 (Episcopis)
509 491 572 536 non
595 472 661 538 aliis
684 471 882 536 Goliatoribus
901 471 978 553 (haec
1000 469 1108 553 gratia)

134 581 150 620 n
174 561 369 638 conceditur,
389 567 419 624 et
431 563 510 643 viget
529 562 630 645 quoad
650 561 785 626 Pontifex
807 560 931 636 uixerit,
951 565 1002 624 aut
1023 559 1110 640 Epis·

135 671 150 710 n
175 649 1108 732 copusineasedepermanseri13estenimvelutioontraotus,

6 763 15 778 r
136 761 151 796 a
176 737 285 802 intuitu
299 739 458 822 peculiaris
475 740 636 818 Ecclesiae,
652 740 730 804 inter
748 737 927 803 Pontificem
941 744 971 799 et
984 737 1112 818 Episco-

138 851 152 886 ι)
175 846 249 910 pum
263 827 373 905 initus,
388 827 470 892 unde
479 834 524 892 est
537 835 570 892 ut
583 830 730 911 cujusque
745 829 813 892 novi
827 825 983 890 Pontificis
996 824 1112 888 contir-

138 937 153 974 ι)
178 916 309 980 motione
330 915 500 998 indigeat...
526 920 640 982 Verum
654 925 755 982 autent
776 923 807 980 et
828 915 1019 998 personalem
1036 915 1113 976 resi-

141 1023 155 1067 )
178 1003 310 1068 dentiam
329 1023 396 1070 esse
409 1011 543 1088 oportet3
568 1007 767 1089 quamohrem
788 1005 928 1087 Episcopi
951 1021 970 1068 a
991 1003 1113 1086 propria

139 1116 154 1152 s
179 1093 299 1156 dioecesi
313 1093 451 1158 absentes
464 1095 504 1156 ob
524 1095 655 1176 gerenda
670 1095 790 1176 negotia
809 1095 951 1158 Ecclesiae
972 1111 1053 1168 suae,
1067 1092 1113 1154 rel

139 1205 154 1242 c
179 1182 274 1264 ipsius
289 1184 466 1266 spostolicae
481 1183 567 1246 Sedis
587 1183 768 1265 legationem
782 1183 946 1259 obeuntes,
963 1181 1009 1243 vel
1030 1181 1113 1244 inviti

140 1293 155 1331 n
180 1271 270 1334 etiam
293 1275 477 1354 externaque
499 1274 526 1336 vi
554 1273 691 1348 detenti,
719 1271 825 1336 autin
848 1271 940 1334 altera
961 1271 1114 1332 unitarum

141 1383 155 1418 a
181 1359 356 1424 dimersium
378 1361 561 1436 residentes,
584 1360 732 1424 beneficia
755 1361 876 1424 interim
896 1358 1031 1422 varentia
1052 1377 1115 1420 non

141 1471 156 1508 n
181 1449 339 1512 conferunt
355 1469 362 1511 :
379 1469 564 1533 quamquam
578 1452 704 1512 enimin
719 1450 785 1512 aliis
798 1449 889 1512 rebus
902 1447 1024 1510 fictione
1039 1447 1116 1526 juris

141 1561 157 1596 n
181 1538 267 1600 veluti
278 1547 441 1620 praesentes
450 1540 643 1616 haberentur,
654 1539 692 1602 ad
706 1557 771 1602 rem
779 1545 880 1600 tamen
891 1543 1024 1600 nostram
1036 1535 1117 1598 fictio

142 1649 157 1685 c
180 1627 256 1704 juris
267 1646 328 1689 non
339 1628 496 1708 prodest...
512 1629 576 1690 Irnd
585 1630 609 1690 si
620 1629 707 1690 initio
720 1627 834 1690 mensis
847 1627 1014 1708 Episcopus
1027 1625 1115 1700 absit,

142 1739 158 1774 s
181 1717 230 1794 jus
243 1715 418 1780 conferendi
432 1723 495 1780 toto
507 1718 572 1799 ipso
585 1735 689 1780 mense
699 1716 817 1793 amittit,
834 1715 970 1797 quemvis
984 1733 1116 1796 praesens

143 1827 158 1864 n
185 1805 250 1886 ipso
267 1805 430 1868 vacationis
452 1805 500 1868 die
519 1806 698 1868 exstiterit...
715 1806 865 1870 Caeterum
885 1805 999 1866 mensis
1013 1804 1119 1886 incipit

144 1917 158 1953 c
183 1895 391 1956 Romanorum
401 1913 513 1958 morea
527 1896 627 1958 inediti
642 1901 729 1958 nocte
742 1895 801 1958 diei
816 1893 868 1976 qui
882 1912 1019 1956 mensem
1031 1911 1119 1974 supe-

145 2006 159 2042 »
185 1983 297 2045 riorem
310 1985 467 2060 terminat;
490 1989 520 2046 et
542 1985 566 2046 si
581 1985 758 2065 ambiguum
774 1983 829 2059 sit,
853 1989 955 2045 utrum
976 1990 1063 2057 ante,
1079 2001 1118 2044 an

145 2093 161 2131 s
186 2077 252 2154 post
265 2071 396 2134 mediam
412 2079 531 2136 noctem
545 2072 741 2136 beneficiatus
760 2071 883 2141 abierit,
900 2071 1018 2134 collatio
1032 2071 1117 2150 adju·

145 2183 161 2218 a
186 2159 313 2222 dicanda
327 2166 372 2222 est
381 2162 530 2242 Episcopo
541 2210 547 2238 ,
559 2163 631 2224 ciam
645 2161 861 2222 reservationes
874 2157 986 2222 odiosae
1000 2158 1120 2220 videan-

146 2271 161 2307 s
186 2255 276 2310 tunc
300 2247 387 2312 Card.
411 2251 506 2332 Segi,
529 2251 604 2315 lost.
624 2249 692 2332 jur.
712 2248 807 2334 priv..
825 2249 843 2329 ᾗ
863 2251 913 2312 90.
936 2247 1011 2310 Vide
1029 2249 1119 2310 etiarn

147 2337 227 2420 apud
242 2340 273 2400 S.
292 2339 343 2420 Lig
360 2338 431 2414 ,iib.
446 2345 484 2416 4,
503 2342 535 2402 n⁰
549 2343 599 2404 86.

186 2431 255 2490 tra.
281 2431 336 2490 t’er
357 2429 491 2510 reguiam
510 2436 647 2511 quartam
673 2433 840 2493 reservatur
862 2427 965 2490 Prima
986 2425 1120 2508 Dignitas

149 2514 180 2576 in
193 2516 335 2578 Ecclesiis
358 2517 599 2593 cathedralibus3
622 2517 660 2580 de
684 2519 744 2598 qua
761 2515 829 2579 vide
853 2515 940 2598 plura
959 2533 1007 2598 ap.
1032 2515 1118 2579 Card.

149 2605 249 2686 Soglia
262 2605 346 2684 (last.
356 2606 424 2686 jar.
435 2606 531 2688 prio„
546 2607 563 2687 ᾖ
577 2607 631 2683 90,
647 2627 677 2688 p.
700 2607 779 2686 165),
795 2605 848 2687 qui
863 2605 1121 2668 enumerationem

148 2695 384 2758 reservationum
399 2695 442 2758 sic
454 2695 624 2760 concludit:
644 2717 660 2756 a
674 2697 750 2758 Sunt
763 2702 864 2757 autern
880 2695 1015 2776 quinque
1029 2713 1123 2756 reser-

149 2804 165 2841 a
190 2783 342 2846 vationum
370 2803 511 2865 genera:
537 2803 669 2866 namque
691 2783 840 2846 beneficia
862 2789 1051 2846 reservantur
1075 2783 1122 2846 vel

149 2893 165 2929 n
190 2871 305 2934 ratione
317 2872 472 2954 qualitatis
482 2873 616 2954 ipsorum
627 2871 856 2948 beneficiorum,
870 2873 967 2955 qualis
976 2879 1021 2936 est
1030 2891 1123 2936 rescr-

150 2981 165 3017 c
190 2961 268 3022 vatio
281 2963 527 3043 Episcopatuum‚
539 2963 709 3024 Primarum
725 2961 910 3043 Dignitatum
924 2961 1122 3025 etbcneficio·

150 3071 166 3106 n
191 3066 258 3110 rum
274 3051 443 3128 majorum3
459 3051 504 3113 acl
526 3049 640 3112 rotr'oae
650 3069 842 3132 personarum
856 3049 963 3112 cedern
977 3050 1124 3115 beneficia

150 3159 166 3196 n
191 3137 408 3215 obtinentium,
430 3141 473 3201 uti
499 3139 646 3200 beneficia
667 3139 886 3216 Commodum,
909 3139 1072 3202 curialium
1095 3147 1125 3202 et

151 3246 167 3286 a
192 3225 277 3288 Sedis
303 3229 482 3309 apostolicae
512 3228 715 3305 Officialium;
740 3227 787 3290 vel
813 3229 928 3290 ratione
956 3228 1034 3290 modi
1063 3247 1124 3310 quo

151 3335 167 3372 c
192 3321 313 3390 vacant,
327 3317 418 3379 veluti
435 3315 579 3380 beneficia
599 3316 734 3380 vacantia
751 3317 790 3379 ob
805 3317 1020 3398 privationem,
1035 3317 1125 3399 depo

152 3423 168 3462 n
193 3403 349 3482 sirionem,
365 3405 556 3468 collationem
564 3405 944 3488 alteriusincompatibiiis;
956 3405 1002 3468 vel
1012 3409 1126 3469 ratione

152 3512 167 3553 n
196 3489 252 3551 1002·
264 3491 315 3553 ubi
329 3501 446 3571 vacant,
457 3493 628 3574 cujusmodi
642 3501 687 3557 est
696 3494 856 3556 reservatio
865 3495 1034 3557 vacantium
1045 3493 1125 3574 apud

152 3599 170 3640 ι
194 3580 225 3642 S.
243 3579 351 3644 Sedent
365 3589 417 3647 ant
431 3582 463 3646 in
473 3583 562 3661 Curit
572 3603 580 3659 ;
591 3583 638 3647 vel
647 3581 780 3663 denique
789 3582 903 3644 ratione
918 3582 1126 3662 torporisque
