2586 3988
493 208 715 257 raomsonrnr.
1055 201 1092 260 25

110 321 216 372 carum
225 309 400 392 quasPapn
409 327 473 372 non
482 307 551 372 fecit
560 309 751 393 obligatorias
761 316 830 375 anm
843 311 1089 394 acceptationem,

110 398 282 481 Episcopus
288 399 341 480 qui
354 417 477 461 easnon
487 407 630 481 acceptat.
641 407 760 463 tenetur
772 401 968 463 nihilominus
982 402 1094 483 suppli-

110 487 264 564 cationem
278 487 496 569 dirigereadS.
509 487 685 550 Pontificem
694 536 703 566 ,
713 490 745 551 in
760 493 820 571 qua
834 491 957 572 exponit
966 509 1020 552 sua
1031 509 1092 554 non

112 577 289 659 acceptandi
305 579 417 640 motiva
429 597 437 639 τ
449 578 666 658 raticcstqudd
681 579 746 640 sine
760 580 894 661 periculo
909 582 940 641 S.
957 579 1092 643 Pontifex

112 684 174 728 non
188 677 293 749 posset
306 667 365 729 alid
380 666 553 730 conditione
567 668 723 750 Episcopis
737 669 908 750 relinquere
921 669 1091 732 facultatem

112 772 183 818 suas
205 755 291 838 leges
317 755 485 836 rejiciendi.
508 757 595 830 Quod
617 757 740 838 quidem
761 759 845 840 praxi
865 757 1002 820 firmatur
1022 778 1030 820 ε
1047 759 1090 822 sic

112 843 235 908 concilii
248 844 454 908 Triburiensis
472 853 589 928 patres,
608 852 743 928 tempore
766 847 862 908 Caroli
887 847 1002 929 Magni,
1020 865 1089 911 cum

113 933 317 1015 postulassent
330 937 349 997 tr
361 935 429 1018 lege
441 953 510 1018 qua
522 935 595 1018 ipsis
609 934 770 998 durissima
783 935 956 1014 videbatur,
971 953 1089 1019 exemp·

113 1023 245 1100 donem,
261 1031 292 1087 at
302 1043 363 1087 non
377 1025 574 1088 concessisset
587 1025 616 1087 S.
625 1024 780 1103 Pontifex;
796 1025 840 1090 sic
853 1023 1087 1090 concluserunt:

119 1133 135 1172 ι
152 1113 235 1176 Licet
251 1115 299 1177 vix
315 1113 474 1178 ferendum
490 1114 528 1176 ab
550 1113 602 1176 illa
622 1116 653 1177 S.
676 1113 754 1177 Sede
772 1114 944 1197 imponatur
959 1115 1087 1198 jugum,

114 1223 131 1262 r
153 1209 257 1266 tamen
273 1202 406 1267 feramus
421 1211 450 1268 et
464 1204 514 1286 pia
526 1203 685 1268 devotione
698 1204 873 1268 toleremus.
889 1227 905 1264 n

152 1312 305 1394 Episcopo
319 1312 417 1394 legem
432 1329 494 1375 non
507 1317 700 1395 acceptante,
715 1319 745 1374 et
763 1313 1013 1394 supplicationem
1026 1335 1087 1380 non

115 1401 267 1476 mittente,
284 1419 345 1462 non
360 1401 478 1464 tantiam
499 1409 603 1483 peccat
616 1401 700 1484 ipse,
715 1400 769 1464 sed
783 1418 891 1464 ornnes
903 1401 941 1464 de
954 1419 1085 1468 commn-

114 1487 206 1550 nitate
214 1489 266 1570 qui
274 1489 372 1570 legem
383 1489 604 1571 promulgatam
611 1493 732 1566 ndrunt,
740 1488 777 1551 ad
789 1489 1088 1572 illiusobligatiouem

112 1583 266 1639 tenentur.
282 1579 357 1650 Quia
371 1580 401 1641 S.
419 1577 556 1640 Pontifex
569 1597 631 1640 non
645 1578 795 1642 corrsentit
806 1577 844 1640 ad
858 1581 1087 1661 suspensionem

112 1663 188 1746 legis
212 1667 270 1728 nisi
292 1671 329 1730 ed
350 1667 523 1730 conditione
545 1667 628 1749 qndd
653 1667 695 1729 illi
724 1675 914 1750 exponantur
934 1678 1087 1733 momenta

110 1754 152 1817 ob
165 1774 235 1838 quae
249 1774 311 1820 uon
325 1764 506 1840 acceptatur.

152 1855 183 1916 Si
205 1861 307 1918 tamen
328 1855 458 1918 nimium
472 1873 600 1918 onerosa
613 1861 691 1919 esset
704 1854 769 1934 lex,
785 1855 905 1939 aculpd
915 1855 1085 1921 viderentur

112 1943 267 2007 immunes
280 1943 391 2008 subditi
404 1962 473 2007 eam
487 1962 549 2007 non
563 1943 766 2008 observantes.

151 2054 202 2114 39.
224 2053 319 2128 Item,
339 2049 461 2134 quando
482 2052 578 2132 maior
597 2057 626 2114 et
646 2052 746 2115 sanior
769 2070 838 2134 pars
860 2053 963 2135 populi
986 2054 1085 2135 legem

112 2157 175 2214 non
189 2141 328 2204 observat
345 2161 360 2200 o
374 2140 511 2224 quamuis
525 2141 614 2223 primi
636 2159 698 2204 non
712 2149 901 2224 acceptantes
920 2150 1047 2225 peccent
1060 2145 1084 2206 si

110 2229 319 2293 »desuetudo
342 2230 479 2293 nondum
504 2231 744 2313 estpraescripta,
773 2232 870 2294 caeteri
893 2238 995 2294 tamen
1023 2251 1084 2295 non

109 2339 126 2378 a
151 2327 292 2382 tenentur
315 2319 353 2382 nd
374 2321 473 2401 legem
496 2339 504 2380 t
533 2338 604 2382 nam
627 2320 819 2402 praesumitur
841 2321 982 2402 princeps
1005 2323 1085 2384 nolle

110 2425 126 2477 t
149 2409 284 2491 obligare
302 2409 340 2472 ad
361 2407 419 2472 hoc
443 2408 663 2472 observandum
686 2407 766 2491 quod
787 2411 948 2470 noneste
972 2412 1084 2486 rusioro

109 2515 126 2558 s
151 2507 236 2581 parte
245 2505 411 2580 receptum.
423 2497 632 2572 ltdSalmant.,
645 2507 701 2560 etc.
713 2521 728 2558 a
740 2498 925 2579 (S.Liguor.,
938 2497 989 2560 lib.
1003 2501 1084 2578 tut.)

150 2591 226 2650 Toto
246 2588 474 2670 supplicationis
491 2594 628 2670 tempore
648 2587 841 2670 suspenditur
863 2605 900 2650 eo
920 2587 986 2669 ipso
1006 2587 1083 2650 obli-

110 2679 192 2762 gatio
205 2677 298 2759 legis,
314 2684 347 2740 ut
361 2683 451 2759 patet.

148 2788 184 2847 ln
203 2784 296 2847 dubio
310 2786 412 2847 utrirm
429 2783 477 2848 lex
495 2785 534 2848 sit
545 2783 583 2848 de
603 2801 731 2848 numero
750 2803 854 2848 earum
872 2803 939 2867 quae
957 2792 1082 2856 possunt

113 2893 173 2938 non
187 2874 322 2955 obligare
335 2879 405 2937 aute
418 2875 670 2957 acceptationem,
685 2873 802 2939 videtur
815 2873 896 2956 qudd
917 2873 1082 2956 Episcopus

109 2965 203 3040 possit
221 2981 310 3044 agere
326 2963 404 3027 sicut
420 2962 530 3027 faceret
546 2981 619 3026 casu
633 2983 694 3046 quo
714 2963 762 3027 lex
781 2972 859 3027 esset
878 2965 959 3026 certe
973 2962 1012 3026 de
1025 2965 1081 3028 isto

109 3065 240 3116 numero
255 3071 263 3113 ε
278 3053 351 3134 quia
365 3053 397 3114 fn
409 3051 507 3115 dubiis
519 3052 586 3114 odio
598 3063 667 3116 suot
680 3052 893 3136 restringendo.

147 3161 179 3221 Si
194 3161 227 3222 S.
244 3159 382 3224 Pontifex
396 3179 458 3223 non
473 3161 618 3242 approbet
631 3161 762 3225 rationes
775 3179 837 3224 non
850 3164 1078 3246 acceptationis,

107 3249 332 3423 :pxiffiae'st
345 3248 541 3332 obligatoria,
556 3249 632 3313 mtio
646 3258 735 3333 patet.
752 3251 868 3330 (Bonis,
884 3251 918 3316 dc
935 3251 1078 3337 princip,

146 3439 181 3498 ln
196 3439 288 3517 supra
302 3436 445 3517 expositis
467 3438 682 3521 supposuimus
701 3439 783 3520 leges
803 3439 972 3520 pontificias
989 3439 1080 3501 fuisse

108 3525 290 3589 sufficienter
308 3527 522 3608 promulgatas.
540 3528 779 3610 Expendendum
799 3547 882 3590 nunc
899 3530 980 3591 venit
998 3544 1078 3606 quae·

110 3635 180 3680 narn
194 3613 303 3678 debeat
315 3634 381 3679 esse
395 3617 596 3698 promulgatio
609 3626 643 3681 ut
655 3619 694 3680 sit
707 3617 869 3682 srtffioiens.

913 3722 963 3784 μ’
