2574 3994
167 247 224 312 iai
385 265 521 314 urucam
540 267 641 316 rorans
660 267 740 316 auara
760 266 907 317 canamus.

166 363 319 424 tentarunt
333 365 367 426 ut
377 363 438 442 lam
454 363 514 425 Rex
531 364 612 426 nuiiu
626 371 726 445 posset
741 364 879 428 carricare
892 365 1039 430 beneficia
1049 367 1139 447 juris·

165 449 327 515 dictionem
343 452 398 514 arbi
413 469 561 514 annexam
581 452 739 530 habentia,
755 461 862 517 catera
882 456 952 517 vero
966 455 1057 537 pieno
1068 458 1137 537 jure

166 541 314 603 conferret
332 541 364 603 in
385 541 502 604 cunctis
516 542 601 624 regni
616 541 751 606 ecclesiis
767 562 774 604 ε
800 542 853 606 sed
867 545 1062 608 Innocentius
1076 548 1135 626 XI,

165 631 252 708 cujus
266 630 471 713 approbationi
491 649 540 694 res
557 631 655 694 delata
673 630 747 710 fuit,
764 635 845 713 aegrc
858 633 926 696 tulit
943 632 1023 696 hunc
1041 634 1137 696 comi-

167 719 276 780 tiorum
297 721 520 782 conniventiam
534 769 541 795 ‚
556 721 722 802 praesertim
743 721 815 803 quia
828 741 885 783 aaa
900 721 994 784 saliam
1012 742 1068 804 per
1087 721 1138 785 ior

165 809 348 870 evertebatur
356 809 520 891 disciplina,
535 810 679 872 sedetiam
692 809 764 893 fidei
775 809 930 892 intepritas
941 812 973 872 in
983 809 1138 872 discrimen

166 895 339 974 cacabatum·
351 897 378 958 si
394 897 510 979 quidem
523 899 751 980 intellipebatur
767 917 806 962 aa
827 899 898 980 ipsis
922 899 1069 981 sepiarum
1088 900 1138 962 de·

165 995 309 1048 cretarum
323 987 418 1050 uerbis
430 987 565 1070 quddjus
578 986 746 1068 conferendi
760 987 900 1071 beneficia
913 989 991 1071 Repi
1008 988 1138 1052 vindica·

167 1073 254 1136 butur
266 1095 323 1136 non
338 1077 629 1159 tunquumprotiuens
643 1096 680 1138 eu
689 1075 791 1160 aliqud
799 1077 942 1139 Ecclesia
951 1079 1137 1158 occassione,

165 1164 215 1225 sed
227 1173 365 1249 tanquam
375 1165 538 1247 inpunitam
551 1173 712 1229 etcaoeaum
726 1166 947 1249 repioeaaronoe.
964 1165 1032 1230 vid.
1047 1185 1138 1250 opera

167 1254 331 1328 Bossuetii‚
347 1263 369 1317 t.
386 1259 423 1334 t,
440 1277 470 1339 p.
491 1259 558 1319 195.

206 1347 274 1406 373.
298 1349 329 1408 3⁰
350 1349 393 1408 De
418 1345 582 1408 Collatiam
604 1343 696 1420 laica,
718 1363 773 1408 sau
799 1347 996 1408 concessione
1019 1345 1095 1408 iacta
1121 1347 1138 1409 t

166 1432 242 1496 laico
271 1434 384 1518 absque
412 1451 564 1497 concursu
594 1433 777 1498 auctoritatis
808 1435 1025 1496 ecclesiasticae.
1065 1438 1137 1498 oin

165 1545 180 1582 a
206 1524 317 1598 Galliis,
333 1523 522 1606 aitLoqueux
532 1527 576 1601 (n⁰
589 1527 649 1598 78),
663 1523 903 1602 taiiajnraveteri
917 1523 1137 1586 consuetudine

166 1631 181 1670 a
205 1613 360 1675 exercebat
369 1616 554 1675 nontanttmr
562 1613 636 1688 Rex,
651 1611 704 1672 sed
714 1619 743 1673 et
751 1611 851 1692 piures
863 1611 911 1672 aiii
927 1612 1048 1672 Domini
1063 1617 1139 1674 tom-

165 1721 181 1760 n
206 1701 425 1782 poraies;oirca
439 1721 507 1784 quae
521 1701 585 1762 hacc
592 1700 749 1762 observant
760 1700 935 1761 Memoraiia
946 1701 1023 1761 Cleri
1035 1719 1042 1760 :
1054 1700 1138 1776 Quoi·

165 1811 180 1848 a
205 1809 259 1870 que
271 1809 341 1852 nous
355 1791 465 1852 uiaions
478 1791 548 1852 dum
561 1798 635 1850 cette
648 1787 805 1870 discipline
818 1785 919 1870 depuis
921 1787 1071 1870 plusieurs
1084 1789 1139 1852 sii-

165 1901 180 1938 n
205 1879 277 1956 eles,
294 1879 319 1939 il
331 1881 382 1962 n'y
396 1881 501 1962 paruit
510 1898 566 1961 pas
588 1877 680 1940 nicias
698 1875 732 1939 da
750 1876 906 1959 difficultis
919 1873 938 1940 d
953 1875 982 1938 ia
996 1879 1139 1941 consiliat·

166 1989 180 2032 a
205 1987 270 2029 auec
291 1969 330 2030 ies
350 1969 491 2030 muninus
509 1967 691 2048 acuminum,
713 1968 795 2027 itant
816 1966 929 2028 certain
949 1985 1003 2048 que
1021 1968 1139 2030 suivant

165 2079 180 2118 a
207 2055 314 2119 l’ardre
328 2055 501 2119 dtuilz'ded.
518 2055 565 2127 C„
584 2056 610 2118 il
623 2055 794 2138 appartient
806 2075 867 2116 aaa
879 2056 1045 2138 supe'rieurs
1056 2055 1139 2118 eccid.

166 2169 180 2206 a
204 2147 356 2228 siastiques
370 2143 404 2207 de
418 2146 526 2208 donner
540 2145 569 2206 lu
579 2143 697 2205 mission
707 2153 736 2206 et
747 2144 917 2206 institution
931 2144 1139 2228 repuisespaur

165 2256 180 2295 a
204 2253 322 2298 ea’ercer
336 2255 379 2297 ces
394 2237 479 2298 titres
494 2233 757 2314 ecclesiamque.»

205 2325 273 2388 ara.
297 2330 328 2386 4⁰
340 2325 383 2386 Ex
394 2325 590 2406 responsione
604 2321 819 2403 superiusdatti
831 2321 912 2401 (371)
924 2326 1022 2404 potest
1029 2323 1140 2404 pariter

166 2411 304 2478 concludi
325 2422 470 2496 tanquam
491 2414 640 2474 intrusum
664 2410 836 2473 habendum
857 2429 924 2473 esse
947 2411 1050 2489 iilum,
1068 2413 1136 2494 qui,

166 2505 315 2586 repulsus,
331 2505 383 2565 etsi
400 2503 521 2582 injuste,
540 2501 712 2581 aiegitimis
727 2499 948 2582 superioribus,
965 2499 1004 2562 ad
1018 2500 1139 2564 saecula-

166 2612 230 2655 rem
244 2601 439 2678 potestatem,
455 2588 512 2652 sub
526 2590 638 2652 abusus
653 2596 814 2670 praetextu,
831 2587 977 2666 recurrit,
994 2593 1028 2652 ut
1043 2589 1138 2670 ipsius

165 2681 276 2744 auxilio
290 2681 387 2743 cilicia
400 2677 600 2742 ecclesiastica
614 2676 743 2740 inundat.

134 2784 135 2788 ’
205 2772 274 2832 376.
298 2769 419 2842 Quaerit.
437 2771 468 2830 3⁰
483 2769 590 2831 Utrum
605 2767 732 2843 electus,
748 2769 960 2848 presentatus,
977 2773 1029 2828 aut
1043 2766 1139 2829 nomi·

167 2867 254 2922 natus
264 2859 301 2921 ad
316 2857 507 2920 Praelaturam
517 2855 619 2937 possit,
630 2855 904 2937 subaliquotituio,
921 2871 986 2916 sese
1001 2855 1138 2937 ingerere

166 2949 260 3030 ipsius
273 2945 522 3010 administrationi
536 2951 605 3006 anm
619 2943 772 3006 obtentam
788 2945 806 3006 a
820 2946 851 3007 S.
869 2943 946 3006 Sede
959 2947 1138 3008 canonicam

166 3035 405 3100 institutionem?

207 3123 358 3208 itospond.
382 3122 541 3204 negativa:
562 3121 655 3184 Natio
674 3117 778 3199 titulo,
799 3119 859 3186 siue
871 3121 1078 3202 esmanciis,
1094 3123 1140 3188 aei

163 3214 396 3298 procurationis,
412 3221 465 3273 aut
486 3211 547 3272 aiio
560 3211 595 3274 de
613 3231 684 3274 noua
706 3211 828 3296 quesita
849 3211 953 3284 colore,
965 3233 1022 3295 per
1044 3232 1073 3274 se
1085 3222 1139 3276 aut

165 3306 268 3374 olium,
287 3304 356 3382 lieet
368 3301 466 3378 electu,
477 3309 666 3385 presentata,
681 3311 732 3362 uut
746 3301 894 3362 nominato
907 3321 965 3363 sese
977 3301 1139 3366 immiscere

162 3401 317 3476 parapanda
332 3391 375 3453 uel
395 3391 427 3452 in
443 3399 534 3454 tatum
550 3389 805 3452 administrationi
825 3387 979 3473 spirituali
998 3399 1050 3449 urit
1071 3399 1139 3453 tern-

163 3481 262 3564 parali
273 3479 448 3544 Proelatnroe
457 3479 585 3562 adquam
593 3479 708 3551 electra,
716 3487 910 3560 presentatus
919 3477 964 3539 nd
972 3477 1138 3542 nuntiantur
1156 3499 1163 3508 ·
1276 3463 1277 3488 ³

165 3573 239 3651 suit,
255 3589 341 3633 secus
353 3571 419 3649 jure
435 3588 487 3650 por
501 3567 680 3630 eiectionem
695 3571 821 3650 quaesito
836 3563 960 3636 excidit,
973 3583 1137 3648 omniaque

166 3659 205 3720 ab
218 3679 254 3722 ao
268 3669 350 3740 gesta
365 3657 477 3722 nuliius
497 3655 612 3719 roboris
626 3659 714 3734 sunt,
733 3663 763 3718 et
776 3655 917 3736 indignus
927 3653 1026 3716 errauit
1038 3655 1090 3734 qui
1105 3655 1135 3716 in
