<?xml version="1.0" encoding="UTF-8"?>
<!DOCTYPE html PUBLIC "-//W3C//DTD XHTML 1.0 Transitional//EN"
    "http://www.w3.org/TR/xhtml1/DTD/xhtml1-transitional.dtd">
<html xmlns="http://www.w3.org/1999/xhtml" xml:lang="en" lang="en">
 <head>
  <title>
</title>
<meta http-equiv="Content-Type" content="text/html;charset=utf-8" />
  <meta name='ocr-system' content='tesseract 3.04.00' />
  <meta name='ocr-capabilities' content='ocr_page ocr_carea ocr_par ocr_line ocrx_word'/>
</head>
<body>
  <div class='ocr_page' id='page_1' title='image "./manualetotiusju03craigoog_0212.png"; bbox 0 0 2574 3994; ppageno 0'>
   <div class='ocr_carea' id='block_1_1' title="bbox 515 275 1113 344">
    <p class='ocr_par' dir='ltr' id='par_1_1' title="bbox 515 275 1113 344">
     <span class='ocr_line' id='line_1_1' title="bbox 515 275 1113 344; baseline -0.005 -4"><span class='ocrx_word' id='word_1_1' title='bbox 515 297 599 344; x_wconf 86' lang='grc' dir='ltr'>ιιιιιι</span> <span class='ocrx_word' id='word_1_2' title='bbox 622 295 738 340; x_wconf 76' lang='lat' dir='ltr'><em>carnos.</em></span> <span class='ocrx_word' id='word_1_3' title='bbox 1056 275 1113 338; x_wconf 80' lang='grc'><em>489</em></span> 
     </span>
    </p>
   </div>
   <div class='ocr_carea' id='block_1_2' title="bbox 140 387 1116 740">
    <p class='ocr_par' dir='ltr' id='par_1_2' title="bbox 140 387 1116 740">
     <span class='ocr_line' id='line_1_2' title="bbox 140 387 1116 474; baseline -0.006 -20"><span class='ocrx_word' id='word_1_4' title='bbox 140 415 155 454; x_wconf 83' lang='grc' dir='ltr'><em>ι</em></span> <span class='ocrx_word' id='word_1_5' title='bbox 181 391 496 454; x_wconf 77' lang='lat' dir='ltr'><em>nisi...deceinolorde</em></span> <span class='ocrx_word' id='word_1_6' title='bbox 506 389 621 452; x_wconf 74' lang='lat' dir='ltr'><em>ecclesii</em></span> <span class='ocrx_word' id='word_1_7' title='bbox 629 389 806 474; x_wconf 68' lang='lat' dir='ltr'><em>parochiali,</em></span> <span class='ocrx_word' id='word_1_8' title='bbox 820 387 937 468; x_wconf 77' lang='lat' dir='ltr'><em>callepio</em></span> <span class='ocrx_word' id='word_1_9' title='bbox 946 397 1116 450; x_wconf 70' lang='lat' dir='ltr'><em>culmosos-</em></span> 
     </span>
     <span class='ocr_line' id='line_1_3' title="bbox 141 477 1116 562; baseline -0.006 -20"><span class='ocrx_word' id='word_1_10' title='bbox 141 503 155 538; x_wconf 87' lang='grc' dir='ltr'><em>ι</em></span> <span class='ocrx_word' id='word_1_11' title='bbox 181 481 256 542; x_wconf 79' lang='lat' dir='ltr'><em>tario</em></span> <span class='ocrx_word' id='word_1_12' title='bbox 266 483 407 562; x_wconf 74' lang='lat' dir='ltr'><em>peraeta)</em></span> <span class='ocrx_word' id='word_1_13' title='bbox 422 479 545 542; x_wconf 83' lang='lat' dir='ltr'><em>ociando</em></span> <span class='ocrx_word' id='word_1_14' title='bbox 555 525 562 555; x_wconf 85' lang='lat'><strong><em>,</em></strong></span> <span class='ocrx_word' id='word_1_15' title='bbox 574 478 611 540; x_wconf 88' lang='lat' dir='ltr'><em>ad</em></span> <span class='ocrx_word' id='word_1_16' title='bbox 621 479 788 558; x_wconf 86' lang='lat' dir='ltr'><em>quamjura</em></span> <span class='ocrx_word' id='word_1_17' title='bbox 802 477 924 556; x_wconf 86' lang='lat' dir='ltr'><em>majoris</em></span> <span class='ocrx_word' id='word_1_18' title='bbox 937 478 1029 557; x_wconf 85' lang='lat' dir='ltr'><em>partis</em></span> <span class='ocrx_word' id='word_1_19' title='bbox 1038 477 1116 557; x_wconf 88' lang='lat' dir='ltr'><em>capi-</em></span> 
     </span>
     <span class='ocr_line' id='line_1_4' title="bbox 140 564 1113 650; baseline -0.01 -18"><span class='ocrx_word' id='word_1_20' title='bbox 140 589 155 632; x_wconf 89' lang='grc' dir='ltr'><em>ι</em></span> <span class='ocrx_word' id='word_1_21' title='bbox 179 569 322 631; x_wconf 85' lang='lat' dir='ltr'><em>talariam</em></span> <span class='ocrx_word' id='word_1_22' title='bbox 345 569 469 650; x_wconf 81' lang='lat' dir='ltr'><em>exigunt</em></span> <span class='ocrx_word' id='word_1_23' title='bbox 492 584 699 630; x_wconf 87' lang='lat' dir='ltr'><em>consensum:</em></span> <span class='ocrx_word' id='word_1_24' title='bbox 722 589 738 625; x_wconf 89' lang='grc' dir='ltr'><em>ιι</em></span> <span class='ocrx_word' id='word_1_25' title='bbox 772 564 825 628; x_wconf 88' lang='lat' dir='ltr'><em>sed</em></span> <span class='ocrx_word' id='word_1_26' title='bbox 848 565 955 626; x_wconf 84' lang='lat' dir='ltr'><em>manith</em></span> <span class='ocrx_word' id='word_1_27' title='bbox 987 567 1113 646; x_wconf 89' lang='lat' dir='ltr'><em>supponi</em></span> 
     </span>
     <span class='ocr_line' id='line_1_5' title="bbox 142 653 1116 740; baseline -0.004 -21"><span class='ocrx_word' id='word_1_28' title='bbox 142 665 241 740; x_wconf 87' lang='lat' dir='ltr'><em>potest</em></span> <span class='ocrx_word' id='word_1_29' title='bbox 260 657 341 737; x_wconf 83' lang='lat' dir='ltr'><em>quhd</em></span> <span class='ocrx_word' id='word_1_30' title='bbox 363 657 476 720; x_wconf 85' lang='lat' dir='ltr'><em>Benad.</em></span> <span class='ocrx_word' id='word_1_31' title='bbox 496 659 562 719; x_wconf 88' lang='lat' dir='ltr'><em>XIV</em></span> <span class='ocrx_word' id='word_1_32' title='bbox 576 655 715 737; x_wconf 87' lang='lat' dir='ltr'><em>loquatur</em></span> <span class='ocrx_word' id='word_1_33' title='bbox 727 656 846 716; x_wconf 75' lang='lat' dir='ltr'><em>tantiam</em></span> <span class='ocrx_word' id='word_1_34' title='bbox 860 653 898 714; x_wconf 82' lang='lat' dir='ltr'><em>da</em></span> <span class='ocrx_word' id='word_1_35' title='bbox 911 671 983 716; x_wconf 89' lang='lat' dir='ltr'><em>casu</em></span> <span class='ocrx_word' id='word_1_36' title='bbox 997 654 1116 715; x_wconf 86' lang='lat' dir='ltr'><em>unionis</em></span> 
     </span>
    </p>
   </div>
   <div class='ocr_carea' id='block_1_3' title="bbox 142 741 1117 1074">
    <p class='ocr_par' dir='ltr' id='par_1_3' title="bbox 142 741 1117 1074">
     <span class='ocr_line' id='line_1_6' title="bbox 142 741 1117 823; baseline -0.005 -15"><span class='ocrx_word' id='word_1_37' title='bbox 142 745 228 808; x_wconf 66' lang='lat' dir='ltr'><em>lactas</em></span> <span class='ocrx_word' id='word_1_38' title='bbox 241 763 313 808; x_wconf 86' lang='lat' dir='ltr'><em>cum</em></span> <span class='ocrx_word' id='word_1_39' title='bbox 323 746 440 808; x_wconf 85' lang='lat' dir='ltr'><em>indulto</em></span> <span class='ocrx_word' id='word_1_40' title='bbox 453 744 627 820; x_wconf 80' lang='lat' dir='ltr'><em>Pontifici03</em></span> <span class='ocrx_word' id='word_1_41' title='bbox 638 744 719 806; x_wconf 85' lang='lat' dir='ltr'><em>etsie</em></span> <span class='ocrx_word' id='word_1_42' title='bbox 731 744 821 805; x_wconf 84' lang='lat' dir='ltr'><em>etiarn</em></span> <span class='ocrx_word' id='word_1_43' title='bbox 835 744 872 804; x_wconf 87' lang='lat' dir='ltr'><em>D.</em></span> <span class='ocrx_word' id='word_1_44' title='bbox 887 743 981 804; x_wconf 85' lang='lat' dir='ltr'><em>Bouix</em></span> <span class='ocrx_word' id='word_1_45' title='bbox 991 741 1117 823; x_wconf 85' lang='lat' dir='ltr'><em>explieat</em></span> 
     </span>
     <span class='ocr_line' id='line_1_7' title="bbox 142 829 1116 916; baseline -0.005 -21"><span class='ocrx_word' id='word_1_46' title='bbox 142 834 175 896; x_wconf 90' lang='lat' dir='ltr'><em>in</em></span> <span class='ocrx_word' id='word_1_47' title='bbox 198 841 325 896; x_wconf 85' lang='lat' dir='ltr'><em>tractatu</em></span> <span class='ocrx_word' id='word_1_48' title='bbox 342 835 387 897; x_wconf 85' lang='lat' dir='ltr'><em>De</em></span> <span class='ocrx_word' id='word_1_49' title='bbox 402 832 561 916; x_wconf 83' lang='lat' dir='ltr'><em>Capitolia,</em></span> <span class='ocrx_word' id='word_1_50' title='bbox 577 853 607 914; x_wconf 90' lang='lat' dir='ltr'><em>p.</em></span> <span class='ocrx_word' id='word_1_51' title='bbox 624 836 693 907; x_wconf 89' lang='grc'>396,</span> <span class='ocrx_word' id='word_1_52' title='bbox 712 831 802 894; x_wconf 84' lang='lat' dir='ltr'><em>rerba</em></span> <span class='ocrx_word' id='word_1_53' title='bbox 821 849 889 912; x_wconf 84' lang='lat' dir='ltr'><em>quae</em></span> <span class='ocrx_word' id='word_1_54' title='bbox 902 829 1067 912; x_wconf 76' lang='lat' dir='ltr'><strong>protulerat</strong></span> <span class='ocrx_word' id='word_1_55' title='bbox 1087 831 1116 890; x_wconf 93' lang='lat' dir='ltr'><em>in</em></span> 
     </span>
     <span class='ocr_line' id='line_1_8' title="bbox 143 919 1117 1006; baseline -0.006 -22"><span class='ocrx_word' id='word_1_56' title='bbox 143 929 270 984; x_wconf 86' lang='lat' dir='ltr'><em>tractata</em></span> <span class='ocrx_word' id='word_1_57' title='bbox 290 921 335 984; x_wconf 87' lang='lat' dir='ltr'><em>Dc</em></span> <span class='ocrx_word' id='word_1_58' title='bbox 348 923 494 1006; x_wconf 78' lang='lat' dir='ltr'><em>Episcopo</em></span> <span class='ocrx_word' id='word_1_59' title='bbox 510 927 543 1001; x_wconf 84' lang='lat' dir='ltr'><em>(t.</em></span> <span class='ocrx_word' id='word_1_60' title='bbox 565 925 600 996; x_wconf 74' lang='lat'><em>2,</em></span> <span class='ocrx_word' id='word_1_61' title='bbox 615 940 646 1002; x_wconf 89' lang='lat' dir='ltr'><em>p.</em></span> <span class='ocrx_word' id='word_1_62' title='bbox 662 920 748 1000; x_wconf 88' lang='grc'>388),</span> <span class='ocrx_word' id='word_1_63' title='bbox 763 927 793 982; x_wconf 82' lang='lat' dir='ltr'><em>et</em></span> <span class='ocrx_word' id='word_1_64' title='bbox 810 939 879 1002; x_wconf 83' lang='lat' dir='ltr'><em>quae</em></span> <span class='ocrx_word' id='word_1_65' title='bbox 900 925 971 982; x_wconf 88' lang='lat' dir='ltr'><em>sunt</em></span> <span class='ocrx_word' id='word_1_66' title='bbox 992 919 1117 1001; x_wconf 86' lang='lat' dir='ltr'><em>ipsamet</em></span> 
     </span>
     <span class='ocr_line' id='line_1_9' title="bbox 143 1009 498 1074; baseline -0.006 0"><span class='ocrx_word' id='word_1_67' title='bbox 143 1009 238 1074; x_wconf 85' lang='lat' dir='ltr'><em>verba</em></span> <span class='ocrx_word' id='word_1_68' title='bbox 251 1009 405 1073; x_wconf 84' lang='lat' dir='ltr'><em>Benedicti</em></span> <span class='ocrx_word' id='word_1_69' title='bbox 421 1013 498 1074; x_wconf 85' lang='lat' dir='ltr'><em>xlv.</em></span> 
     </span>
    </p>
   </div>
   <div class='ocr_carea' id='block_1_4' title="bbox 143 1106 1126 3498">
    <p class='ocr_par' dir='ltr' id='par_1_4' title="bbox 143 1106 1119 1631">
     <span class='ocr_line' id='line_1_10' title="bbox 183 1106 1116 1188; baseline -0.003 -18"><span class='ocrx_word' id='word_1_70' title='bbox 183 1111 255 1170; x_wconf 84' lang='grc'><strong>366.</strong></span> <span class='ocrx_word' id='word_1_71' title='bbox 277 1108 377 1170; x_wconf 83' lang='lat' dir='ltr'><em>Etiam</em></span> <span class='ocrx_word' id='word_1_72' title='bbox 400 1109 433 1170; x_wconf 94' lang='lat' dir='ltr'><em>in</em></span> <span class='ocrx_word' id='word_1_73' title='bbox 456 1107 551 1170; x_wconf 79' lang='lat' dir='ltr'><em>Gallih</em></span> <span class='ocrx_word' id='word_1_74' title='bbox 575 1106 694 1188; x_wconf 78' lang='lat' dir='ltr'><em>vigebat</em></span> <span class='ocrx_word' id='word_1_75' title='bbox 717 1107 789 1168; x_wconf 90' lang='lat' dir='ltr'><em>olim</em></span> <span class='ocrx_word' id='word_1_76' title='bbox 812 1106 973 1188; x_wconf 87' lang='lat' dir='ltr'><em>prohibitio</em></span> <span class='ocrx_word' id='word_1_77' title='bbox 994 1107 1116 1169; x_wconf 88' lang='lat' dir='ltr'><em>uniendi</em></span> 
     </span>
     <span class='ocr_line' id='line_1_11' title="bbox 143 1194 1118 1278; baseline -0.004 -18"><span class='ocrx_word' id='word_1_78' title='bbox 143 1196 289 1277; x_wconf 82' lang='lat' dir='ltr'><em>Capitulis</em></span> <span class='ocrx_word' id='word_1_79' title='bbox 302 1197 445 1260; x_wconf 88' lang='lat' dir='ltr'><em>ecclosias</em></span> <span class='ocrx_word' id='word_1_80' title='bbox 462 1194 648 1278; x_wconf 77' lang='lat' dir='ltr'><em>parochiales</em></span> <span class='ocrx_word' id='word_1_81' title='bbox 664 1214 672 1256; x_wconf 79' lang='grc' dir='ltr'><em>ι</em></span> <span class='ocrx_word' id='word_1_82' title='bbox 689 1195 733 1257; x_wconf 89' lang='lat' dir='ltr'><em>sic</em></span> <span class='ocrx_word' id='word_1_83' title='bbox 746 1195 828 1257; x_wconf 84' lang='lat' dir='ltr'><em>eninr</em></span> <span class='ocrx_word' id='word_1_84' title='bbox 843 1195 932 1256; x_wconf 87' lang='lat' dir='ltr'><em>hahet</em></span> <span class='ocrx_word' id='word_1_85' title='bbox 946 1195 1118 1256; x_wconf 85' lang='lat' dir='ltr'><em>Rousseaud</em></span> 
     </span>
     <span class='ocr_line' id='line_1_12' title="bbox 145 1282 1115 1366; baseline -0.007 -19"><span class='ocrx_word' id='word_1_86' title='bbox 145 1285 295 1351; x_wconf 83' lang='lat' dir='ltr'><em>Lacornhe</em></span> <span class='ocrx_word' id='word_1_87' title='bbox 309 1285 436 1366; x_wconf 82' lang='lat' dir='ltr'><em>(Rerueil</em></span> <span class='ocrx_word' id='word_1_88' title='bbox 451 1284 487 1347; x_wconf 89' lang='lat' dir='ltr'><em>de</em></span> <span class='ocrx_word' id='word_1_89' title='bbox 509 1282 735 1366; x_wconf 75' lang='lat' dir='ltr'><em>lurispradcnce</em></span> <span class='ocrx_word' id='word_1_90' title='bbox 756 1284 933 1364; x_wconf 75' lang='lat' dir='ltr'><em>concitique,</em></span> <span class='ocrx_word' id='word_1_91' title='bbox 948 1285 987 1343; x_wconf 78' lang='lat' dir='ltr'><em>V⁰</em></span> <span class='ocrx_word' id='word_1_92' title='bbox 1009 1282 1115 1356; x_wconf 77' lang='lat' dir='ltr'><em>llnion,</em></span> 
     </span>
     <span class='ocr_line' id='line_1_13' title="bbox 144 1367 1119 1455; baseline -0.006 -19"><span class='ocrx_word' id='word_1_93' title='bbox 144 1367 219 1436; x_wconf 79' lang='lat' dir='ltr'><em>sert.</em></span> <span class='ocrx_word' id='word_1_94' title='bbox 235 1378 289 1455; x_wconf 82' lang='grc'><em>5)·</em></span> <span class='ocrx_word' id='word_1_95' title='bbox 309 1394 325 1432; x_wconf 86' lang='grc' dir='ltr'><em>ι</em></span> <span class='ocrx_word' id='word_1_96' title='bbox 345 1376 429 1436; x_wconf 89' lang='lat' dir='ltr'><em>Nous</em></span> <span class='ocrx_word' id='word_1_97' title='bbox 442 1379 586 1437; x_wconf 90' lang='lat' dir='ltr'><em>trouvons</em></span> <span class='ocrx_word' id='word_1_98' title='bbox 605 1372 675 1434; x_wconf 92' lang='lat' dir='ltr'><em>bien</em></span> <span class='ocrx_word' id='word_1_99' title='bbox 695 1371 784 1450; x_wconf 90' lang='lat' dir='ltr'><em>(dans</em></span> <span class='ocrx_word' id='word_1_100' title='bbox 798 1371 825 1433; x_wconf 84' lang='lat' dir='ltr'><em>ie</em></span> <span class='ocrx_word' id='word_1_101' title='bbox 845 1371 937 1449; x_wconf 82' lang='lat' dir='ltr'><em>droit)</em></span> <span class='ocrx_word' id='word_1_102' title='bbox 962 1389 1021 1452; x_wconf 86' lang='lat' dir='ltr'><em>quo</em></span> <span class='ocrx_word' id='word_1_103' title='bbox 1041 1371 1119 1431; x_wconf 83' lang='lat' dir='ltr'><em>deux</em></span> 
     </span>
     <span class='ocr_line' id='line_1_14' title="bbox 144 1461 1118 1568; baseline -0.003 -46"><span class='ocrx_word' id='word_1_104' title='bbox 144 1483 161 1522; x_wconf 83' lang='grc' dir='ltr'><em>ι</em></span> <span class='ocrx_word' id='word_1_105' title='bbox 186 1461 668 1568; x_wconf 70' lang='lat' dir='ltr'><em>aglisesparoissiales...pouvent</em></span> <span class='ocrx_word' id='word_1_106' title='bbox 680 1460 846 1532; x_wconf 71' lang='lat' dir='ltr'><em>streames</em></span> <span class='ocrx_word' id='word_1_107' title='bbox 855 1479 929 1520; x_wconf 79' lang='lat' dir='ltr'><em>mors</em></span> <span class='ocrx_word' id='word_1_108' title='bbox 938 1479 1118 1541; x_wconf 80' lang='lat' dir='ltr'><em>nonposrno</em></span> 
     </span>
     <span class='ocr_line' id='line_1_15' title="bbox 146 1547 1117 1638; baseline -0.001 -29"><span class='ocrx_word' id='word_1_109' title='bbox 146 1571 161 1609; x_wconf 89' lang='grc' dir='ltr'><em>ι</em></span> <span class='ocrx_word' id='word_1_110' title='bbox 186 1551 279 1638; x_wconf 82' lang='lat' dir='ltr'><em>iplisa</em></span> <span class='ocrx_word' id='word_1_111' title='bbox 287 1551 490 1631; x_wconf 41' lang='grc' dir='ltr'>ιιιιιοιἪιιιιιΙι</span> <span class='ocrx_word' id='word_1_112' title='bbox 474 1571 492 1612; x_wconf 89' lang='grc' dir='ltr'><em>α</em></span> <span class='ocrx_word' id='word_1_113' title='bbox 505 1570 545 1612; x_wconf 83' lang='lat' dir='ltr'><em>un</em></span> <span class='ocrx_word' id='word_1_114' title='bbox 556 1549 699 1630; x_wconf 84' lang='lat' dir='ltr'><em>Clrapitre</em></span> <span class='ocrx_word' id='word_1_115' title='bbox 712 1567 753 1610; x_wconf 92' lang='lat' dir='ltr'><em>ou</em></span> <span class='ocrx_word' id='word_1_116' title='bbox 767 1551 836 1611; x_wconf 82' lang='lat' dir='ltr'><em>hun</em></span> <span class='ocrx_word' id='word_1_117' title='bbox 847 1557 931 1610; x_wconf 88' lang='lat' dir='ltr'><em>autre</em></span> <span class='ocrx_word' id='word_1_118' title='bbox 946 1547 1117 1610; x_wconf 68' lang='lat' dir='ltr'><em>horrifice..</em></span> 
     </span>
    </p>

    <p class='ocr_par' dir='ltr' id='par_1_5' title="bbox 147 1634 1117 1720">
     <span class='ocr_line' id='line_1_16' title="bbox 147 1634 1117 1720; baseline -0.001 -20.957"><span class='ocrx_word' id='word_1_119' title='bbox 147 1640 244 1700; x_wconf 70' lang='lat' dir='ltr'><em>»Les</em></span> <span class='ocrx_word' id='word_1_120' title='bbox 263 1634 400 1720; x_wconf 80' lang='lat' dir='ltr'><em>Erdques</em></span> <span class='ocrx_word' id='word_1_121' title='bbox 419 1637 462 1701; x_wconf 91' lang='lat' dir='ltr'><em>du</em></span> <span class='ocrx_word' id='word_1_122' title='bbox 482 1638 603 1700; x_wconf 85' lang='lat' dir='ltr'><em>Concita</em></span> <span class='ocrx_word' id='word_1_123' title='bbox 618 1637 657 1699; x_wconf 88' lang='lat' dir='ltr'><em>de</em></span> <span class='ocrx_word' id='word_1_124' title='bbox 677 1641 785 1699; x_wconf 86' lang='lat' dir='ltr'><em>Trente</em></span> <span class='ocrx_word' id='word_1_125' title='bbox 808 1638 982 1699; x_wconf 77' lang='lat' dir='ltr'><em>trouvhrent</em></span> <span class='ocrx_word' id='word_1_126' title='bbox 1002 1637 1117 1698; x_wconf 89' lang='lat' dir='ltr'><em>l&#39;union</em></span> 
     </span>
    </p>

    <p class='ocr_par' dir='ltr' id='par_1_6' title="bbox 145 1725 1121 1896">
     <span class='ocr_line' id='line_1_17' title="bbox 145 1725 1120 1808; baseline 0.002 -20.09"><span class='ocrx_word' id='word_1_127' title='bbox 145 1727 368 1790; x_wconf 75' lang='lat' dir='ltr'><em>doscurossr</em></span> <span class='ocrx_word' id='word_1_128' title='bbox 379 1745 617 1808; x_wconf 83' lang='lat' dir='ltr'><em>peucanonrque</em></span> <span class='ocrx_word' id='word_1_129' title='bbox 630 1745 690 1807; x_wconf 87' lang='lat' dir='ltr'><em>que</em></span> <span class='ocrx_word' id='word_1_130' title='bbox 700 1725 811 1787; x_wconf 85' lang='lat' dir='ltr'><em>dansla</em></span> <span class='ocrx_word' id='word_1_131' title='bbox 822 1743 894 1787; x_wconf 81' lang='lat' dir='ltr'><em>sess</em></span> <span class='ocrx_word' id='word_1_132' title='bbox 912 1729 964 1795; x_wconf 76' lang='lat'><em>24,</em></span> <span class='ocrx_word' id='word_1_133' title='bbox 982 1725 1069 1805; x_wconf 85' lang='lat' dir='ltr'><em>chop.</em></span> <span class='ocrx_word' id='word_1_134' title='bbox 1083 1729 1120 1790; x_wconf 85' lang='grc'><em>43</em></span> 
     </span>
     <span class='ocr_line' id='line_1_18' title="bbox 151 1813 1121 1896; baseline 0.007 -26"><span class='ocrx_word' id='word_1_135' title='bbox 151 1837 166 1870; x_wconf 87' lang='grc' dir='ltr'><em>ι</em></span> <span class='ocrx_word' id='word_1_136' title='bbox 187 1815 378 1896; x_wconf 71' lang='lat' dir='ltr'><em>clarescant...</em></span> <span class='ocrx_word' id='word_1_137' title='bbox 383 1814 632 1877; x_wconf 78' lang='lat' dir='ltr'><em>‚ilsdatendiren</em></span> <span class='ocrx_word' id='word_1_138' title='bbox 645 1815 675 1874; x_wconf 87' lang='lat' dir='ltr'><em>d&#39;</em></span> <span class='ocrx_word' id='word_1_139' title='bbox 677 1815 746 1876; x_wconf 92' lang='lat' dir='ltr'><em>unir</em></span> <span class='ocrx_word' id='word_1_140' title='bbox 760 1833 818 1876; x_wconf 87' lang='lat' dir='ltr'><em>aux</em></span> <span class='ocrx_word' id='word_1_141' title='bbox 828 1815 936 1895; x_wconf 77' lang='lat' dir='ltr'><em>aglises</em></span> <span class='ocrx_word' id='word_1_142' title='bbox 950 1813 1121 1877; x_wconf 86' lang='lat' dir='ltr'><em>canoniales</em></span> 
     </span>
    </p>

    <p class='ocr_par' dir='ltr' id='par_1_7' title="bbox 150 1902 1121 1984">
     <span class='ocr_line' id='line_1_19' title="bbox 150 1902 1121 1984; baseline -0.001 -18.959"><span class='ocrx_word' id='word_1_143' title='bbox 150 1903 241 1966; x_wconf 86' lang='lat' dir='ltr'><em>»des</em></span> <span class='ocrx_word' id='word_1_144' title='bbox 257 1902 420 1966; x_wconf 76' lang='lat' dir='ltr'><em>birrehcrs-</em></span> <span class='ocrx_word' id='word_1_145' title='bbox 410 1921 526 1979; x_wconf 82' lang='lat' dir='ltr'><em>-cares;</em></span> <span class='ocrx_word' id='word_1_146' title='bbox 548 1902 763 1984; x_wconf 88' lang='lat' dir='ltr'><em>disposition</em></span> <span class='ocrx_word' id='word_1_147' title='bbox 740 1921 764 1964; x_wconf 86' lang='lat' dir='ltr'><em>sr</em></span> <span class='ocrx_word' id='word_1_148' title='bbox 784 1903 878 1965; x_wconf 80' lang='lat' dir='ltr'><em>sainte</em></span> <span class='ocrx_word' id='word_1_149' title='bbox 897 1921 958 1984; x_wconf 85' lang='lat' dir='ltr'><em>que</em></span> <span class='ocrx_word' id='word_1_150' title='bbox 980 1903 1023 1966; x_wconf 90' lang='lat' dir='ltr'><em>les</em></span> <span class='ocrx_word' id='word_1_151' title='bbox 1041 1907 1121 1966; x_wconf 86' lang='lat' dir='ltr'><em>Etats</em></span> 
     </span>
    </p>

    <p class='ocr_par' dir='ltr' id='par_1_8' title="bbox 147 1991 1122 2250">
     <span class='ocr_line' id='line_1_20' title="bbox 148 1991 1122 2073; baseline -0.002 -18.914"><span class='ocrx_word' id='word_1_152' title='bbox 148 1993 226 2054; x_wconf 77' lang='lat' dir='ltr'><em>nde</em></span> <span class='ocrx_word' id='word_1_153' title='bbox 240 1993 321 2054; x_wconf 76' lang='lat' dir='ltr'><em>thais</em></span> <span class='ocrx_word' id='word_1_154' title='bbox 334 1991 351 2052; x_wconf 91' lang='lat' dir='ltr'><em>l&#39;</em></span> <span class='ocrx_word' id='word_1_155' title='bbox 353 2001 407 2054; x_wconf 89' lang='lat' dir='ltr'><em>ont</em></span> <span class='ocrx_word' id='word_1_156' title='bbox 419 1993 567 2052; x_wconf 75' lang='lat' dir='ltr'><em>ambias.</em></span> <span class='ocrx_word' id='word_1_157' title='bbox 541 2011 589 2053; x_wconf 76' lang='lat' dir='ltr'><em>see</em></span> <span class='ocrx_word' id='word_1_158' title='bbox 602 1991 678 2052; x_wconf 91' lang='lat' dir='ltr'><em>dans</em></span> <span class='ocrx_word' id='word_1_159' title='bbox 693 1991 735 2052; x_wconf 88' lang='lat' dir='ltr'><em>las</em></span> <span class='ocrx_word' id='word_1_160' title='bbox 749 1999 804 2052; x_wconf 88' lang='lat' dir='ltr'><em>art.</em></span> <span class='ocrx_word' id='word_1_161' title='bbox 816 1995 866 2068; x_wconf 72' lang='lat'><em>22,</em></span> <span class='ocrx_word' id='word_1_162' title='bbox 882 1995 936 2067; x_wconf 76' lang='lat'><em>23;</em></span> <span class='ocrx_word' id='word_1_163' title='bbox 948 2012 964 2050; x_wconf 89' lang='grc' dir='ltr'><em>ι</em></span> <span class='ocrx_word' id='word_1_164' title='bbox 981 2000 1011 2052; x_wconf 86' lang='lat' dir='ltr'><em>et</em></span> <span class='ocrx_word' id='word_1_165' title='bbox 1026 1995 1122 2073; x_wconf 82' lang='lat' dir='ltr'><em>reipsa</em></span> 
     </span>
     <span class='ocr_line' id='line_1_21' title="bbox 147 2079 1121 2162; baseline -0.003 -19"><span class='ocrx_word' id='word_1_166' title='bbox 147 2087 204 2143; x_wconf 85' lang='lat' dir='ltr'><em>art.</em></span> <span class='ocrx_word' id='word_1_167' title='bbox 220 2083 269 2152; x_wconf 73' lang='lat'><em>23,</em></span> <span class='ocrx_word' id='word_1_168' title='bbox 285 2080 382 2142; x_wconf 80' lang='lat' dir='ltr'><em>Edict.</em></span> <span class='ocrx_word' id='word_1_169' title='bbox 406 2081 556 2142; x_wconf 83' lang='lat' dir='ltr'><em>hlesrnsis</em></span> <span class='ocrx_word' id='word_1_170' title='bbox 576 2081 721 2162; x_wconf 87' lang='lat' dir='ltr'><em>permittit</em></span> <span class='ocrx_word' id='word_1_171' title='bbox 739 2083 857 2140; x_wconf 84' lang='lat' dir='ltr'><em>tanttnn</em></span> <span class='ocrx_word' id='word_1_172' title='bbox 877 2098 964 2140; x_wconf 76' lang='lat' dir='ltr'><em>ancre</em></span> <span class='ocrx_word' id='word_1_173' title='bbox 986 2079 1121 2155; x_wconf 67' lang='lat' dir='ltr'><em>honestos</em></span> 
     </span>
     <span class='ocr_line' id='line_1_22' title="bbox 147 2168 654 2250; baseline -0.004 -20"><span class='ocrx_word' id='word_1_174' title='bbox 147 2168 298 2249; x_wconf 81' lang='lat' dir='ltr'><em>simplicio</em></span> <span class='ocrx_word' id='word_1_175' title='bbox 312 2169 455 2250; x_wconf 85' lang='lat' dir='ltr'><em>Capitulis</em></span> <span class='ocrx_word' id='word_1_176' title='bbox 468 2176 498 2230; x_wconf 90' lang='lat' dir='ltr'><em>ot</em></span> <span class='ocrx_word' id='word_1_177' title='bbox 510 2169 654 2250; x_wconf 80' lang='lat' dir='ltr'><em>collegiis.</em></span> 
     </span>
    </p>

    <p class='ocr_par' dir='ltr' id='par_1_9' title="bbox 148 2264 1124 2878">
     <span class='ocr_line' id='line_1_23' title="bbox 188 2264 1122 2346; baseline -0.001 -18"><span class='ocrx_word' id='word_1_178' title='bbox 188 2271 259 2328; x_wconf 79' lang='grc'><strong>367.</strong></span> <span class='ocrx_word' id='word_1_179' title='bbox 276 2266 330 2326; x_wconf 82' lang='lat' dir='ltr'><em>ilis</em></span> <span class='ocrx_word' id='word_1_180' title='bbox 345 2284 404 2327; x_wconf 91' lang='lat' dir='ltr'><em>non</em></span> <span class='ocrx_word' id='word_1_181' title='bbox 416 2266 620 2328; x_wconf 66' lang='lat' dir='ltr'><em>obstantibus:</em></span> <span class='ocrx_word' id='word_1_182' title='bbox 636 2265 739 2327; x_wconf 78' lang='lat' dir='ltr'><em>«Ghrn</em></span> <span class='ocrx_word' id='word_1_183' title='bbox 753 2264 869 2326; x_wconf 87' lang='lat' dir='ltr'><em>bonum</em></span> <span class='ocrx_word' id='word_1_184' title='bbox 879 2265 1035 2346; x_wconf 88' lang='lat' dir='ltr'><em>publicum</em></span> <span class='ocrx_word' id='word_1_185' title='bbox 1050 2285 1122 2346; x_wconf 84' lang='lat' dir='ltr'><em>prae·</em></span> 
     </span>
     <span class='ocr_line' id='line_1_24' title="bbox 148 2353 1122 2435; baseline 0 -19"><span class='ocrx_word' id='word_1_186' title='bbox 148 2377 164 2416; x_wconf 89' lang='grc' dir='ltr'><em>ι</em></span> <span class='ocrx_word' id='word_1_187' title='bbox 189 2356 287 2416; x_wconf 82' lang='lat' dir='ltr'><em>valera</em></span> <span class='ocrx_word' id='word_1_188' title='bbox 301 2353 424 2428; x_wconf 78' lang='lat' dir='ltr'><em>delirat,</em></span> <span class='ocrx_word' id='word_1_189' title='bbox 450 2355 548 2430; x_wconf 78' lang='lat' dir='ltr'><em>inquit</em></span> <span class='ocrx_word' id='word_1_190' title='bbox 561 2357 722 2435; x_wconf 75' lang='lat' dir='ltr'><em>Laqueus,</em></span> <span class='ocrx_word' id='word_1_191' title='bbox 739 2363 772 2414; x_wconf 87' lang='lat' dir='ltr'><em>n⁰</em></span> <span class='ocrx_word' id='word_1_192' title='bbox 788 2357 881 2430; x_wconf 81' lang='grc'><strong>4494,</strong></span> <span class='ocrx_word' id='word_1_193' title='bbox 898 2359 1015 2414; x_wconf 86' lang='lat' dir='ltr'><em>constat</em></span> <span class='ocrx_word' id='word_1_194' title='bbox 1033 2355 1122 2416; x_wconf 85' lang='lat' dir='ltr'><em>etiam</em></span> 
     </span>
     <span class='ocr_line' id='line_1_25' title="bbox 148 2441 1123 2524; baseline 0.003 -22"><span class='ocrx_word' id='word_1_195' title='bbox 148 2465 164 2502; x_wconf 89' lang='grc' dir='ltr'><em>ι</em></span> <span class='ocrx_word' id='word_1_196' title='bbox 189 2443 401 2523; x_wconf 80' lang='lat' dir='ltr'><em>innovissinris</em></span> <span class='ocrx_word' id='word_1_197' title='bbox 411 2442 625 2505; x_wconf 77' lang='lat' dir='ltr'><em>saeuttsnctas</em></span> <span class='ocrx_word' id='word_1_198' title='bbox 635 2443 726 2506; x_wconf 84' lang='lat' dir='ltr'><em>luisse</em></span> <span class='ocrx_word' id='word_1_199' title='bbox 737 2441 883 2524; x_wconf 87' lang='lat' dir='ltr'><em>plurimas</em></span> <span class='ocrx_word' id='word_1_200' title='bbox 898 2441 1025 2503; x_wconf 89' lang='lat' dir='ltr'><em>uniones</em></span> <span class='ocrx_word' id='word_1_201' title='bbox 1034 2441 1123 2505; x_wconf 87' lang='lat' dir='ltr'><em>bene-</em></span> 
     </span>
     <span class='ocr_line' id='line_1_26' title="bbox 149 2530 1123 2611; baseline 0.003 -20"><span class='ocrx_word' id='word_1_202' title='bbox 149 2553 165 2591; x_wconf 89' lang='grc' dir='ltr'><em>ι</em></span> <span class='ocrx_word' id='word_1_203' title='bbox 190 2531 329 2594; x_wconf 81' lang='lat' dir='ltr'><em>hciorunr</em></span> <span class='ocrx_word' id='word_1_204' title='bbox 351 2532 558 2608; x_wconf 83' lang='lat' dir='ltr'><em>monasteriis,</em></span> <span class='ocrx_word' id='word_1_205' title='bbox 584 2533 752 2594; x_wconf 85' lang='lat' dir='ltr'><em>seminariis</em></span> <span class='ocrx_word' id='word_1_206' title='bbox 778 2533 804 2606; x_wconf 86' lang='lat'><em>¹,</em></span> <span class='ocrx_word' id='word_1_207' title='bbox 825 2530 983 2611; x_wconf 83' lang='lat' dir='ltr'><em>Capitulis,</em></span> <span class='ocrx_word' id='word_1_208' title='bbox 1007 2538 1063 2592; x_wconf 86' lang='lat' dir='ltr'><em>etc.</em></span> <span class='ocrx_word' id='word_1_209' title='bbox 1089 2535 1123 2594; x_wconf 90' lang='lat' dir='ltr'><em>ln</em></span> 
     </span>
     <span class='ocr_line' id='line_1_27' title="bbox 150 2619 1121 2701; baseline 0.006 -23"><span class='ocrx_word' id='word_1_210' title='bbox 150 2642 165 2678; x_wconf 84' lang='lat' dir='ltr'><em>n</em></span> <span class='ocrx_word' id='word_1_211' title='bbox 188 2620 300 2682; x_wconf 73' lang='lat' dir='ltr'><em>sarculo</em></span> <span class='ocrx_word' id='word_1_212' title='bbox 312 2637 394 2681; x_wconf 87' lang='lat' dir='ltr'><em>nunc</em></span> <span class='ocrx_word' id='word_1_213' title='bbox 407 2619 597 2697; x_wconf 78' lang='lat' dir='ltr'><em>decurrente,</em></span> <span class='ocrx_word' id='word_1_214' title='bbox 613 2620 712 2701; x_wconf 84' lang='lat' dir='ltr'><em>quoad</em></span> <span class='ocrx_word' id='word_1_215' title='bbox 728 2619 837 2681; x_wconf 82' lang='lat' dir='ltr'><em>nruhas</em></span> <span class='ocrx_word' id='word_1_216' title='bbox 851 2619 994 2680; x_wconf 82' lang='lat' dir='ltr'><em>dioeceses</em></span> <span class='ocrx_word' id='word_1_217' title='bbox 1008 2620 1121 2694; x_wconf 67' lang='lat' dir='ltr'><em>Galliae,</em></span> 
     </span>
     <span class='ocr_line' id='line_1_28' title="bbox 150 2707 1121 2789; baseline 0.005 -22"><span class='ocrx_word' id='word_1_218' title='bbox 150 2731 166 2767; x_wconf 89' lang='grc' dir='ltr'><em>ι</em></span> <span class='ocrx_word' id='word_1_219' title='bbox 190 2709 320 2789; x_wconf 85' lang='lat' dir='ltr'><em>paroecia</em></span> <span class='ocrx_word' id='word_1_220' title='bbox 335 2709 384 2770; x_wconf 85' lang='lat' dir='ltr'><em>illa</em></span> <span class='ocrx_word' id='word_1_221' title='bbox 402 2727 471 2788; x_wconf 77' lang='lat' dir='ltr'><em>nuae</em></span> <span class='ocrx_word' id='word_1_222' title='bbox 490 2709 521 2769; x_wconf 93' lang='lat' dir='ltr'><em>in</em></span> <span class='ocrx_word' id='word_1_223' title='bbox 540 2709 673 2770; x_wconf 75' lang='lat' dir='ltr'><em>Ecclesia</em></span> <span class='ocrx_word' id='word_1_224' title='bbox 693 2707 859 2770; x_wconf 78' lang='lat' dir='ltr'><em>cathedrali</em></span> <span class='ocrx_word' id='word_1_225' title='bbox 879 2715 922 2769; x_wconf 90' lang='lat' dir='ltr'><em>est</em></span> <span class='ocrx_word' id='word_1_226' title='bbox 945 2710 1121 2789; x_wconf 81' lang='lat' dir='ltr'><em>constituta,</em></span> 
     </span>
     <span class='ocr_line' id='line_1_29' title="bbox 150 2796 1124 2878; baseline 0.005 -22"><span class='ocrx_word' id='word_1_227' title='bbox 150 2819 166 2856; x_wconf 85' lang='grc' dir='ltr'><em>ιι</em></span> <span class='ocrx_word' id='word_1_228' title='bbox 191 2798 276 2860; x_wconf 85' lang='lat' dir='ltr'><em>unita</em></span> <span class='ocrx_word' id='word_1_229' title='bbox 290 2797 345 2859; x_wconf 88' lang='lat' dir='ltr'><em>luit</em></span> <span class='ocrx_word' id='word_1_230' title='bbox 354 2797 506 2878; x_wconf 82' lang='lat' dir='ltr'><em>capitulo,</em></span> <span class='ocrx_word' id='word_1_231' title='bbox 523 2805 556 2859; x_wconf 89' lang='lat' dir='ltr'><em>ut</em></span> <span class='ocrx_word' id='word_1_232' title='bbox 569 2797 737 2859; x_wconf 78' lang='lat' dir='ltr'><em>secundam</em></span> <span class='ocrx_word' id='word_1_233' title='bbox 751 2796 992 2858; x_wconf 80' lang='lat' dir='ltr'><em>honorationem</em></span> <span class='ocrx_word' id='word_1_234' title='bbox 1006 2797 1124 2862; x_wconf 75' lang='lat' dir='ltr'><em>facilins</em></span> 
     </span>
    </p>

    <p class='ocr_par' dir='ltr' id='par_1_10' title="bbox 150 2885 546 2948">
     <span class='ocr_line' id='line_1_30' title="bbox 150 2885 546 2948; baseline -0.011 -0.538"><span class='ocrx_word' id='word_1_235' title='bbox 150 2885 332 2948; x_wconf 73' lang='lat' dir='ltr'><em>»vitaretur</em></span> <span class='ocrx_word' id='word_1_236' title='bbox 345 2885 514 2947; x_wconf 79' lang='lat' dir='ltr'><em>condictus.</em></span> <span class='ocrx_word' id='word_1_237' title='bbox 530 2907 546 2943; x_wconf 89' lang='grc' dir='ltr'><em>ι</em></span> 
     </span>
    </p>

    <p class='ocr_par' dir='ltr' id='par_1_11' title="bbox 151 2973 1126 3498">
     <span class='ocr_line' id='line_1_31' title="bbox 196 2973 1123 3056; baseline 0.01 -26"><span class='ocrx_word' id='word_1_238' title='bbox 196 2995 212 3030; x_wconf 95' lang='grc' dir='ltr'><em>ιι</em></span> <span class='ocrx_word' id='word_1_239' title='bbox 233 2975 289 3036; x_wconf 85' lang='lat' dir='ltr'><em>Par</em></span> <span class='ocrx_word' id='word_1_240' title='bbox 306 2992 367 3035; x_wconf 88' lang='lat' dir='ltr'><em>nno</em></span> <span class='ocrx_word' id='word_1_241' title='bbox 385 2973 542 3056; x_wconf 84' lang='lat' dir='ltr'><em>circulaira</em></span> <span class='ocrx_word' id='word_1_242' title='bbox 563 2973 607 3036; x_wconf 92' lang='lat' dir='ltr'><em>du</em></span> <span class='ocrx_word' id='word_1_243' title='bbox 625 2976 665 3036; x_wconf 73' lang='lat'><em>20</em></span> <span class='ocrx_word' id='word_1_244' title='bbox 685 2973 745 3034; x_wconf 89' lang='lat' dir='ltr'><em>mai</em></span> <span class='ocrx_word' id='word_1_245' title='bbox 766 2976 841 3036; x_wconf 82' lang='grc'><strong>4807</strong></span> <span class='ocrx_word' id='word_1_246' title='bbox 855 2975 984 3056; x_wconf 85' lang='lat' dir='ltr'><em>‚inquit</em></span> <span class='ocrx_word' id='word_1_247' title='bbox 1002 2975 1123 3040; x_wconf 83' lang='lat' dir='ltr'><em>Dieulin</em></span> 
     </span>
     <span class='ocr_line' id='line_1_32' title="bbox 152 3060 1124 3150; baseline 0.009 -29"><span class='ocrx_word' id='word_1_248' title='bbox 152 3085 168 3121; x_wconf 90' lang='grc' dir='ltr'><em>ιι</em></span> <span class='ocrx_word' id='word_1_249' title='bbox 192 3060 297 3150; x_wconf 62' lang='lat' dir='ltr'><em>(dalida</em></span> <span class='ocrx_word' id='word_1_250' title='bbox 310 3061 470 3134; x_wconf 75' lang='lat' dir='ltr'><em>descura,</em></span> <span class='ocrx_word' id='word_1_251' title='bbox 482 3062 649 3144; x_wconf 62' lang='lat' dir='ltr'><em>pharpha</em></span> <span class='ocrx_word' id='word_1_252' title='bbox 662 3063 796 3124; x_wconf 77' lang='lat' dir='ltr'><em>Ministro</em></span> <span class='ocrx_word' id='word_1_253' title='bbox 810 3061 864 3124; x_wconf 89' lang='lat' dir='ltr'><em>des</em></span> <span class='ocrx_word' id='word_1_254' title='bbox 877 3064 1124 3130; x_wconf 85' lang='lat' dir='ltr'><em>cultasrnvrteles</em></span> 
     </span>
     <span class='ocr_line' id='line_1_33' title="bbox 151 3137 1125 3234; baseline 0.008 -23"><span class='ocrx_word' id='word_1_255' title='bbox 151 3173 168 3211; x_wconf 87' lang='grc' dir='ltr'><em>ι</em></span> <span class='ocrx_word' id='word_1_256' title='bbox 192 3137 330 3232; x_wconf 65' lang='lat' dir='ltr'><em>liteques</em></span> <span class='ocrx_word' id='word_1_257' title='bbox 349 3153 366 3212; x_wconf 82' lang='lat' dir='ltr'><em>h</em></span> <span class='ocrx_word' id='word_1_258' title='bbox 385 3151 489 3212; x_wconf 76' lang='lat' dir='ltr'><em>reunia</em></span> <span class='ocrx_word' id='word_1_259' title='bbox 502 3169 561 3213; x_wconf 86' lang='lat' dir='ltr'><em>aux</em></span> <span class='ocrx_word' id='word_1_260' title='bbox 584 3151 736 3232; x_wconf 86' lang='lat' dir='ltr'><em>Ghapitres</em></span> <span class='ocrx_word' id='word_1_261' title='bbox 759 3151 802 3213; x_wconf 86' lang='lat' dir='ltr'><em>les</em></span> <span class='ocrx_word' id='word_1_262' title='bbox 824 3169 913 3214; x_wconf 85' lang='lat' dir='ltr'><em>cures</em></span> <span class='ocrx_word' id='word_1_263' title='bbox 933 3151 987 3214; x_wconf 90' lang='lat' dir='ltr'><em>des</em></span> <span class='ocrx_word' id='word_1_264' title='bbox 1008 3141 1125 3234; x_wconf 66' lang='lat' dir='ltr'><em>dglisas</em></span> 
     </span>
     <span class='ocr_line' id='line_1_34' title="bbox 152 3239 1126 3320; baseline 0.007 -22"><span class='ocrx_word' id='word_1_265' title='bbox 152 3262 168 3298; x_wconf 91' lang='grc' dir='ltr'><em>ι</em></span> <span class='ocrx_word' id='word_1_266' title='bbox 193 3241 263 3300; x_wconf 79' lang='lat' dir='ltr'><em>mit</em></span> <span class='ocrx_word' id='word_1_267' title='bbox 266 3239 449 3310; x_wconf 81' lang='lat' dir='ltr'><em>cpolitaines</em></span> <span class='ocrx_word' id='word_1_268' title='bbox 469 3245 499 3300; x_wconf 81' lang='lat' dir='ltr'><em>et</em></span> <span class='ocrx_word' id='word_1_269' title='bbox 519 3239 703 3320; x_wconf 66' lang='lat' dir='ltr'><em>spiscopalcs</em></span> <span class='ocrx_word' id='word_1_270' title='bbox 723 3239 783 3300; x_wconf 81' lang='lat' dir='ltr'><em>alin</em></span> <span class='ocrx_word' id='word_1_271' title='bbox 806 3239 845 3301; x_wconf 87' lang='lat' dir='ltr'><em>de</em></span> <span class='ocrx_word' id='word_1_272' title='bbox 865 3239 939 3302; x_wconf 83' lang='lat' dir='ltr'><em>faire</em></span> <span class='ocrx_word' id='word_1_273' title='bbox 963 3259 1062 3304; x_wconf 79' lang='lat' dir='ltr'><em>cessar</em></span> <span class='ocrx_word' id='word_1_274' title='bbox 1083 3244 1126 3304; x_wconf 82' lang='lat' dir='ltr'><em>las</em></span> 
     </span>
     <span class='ocr_line' id='line_1_35' title="bbox 152 3327 1125 3408; baseline 0.006 -21"><span class='ocrx_word' id='word_1_275' title='bbox 152 3349 168 3387; x_wconf 88' lang='grc' dir='ltr'><em>ιι</em></span> <span class='ocrx_word' id='word_1_276' title='bbox 193 3327 422 3390; x_wconf 82' lang='lat' dir='ltr'><em>inconvenients</em></span> <span class='ocrx_word' id='word_1_277' title='bbox 434 3334 464 3389; x_wconf 87' lang='lat' dir='ltr'><em>et</em></span> <span class='ocrx_word' id='word_1_278' title='bbox 484 3327 527 3388; x_wconf 90' lang='lat' dir='ltr'><em>les</em></span> <span class='ocrx_word' id='word_1_279' title='bbox 546 3327 729 3390; x_wconf 86' lang='lat' dir='ltr'><em>discussions</em></span> <span class='ocrx_word' id='word_1_280' title='bbox 748 3328 937 3408; x_wconf 83' lang='lat' dir='ltr'><em>qu’entratnc</em></span> <span class='ocrx_word' id='word_1_281' title='bbox 955 3329 1125 3393; x_wconf 84' lang='lat' dir='ltr'><em>l&#39;existenca</em></span> 
     </span>
     <span class='ocr_line' id='line_1_36' title="bbox 152 3415 1126 3498; baseline 0.005 -22"><span class='ocrx_word' id='word_1_282' title='bbox 152 3437 170 3476; x_wconf 84' lang='grc' dir='ltr'><em>ι</em></span> <span class='ocrx_word' id='word_1_283' title='bbox 192 3415 367 3478; x_wconf 86' lang='lat' dir='ltr'><em>d&#39;uaacure</em></span> <span class='ocrx_word' id='word_1_284' title='bbox 380 3415 601 3496; x_wconf 77' lang='lat' dir='ltr'><em>independente</em></span> <span class='ocrx_word' id='word_1_285' title='bbox 614 3415 657 3479; x_wconf 92' lang='lat' dir='ltr'><em>du</em></span> <span class='ocrx_word' id='word_1_286' title='bbox 670 3434 759 3498; x_wconf 95' lang='lat' dir='ltr'><em>corps</em></span> <span class='ocrx_word' id='word_1_287' title='bbox 771 3415 814 3478; x_wconf 89' lang='lat' dir='ltr'><em>du</em></span> <span class='ocrx_word' id='word_1_288' title='bbox 827 3415 976 3498; x_wconf 85' lang='lat' dir='ltr'><em>Chapitre.</em></span> <span class='ocrx_word' id='word_1_289' title='bbox 993 3419 1081 3481; x_wconf 85' lang='lat' dir='ltr'><em>hassi</em></span> <span class='ocrx_word' id='word_1_290' title='bbox 1098 3419 1126 3481; x_wconf 87' lang='lat' dir='ltr'><em>la</em></span> 
     </span>
    </p>
   </div>
   <div class='ocr_carea' id='block_1_5' title="bbox 157 3599 1124 3807">
    <p class='ocr_par' dir='ltr' id='par_1_12' title="bbox 157 3599 1124 3807">
     <span class='ocr_line' id='line_1_37' title="bbox 186 3599 1124 3665; baseline 0 -13"><span class='ocrx_word' id='word_1_291' title='bbox 186 3604 194 3632; x_wconf 80' lang='lat'><em>⁶</em></span> <span class='ocrx_word' id='word_1_292' title='bbox 210 3601 247 3654; x_wconf 77' lang='lat' dir='ltr'><em>Ex</em></span> <span class='ocrx_word' id='word_1_293' title='bbox 258 3601 367 3654; x_wconf 81' lang='lat' dir='ltr'><em>Concilio</em></span> <span class='ocrx_word' id='word_1_294' title='bbox 378 3601 457 3662; x_wconf 70' lang='lat' dir='ltr'><em>Trici,</em></span> <span class='ocrx_word' id='word_1_295' title='bbox 474 3617 536 3654; x_wconf 77' lang='lat' dir='ltr'><em>assa.</em></span> <span class='ocrx_word' id='word_1_296' title='bbox 548 3603 588 3664; x_wconf 79' lang='lat'><em>23,</em></span> <span class='ocrx_word' id='word_1_297' title='bbox 600 3617 624 3656; x_wconf 79' lang='lat' dir='ltr'><em>a.</em></span> <span class='ocrx_word' id='word_1_298' title='bbox 633 3604 674 3665; x_wconf 64' lang='lat'><em>18,</em></span> <span class='ocrx_word' id='word_1_299' title='bbox 685 3603 716 3654; x_wconf 77' lang='lat' dir='ltr'><em>da</em></span> <span class='ocrx_word' id='word_1_300' title='bbox 725 3601 801 3664; x_wconf 69' lang='lat' dir='ltr'><em>ital..</em></span> <span class='ocrx_word' id='word_1_301' title='bbox 818 3599 878 3653; x_wconf 79' lang='lat' dir='ltr'><em>licet</em></span> <span class='ocrx_word' id='word_1_302' title='bbox 893 3601 966 3652; x_wconf 75' lang='lat' dir='ltr'><em>nair·</em></span> <span class='ocrx_word' id='word_1_303' title='bbox 983 3599 1124 3652; x_wconf 74' lang='lat' dir='ltr'><em>seminarii·</em></span> 
     </span>
     <span class='ocr_line' id='line_1_38' title="bbox 157 3667 1047 3807; baseline 0.004 -87"><span class='ocrx_word' id='word_1_304' title='bbox 157 3670 253 3736; x_wconf 74' lang='lat' dir='ltr'><em>aliquot</em></span> <span class='ocrx_word' id='word_1_305' title='bbox 269 3667 388 3722; x_wconf 73' lang='lat' dir='ltr'><em>amacio</em></span> <span class='ocrx_word' id='word_1_306' title='bbox 399 3673 521 3737; x_wconf 70' lang='lat' dir='ltr'><em>simplicia</em></span> <span class='ocrx_word' id='word_1_307' title='bbox 531 3673 635 3723; x_wconf 73' lang='lat' dir='ltr'><em>tantam.</em></span> <span class='ocrx_word' id='word_1_308' title='bbox 1012 3747 1047 3807; x_wconf 55' lang='grc' dir='ltr'><strong><em>ν</em></strong></span> 
     </span>
    </p>
   </div>
   <div class='ocr_carea' id='block_1_6' title="bbox 0 0 1306 3994">
    <p class='ocr_par' dir='ltr' id='par_1_13' title="bbox 0 0 1306 3994">
     <span class='ocr_line' id='line_1_39' title="bbox 0 0 1306 3994; baseline 0 0"><span class='ocrx_word' id='word_1_309' title='bbox 0 0 1306 3994; x_wconf 95' lang='lat' dir='ltr'><em> </em></span> 
     </span>
    </p>
   </div>
  </div>
 </body>
</html>
