2574 3994
474 277 560 322 arnan
581 279 698 326 narnus.
1012 263 1071 326 aaa

98 404 115 443 a
139 382 285 446 omnibus
304 381 355 464 qui
371 387 441 445 sunt
454 382 532 443 intra
550 383 734 463 provinciam
751 385 906 467 Episcopis
923 386 1072 465 exceperit

98 495 115 532 a
138 491 234 535 unam
244 489 472 552 consonamque
485 472 675 547 sententiam,
688 473 726 534 ab
735 472 800 536 aliis
813 473 1071 553 ulteriusJudirari

98 583 115 622 r
140 579 204 623 non
220 562 364 642 poterit.»
382 560 449 622 Vid.
467 559 556 622 etiam
569 577 666 622 canon
683 565 720 622 ll
739 561 830 644 (apud
839 562 992 644 Antisebr.
1008 566 1071 626 uio·

100 649 206 726 dicat„
221 650 277 726 ib.,
293 660 326 712 n⁰
341 653 395 729 8.).

141 738 351 821 Respondetur
364 739 493 802 multum
509 738 662 823 probabile
675 758 741 804 esse
754 739 792 804 ab
804 739 982 804 Eusebianis
998 758 1072 803 con·

101 827 199 891 ditum
224 827 316 892 fuisse
337 827 420 892 bunc
441 847 606 891 canonem·
600 837 767 912 ,praeteree
789 828 921 912 loquitur
943 829 981 892 de
1000 848 1073 892 casu

102 917 252 978 tantiam
244 936 276 979 rn
299 936 360 998 quo
381 925 444 980 tam
466 916 620 1004 evidenter
643 937 713 981 reus
736 918 773 980 sit
796 919 961 1001 Episcopus
981 925 1014 981 ut
1035 918 1072 980 od

102 1005 235 1068 amaritia
254 1005 320 1068 sine
339 1007 515 1089 exceptione
538 1006 697 1070 damnatus
714 1006 826 1070 luerit:
846 1006 958 1070 unde'
950 1026 982 1070 m
1008 1007 1073 1071 aliis

102 1095 224 1158 casibus
237 1095 364 1157 alterins
380 1097 470 1158 etiam
485 1113 503 1157 a
521 1097 553 1158 S.
577 1095 721 1158 Pontilice
738 1095 864 1176 judicari
879 1097 997 1178 poterit
1014 1099 1073 1159 Cae·

102 1186 233 1246 taurana
251 1185 383 1248 Concilio
405 1184 574 1266 Sardiccnsi
592 1193 743 1248 correctus
765 1183 820 1246 luit
836 1184 934 1248 dictus
951 1203 1070 1258 canon.

101 1277 177 1334 teste
194 1273 349 1350 Aristono,
364 1273 404 1334 ita
426 1280 459 1337 ut
480 1277 581 1335 Patres
595 1273 718 1336 Concilii
741 1272 992 1336 Chalcedonensis
1007 1275 1072 1337 sine

102 1359 289 1424 haesitatione
302 1369 335 1424 ut
349 1361 480 1443 legitime
493 1361 841 1432 absolutumhabuerunt
852 1361 1072 1424 Theodoretum

103 1449 268 1531 Cyrensem
284 1451 465 1533 Episcopum
485 1451 538 1533 qui
552 1452 591 1514 ab
611 1449 751 1514 Orientali
770 1449 893 1530 Synodo
913 1448 1073 1514 damnatus

103 1539 217 1616 luerat,
240 1539 377 1622 eoquod
400 1543 417 1602 a
444 1542 475 1603 S.
501 1540 646 1603 Pontifice
667 1541 768 1602 Leone
788 1541 898 1621 Magno
920 1537 1073 1603 absolutus

104 1626 201 1689 luerat
214 1629 262 1706 (V.
277 1628 429 1710 Antisebr.
444 1629 599 1704 vindicat,
612 1638 644 1690 n⁰
659 1633 688 1704 8,
704 1631 786 1708 eto).

144 1720 215 1779 ota.
226 1719 300 1779 Item
309 1717 483 1797 objiciturid
493 1717 574 1798 quod
585 1716 1072 1800 scribendoadBrittonumregem

106 1805 287 1888 prescripsit
296 1806 469 1869 Nicolausl:
483 1809 634 1883 «Censeo,
644 1807 741 1889 inquit
750 1806 894 1882 Pontilex,
906 1826 964 1870 nec
977 1809 1071 1872 ullum

104 1917 119 1952 a
144 1913 233 1976 posse
246 1895 293 1957 sui
306 1894 430 1957 honoris
443 1895 590 1958 sustinere
601 1897 764 1974 jacturam,
781 1915 858 1978 quos
877 1915 937 1958 non
957 1906 1073 1960 constat

104 2005 120 2042 n
144 1982 237 2046 fuisse
266 1985 286 2045 b
318 1982 478 2046 duodecim
505 1983 680 2067 Episcopis,
710 1993 856 2066 praesente
882 1985 1072 2067 primamque

104 2073 325 2135 esculentiam
365 2073 592 2155 Metropolitum
629 2072 776 2154 Episcopo
814 2072 968 2135 obtinente
1001 2076 1071 2136 edm

105 2183 120 2222 r
145 2161 400 2236 examinarentur,
415 2161 541 2224 auditos.
558 2183 573 2220 n

144 2249 354 2332 Respondetur
363 2250 443 2332 qudd
458 2250 521 2312 haec
536 2250 590 2312 luit
599 2249 721 2331 quidem
730 2250 849 2330 vulgata
857 2251 1071 2332 episcopalium

105 2339 328 2421 depositionum
349 2338 527 2420 disciplina3
548 2338 600 2401 sed
622 2338 687 2400 baec
701 2337 894 2418 intelligenda
915 2345 986 2400 sunt
1007 2339 1072 2402 sine

105 2427 280 2509 praejudicio
289 2430 433 2491 Romanae
442 2428 640 2490 Ecclesiaezet
650 2427 908 2508 quidemipsemet
918 2427 1072 2490 Nicolausl

106 2517 138 2578 in
160 2517 293 2598 Epistola
314 2515 352 2578 ad
375 2517 530 2579 universos
552 2516 654 2579 Galliae
671 2517 855 2598 Episcopos‚
878 2533 930 2578 eos
946 2516 1073 2596 graviter

105 2603 275 2686 redarguit,
297 2603 379 2687 qudd
408 2605 586 2668 Rothaldurn
609 2606 856 2668 Suessionensem
889 2605 1072 2686 Episcopum

106 2701 345 2756 exauctorassent
361 2713 369 2754 z
388 2715 404 2752 a
417 2695 494 2771 Etsi,
509 2694 617 2776 inquit,
633 2694 742 2756 Sedern
758 2692 957 2776 apostolicam
973 2694 1072 2757 nulla-

106 2791 234 2844 atenus
252 2782 465 2864 appellasset...
495 2789 648 2844 tamen...
672 2781 871 2864 Episcopum,
901 2782 1072 2846 inconsultis

105 2894 121 2932 r
144 2871 243 2946 notu,
259 2869 400 2954 deponere
413 2870 496 2932 nullo
508 2871 589 2932 modo
598 2869 746 2932 debuistis.
762 2892 777 2929 n
801 2871 901 2952 Ergo,
915 2875 990 2934 etc¹.

145 2963 215 3022 547.
240 2961 349 3022 Graves
372 2967 482 3023 exortae
504 2967 574 3023 sunt
587 2968 795 3022 controversie
816 2960 849 3022 in
879 2960 973 3022 Callia
994 2959 1072 3026 circa

11 3101 12 3106 ,
104 3065 238 3130 praesens
259 3047 425 3131 disciplinae
446 3056 593 3129 punctum
609 3067 616 3109 :
632 3048 697 3110 aliis
720 3048 887 3111 volentibus
909 3049 1072 3130 Episcopos

107 3154 172 3198 esse
182 3136 361 3215 judicandos
380 3137 412 3199 in
427 3135 559 3200 Concilio
581 3135 756 3199 Provinciali
777 3139 862 3217 juxta
882 3136 1071 3218 disciplinam

108 3225 233 3288 Concilii
255 3225 459 3302 Sardieensis,
489 3226 570 3289 salvo
587 3227 655 3306 jure
677 3225 884 3307 appellationis
903 3224 941 3287 ad
963 3225 1071 3289 sedem

139 3384 278 3438 nausa
288 3384 464 3452 Episcoporurn
477 3387 665 3453 iletropolitnno
676 3387 861 3454 subjectorum
854 3403 879 3439 m
890 3388 967 3454 primi
977 3388 1071 3438 instan-

110 3473 120 3504 ι
139 3451 183 3514 na,
197 3471 246 3506 non
260 3471 274 3506 a
287 3457 444 3520 Patriarcbt,
456 3457 500 3509 sed
513 3458 645 3511 aConcilio
656 3459 801 3512 Provinciae
817 3457 876 3510 olim
887 3457 1069 3526 judicabantur

110 3525 172 3577 rlta
184 3533 265 3578 maren
279 3533 307 3578 ut
318 3529 438 3580 sententia
456 3529 615 3594 depositionis
630 3545 755 3598 nunquam
766 3530 814 3580 rim
824 3529 954 3580 baberet
931 3529 1072 3580 nisiassen-

110 3595 214 3648 tiente
225 3605 250 3649 et
261 3600 422 3650 confirmante
439 3599 550 3652 liomano
564 3602 719 3652 renuitae.»
731 3602 765 3651 lta
779 3601 876 3661 Eouix,
888 3601 923 3650 De
940 3601 1070 3663 Episcopo,

109 3669 148 3720 t.t
155 3683 195 3736 ..p
209 3669 263 3732 til,
277 3669 455 3740 quiidprobat
483 3687 506 3736 p.
519 3673 583 3730 altu
597 3679 623 3722 et
640 3678 746 3724 uastata
760 3673 800 3723 lla
814 3670 912 3724 Cereale
924 3670 1069 3720 homodei.
