2496 3992
207 219 266 282 696
411 233 549 280 arsurae
569 234 674 280 rorros
694 233 776 280 runis
795 233 953 281 carromcr.

208 355 309 403 minant.
325 353 385 402 llera
396 355 433 401 est
449 350 566 412 magistra
578 347 674 399 virtutis
683 353 708 399 et
719 362 815 399 morum
831 355 916 400 custos
933 352 1049 401 Ecclesia
1062 353 1173 403 christi:

208 439 237 474 ea
250 427 295 476 est.
311 437 366 486 qua
383 422 516 470 incolumia
528 425 610 470 tuetur
624 420 745 484 principia
759 421 825 471 unda
850 422 936 472 ol'licia
959 424 1104 484 ducuntur,
1123 441 1175 488 pm.

207 497 341 560 positisque
351 495 431 544 causis
439 495 469 542 ad
482 495 580 542 honeste
592 492 723 542 vivendum
735 491 925 548 eiilcacissimis.
936 489 1011 556 jubet
1026 507 1081 544 aon
1094 497 1174 544 solum

206 571 290 634 lugere
302 582 373 618 orare
389 567 461 618 iacta.
480 567 522 615 sed
542 579 627 629 repere
643 570 723 614 motus
744 565 819 614 animi
839 567 930 615 rationi
944 569 1089 617 contrarios
1100 571 1172 618 etiam

207 641 259 690 sinc
270 638 366 688 ellectu.
380 665 408 674 -
423 637 556 686 Ecclesiam
567 651 623 685 roro
639 636 665 684 in
687 651 785 686 suorum
809 638 949 687 olilciomm
967 654 1077 690 munere
1094 651 1173 701 putee

206 711 252 760 tati
268 709 402 759 cirilirelle
419 723 472 757 esse
492 707 636 770 subjectam.
656 721 742 771 niagna
754 708 853 770 qrridem
869 708 971 771 iniuria.
988 725 1086 775 magna
1100 715 1173 762 tena-

206 781 265 832 ritas
275 787 319 831 est.
344 781 395 830 lloc
416 780 479 828 lacto
494 781 649 842 perturbatur
662 780 729 830 ordo.
748 781 806 842 quia
823 796 879 843 que
894 782 1021 831 naturalia
1036 791 1099 832 sunt
1111 801 1172 846 pra-

206 859 330 918 pouuntur
341 853 371 902 iis
388 865 443 914 quse
458 857 515 900 sunt
534 865 607 914 supra
623 857 737 901 naturam
750 853 860 902 :tollitur
877 859 921 903 aut
935 859 1005 904 certe
1020 870 1171 920 magnopere

143 951 147 960 ·
206 926 325 975 minuitur
342 923 476 986 frequentia
487 924 614 978 bonorum.
629 923 730 985 quibus,
749 923 770 974 si
786 925 853 974 nulla
865 939 892 975 ra
911 925 1091 987 impediretur.
1107 944 1168 978 cira

205 1011 305 1046 munem
319 996 392 1045 vitam
412 995 521 1043 Ecclesia
540 995 675 1056 compleret
697 1010 703 1042 :
727 1003 895 1059 praetereaque
918 997 959 1046 via
974 997 1009 1048 ad
1021 998 1167 1049 inimicitia*

206 1069 315 1117 munitur
328 1072 352 1115 et
363 1065 505 1120 certamina.
518 1077 583 1128 quas,
598 1079 741 1128 quanquam
763 1067 860 1130 uimque
870 1067 1018 1130 reipublice
1030 1073 1166 1133 perniciem

204 1137 403 1194 afferant-nimis
417 1151 485 1198 saepe
494 1142 596 1188 eventus
610 1138 794 1188 demonstravit.

237 1209 535 1274 lluajusmodidoctrinas,
550 1223 605 1270 qne
620 1223 665 1257 nec
683 1211 888 1260 bumanerationi
904 1213 1052 1275 probantur,
1069 1221 1097 1262 et
1117 1219 1166 1278 plu.

204 1285 293 1334 dmum
308 1281 431 1331 babentia
442 1279 537 1329 civilem
547 1281 706 1338 disciplinam
721 1281 847 1338 momenti,
865 1282 959 1331 romani
973 1284 1167 1336 Pontificesda-

203 1369 312 1405 cessores
322 1351 413 1406 Nostri.
430 1365 486 1400 cum
497 1352 570 1410 probe
583 1351 755 1414 intelligerent
767 1351 849 1414 quida
862 1366 888 1403 se
900 1354 1038 1412 postularet
1048 1359 1166 1414 arnostoli·

203 1441 259 1476 cum
269 1439 367 1482 munus,
378 1423 478 1482 impune
489 1421 556 1470 abire
572 1436 728 1485 nequaquam
742 1423 807 1486 passi
827 1429 890 1473 suat.
907 1424 947 1473 Sic
961 1426 1100 1489 Gregorius
1117 1431 1164 1477 ΠΙ

203 1512 247 1561 per
260 1497 399 1558 Euryclioas
414 1495 509 1543 litteras
525 1493 571 1542 boc
584 1493 655 1542 initio
675 1495 766 1544 Mirari
789 1509 840 1554 nos,
863 1495 903 1544 dia
926 1495 966 1544 xli
977 1499 1088 1560 Augusti
1100 1515 1163 1548 anna

203 1567 399 1622 llltCilClllilll.
414 1579 502 1627 magna
522 1564 701 1614 sententiarum
725 1566 843 1628 gravitate
859 1581 887 1615 ea
908 1567 1026 1624 perculit.
1040 1584 1102 1630 quse
1115 1573 1164 1634 iam

201 1639 408 1702 predicabantur.
423 1636 449 1685 in
460 1635 528 1684 cultu
539 1635 621 1684 divino
631 1635 727 1684 nullum
749 1635 865 1686 adbibere
879 1637 1004 1687 delectum
1023 1649 1140 1702 oportere
1157 1659 1162 1690 :

202 1711 330 1772 integrum
351 1707 453 1771 singulis
470 1707 611 1767 essequod
637 1707 731 1760 malint,
747 1707 778 1756 de
802 1707 1064 1776 religioupjudicare:
1088 1715 1161 1762 salam

201 1782 290 1843 cuique
302 1793 371 1828 suam
382 1793 436 1826 esse
450 1779 628 1826 conscientiam
643 1777 755 1839 judicem
767 1793 773 1827 :
796 1785 918 1841 praeterea
929 1781 1004 1830 edere
1026 1797 1087 1844 qua
1099 1785 1160 1846 uuis

202 1847 483 1914 quesenserit,itemque
496 1863 536 1897 rea
548 1849 627 1896 moliri
643 1863 720 1900 novas
734 1849 868 1899 incivitate
881 1851 965 1900 licere.
979 1853 1013 1902 lle
1023 1856 1161 1905 rationibus

157 1938 164 1952 ·
201 1923 236 1972 rei
258 1935 332 1971 saorra
353 1920 437 1982 reique
461 1919 539 1969 civilis
560 1921 726 1970 distrahendis
750 1920 786 1970 sic
803 1921 870 1970 idem
887 1923 1022 1974 Pontifex:
1046 1929 1159 1992 alteque

200 1995 291 2044 laetiora
308 1998 332 2042 et
347 1991 458 2056 religioni
474 1997 498 2041 et
513 1993 662 2053 principatui
676 1992 780 2041 ominari
796 2007 921 2054 possemus
932 2009 963 2044 ex
979 2010 1066 2046 eorum
1085 2005 1158 2060 rotis,

201 2067 243 2130 qui
255 2066 412 2115 Ecclesiama
426 2078 501 2127 regno
517 2065 634 2126 separari,
657 2069 817 2126 mutuamque
830 2065 926 2128 imperii
947 2080 1003 2115 cum
1019 2075 1158 2123 sacerdotio

200 2139 355 2188 concordiam
370 2136 483 2196 abrumpi
498 2135 646 2193 discupiunt.
671 2135 771 2186 Constat
786 2137 877 2198 quippe
900 2138 1041 2200 pertimesci
1056 2143 1092 2191 ab
1117 2145 1157 2195 im-

200 2209 382 2274 pudentissimas
397 2207 519 2256 libertatis
534 2206 684 2254 amatoribus
699 2208 856 2257 concordiam
883 2209 959 2264 illam.
976 2224 1033 2271 quse
1059 2229 1158 2277 semper

200 2281 234 2330 roi
253 2287 277 2330 et
293 2294 369 2330 sacre
384 2283 408 2328 et
422 2277 488 2328 cirili
514 2277 602 2333 lanata.
617 2277 702 2328 extitit
725 2283 749 2328 et
771 2279 892 2328 salutaris.
909 2298 921 2323 s
936 2306 965 2317 -
981 2283 1033 2331 llon
1048 2286 1156 2337 absimili

199 2353 270 2400 modo
281 2352 337 2400 Pius
358 2351 397 2410 lli,
415 2355 442 2399 ut
452 2363 506 2399 sese
520 2349 691 2412 opportunitas
701 2350 777 2402 dedit.
788 2365 820 2399 ex
835 2351 992 2410 opinionibus
1008 2354 1089 2410 talaia,
1102 2375 1156 2421 qua

198 2423 395 2472 maximcralere
409 2420 550 2481 cepissent.
567 2421 650 2482 plures
665 2421 770 2479 notarit,
783 2423 1019 2485 easdemquepostea
1037 2426 1063 2476 in
1076 2443 1156 2479 upum

196 2495 250 2559 cogi
261 2493 346 2556 jussit.
363 2497 389 2541 ut
405 2492 498 2541 scilicet
508 2493 532 2540 in
546 2495 611 2540 tanta
626 2505 741 2540 errorum
752 2493 893 2543 colluvione
907 2495 1027 2546 baberent
1038 2500 1155 2550 catholici

197 2565 317 2623 homiues,
332 2564 397 2625 quod
410 2563 463 2611 sine
478 2562 613 2610 ollensione
623 2571 786 2623 sequerentur
797 2565 816 2612 ¹.

229 2637 263 2684 Ex
279 2635 401 2684 iisautem
419 2633 563 2682 Pontiilcum
584 2634 732 2695 prescriptis
747 2635 786 2683 illa
803 2636 904 2684 omuino
930 2637 1033 2702 intelligi
1048 2655 1153 2694 neeesse

196 2713 240 2760 est.
252 2713 331 2756 ortum
352 2705 459 2769 publicae
486 2705 611 2766 potestatis
627 2720 641 2754 a
658 2705 709 2756 Deo
724 2705 786 2769 ipso.
802 2721 851 2756 non
865 2709 1049 2760 amultitudina
1073 2717 1153 2776 repeti

195 2783 328 2841 oportere:
353 2777 503 2826 seditionum
526 2775 647 2824 licentiam
662 2791 718 2826 cum
732 2778 829 2826 ratione
855 2793 964 2842 pugnare
987 2781 1086 2832 :oilleia
1098 2787 1153 2835 reli·

195 2849 274 2913 pionis
284 2849 351 2897 nullo
365 2849 418 2897 loco
434 2861 564 2896 numerare
594 2847 633 2896 vel
646 2861 694 2896 unc
709 2848 780 2896 rliodo
792 2848 886 2898 esseio
899 2850 1036 2912 disparibus
1055 2859 1154 2919 genart.

195 2922 242 2970 bus
256 2919 363 2969 allectos.
381 2919 451 2968 naias
468 2933 524 2968 esse
536 2917 635 2981 privatis
646 2919 795 2976 hominibus.
807 2920 876 2969 nolas
888 2923 1029 2972 civitatibus
1047 2925 1153 2977 :immo-

194 2993 304 3042 deratam
319 2989 443 3039 sentiendi
459 3002 598 3051 sensusque
609 2990 688 3051 palam
706 2989 814 3052 jactandi
836 2997 980 3054 potestatem
992 3009 1041 3044 nou
1054 3000 1151 3048 esseio

193 3062 282 3112 civium
290 3060 387 3124 juribus
398 3073 479 3120 nequa
489 3059 515 3108 in
527 3062 599 3109 rebus
609 3059 687 3124 gralia
700 3062 885 3125 patrocinioque
897 3063 978 3127 dignis
992 3067 1040 3114 ulla
1052 3069 1150 3120 ratione

194 3134 339 3197 ponendam.
366 3157 396 3166 -
412 3131 528 3180 Similiter
546 3131 649 3195 intelligi
665 3133 747 3194 debet,
773 3133 908 3184 Ecclesiam
928 3136 1069 3188 societatem
1084 3153 1149 3198 esse.

193 3220 241 3256 uon
253 3205 332 3253 minus
348 3215 424 3264 quam
435 3201 514 3263 ipsam
527 3202 662 3258 civitatem.
679 3217 770 3266 genere
781 3210 806 3255 et
822 3207 878 3264 jure
892 3209 1026 3270 perlectam
1052 3225 1150 3273 :neque

194 3279 293 3328 debere.
307 3275 348 3337 qui
358 3287 481 3323 summam
498 3273 595 3337 imperii
612 3279 723 3335 teneam,
739 3277 931 3330 committerent
946 3279 993 3330 sibi
1006 3281 1150 3333 servireaut

192 3350 293 3399 subesse
308 3345 444 3400 Ecclesiam
458 3350 557 3410 cogant,
574 3351 616 3396 aut
630 3346 712 3398 minus
721 3363 775 3400 esse
785 3349 868 3401 sinaut
877 3351 908 3401 ad
923 3365 980 3402 anas
989 3355 1148 3418 recusandas

218 3564 243 3612 ί.
257 3567 333 3609 hrum
343 3566 453 3610 wisilat
463 3565 556 3608 iodim
564 3565 662 3611 mactat.
673 3579 734 3622 prop.
753 3569 786 3621 ttt,
796 3568 830 3622 39,
841 3571 875 3622 bb,
889 3569 917 3613 'ib
930 3583 937 3624 ς
952 3570 982 3615 ei.
994 3581 1065 3630 septa.
