2496 3992
433 240 519 291 trena
541 244 662 290 antuus.
971 211 1029 290 683

58 356 96 411 in
109 359 241 410 Germania
263 363 402 410 consecute
418 362 493 418 sunt3
509 358 582 420 idque
600 361 671 408 tanta
685 372 742 407 cum
762 357 887 410 domestici
907 357 1028 420 deflagra-

61 433 142 482 tione
156 432 214 481 belli
224 435 250 482 et
265 433 341 486 coede,
356 436 382 479 ut
397 431 480 480 nullus
496 444 560 494 pene
575 431 643 478 locus
659 443 750 492 expers
760 431 886 480 turbarum
900 433 924 478 et
935 428 1029 478 cruoris

62 504 207 552 videretur.
223 531 253 540 —-
274 505 309 554 lix
324 503 370 552 illa
385 501 475 552 baeresi
491 507 572 558 ortum
587 501 657 550 duxit
673 503 757 552 seculo
774 501 900 564 superiore
915 500 971 550 talei
986 515 1028 550 no·

64 575 148 623 minis
161 575 323 638 philosophia.
341 578 368 624 et
380 572 422 636 jus
436 575 501 636 quod
515 573 640 636 appellant
652 586 755 631 novam.
772 578 798 623 et
809 573 938 634 imperium
948 586 1028 635 popu-

62 651 134 706 lare,
159 654 184 696 et
209 649 309 696 modum
326 646 442 696 nescisne
463 644 570 704 licentia,
586 658 662 706 quam
678 645 776 707 plurimi
797 645 875 695 solam
889 645 1028 693 libertatem

65 724 170 780 putant.
185 719 220 766 lix
236 719 275 767 bie
287 719 317 767 ad
336 716 453 766 finitimas
467 721 548 780 pestes
570 719 729 774 ventumst,
744 717 843 766 ecilicet
856 717 886 766 ad
910 713 1028 768 Gemma·

66 792 194 849 erismam,
208 791 239 839 ad
251 789 438 848 sociatis-mum,
457 790 487 838 ad
501 788 676 849 aritiensem,
694 787 773 836 civilio
785 789 912 838 bominum
929 787 1028 836 societa·

68 862 104 910 tis
125 862 250 911 teterrima
263 865 376 924 portenta
396 875 424 909 ac
440 875 502 922 pene
522 861 617 910 lunera.
633 859 708 922 arqui
721 863 804 910 tamen
818 862 941 910 tantorum
954 860 1029 908 rualo-

67 947 127 982 rom
150 934 197 982 rim
220 932 293 980 nimie
321 932 390 981 multi
414 932 517 981 dilatare
539 935 667 990 conantur,
689 945 718 980 ac
734 945 776 994 per
796 931 902 993 speciem
914 930 1029 994 juvanda

69 1003 238 1052 multitudinis
253 1017 302 1052 non
317 1004 407 1068 exigua
420 1003 471 1066 jam
482 1001 634 1051 miseriarum
646 1002 763 1052 incendia
775 1003 953 1052 excitaverunt.
970 1003 1029 1061 Quae

69 1075 114 1124 hic
129 1078 200 1124 modo
216 1075 380 1134 recordamur,
396 1089 426 1123 oa
438 1087 483 1123 uec
498 1074 581 1137 ignota
596 1081 655 1122 aunt
668 1087 715 1123 nce
730 1074 801 1123 valde
815 1075 963 1138 longinqua.

105 1149 157 1195 lloc
186 1161 241 1195 roro
257 1151 295 1194 ert
321 1147 395 1194 etiam
410 1144 513 1209 gravius.
531 1146 595 1206 quod
611 1158 658 1194 nou
671 1147 761 1194 lrabeat
777 1144 900 1208 prinsipes
913 1145 941 1196 in
953 1145 1027 1196 tantis

69 1218 191 1281 periculis
202 1216 309 1268 remedia
322 1217 353 1265 ad
367 1216 542 1266 restituendam
553 1216 678 1278 publicam
690 1215 844 1278 disciplinam
856 1217 1028 1279 pacandosque

69 1291 168 1338 animos
192 1289 251 1338 satis
266 1289 358 1338 idonea.
374 1290 502 1337 lnstruuut
518 1302 545 1336 sc
564 1288 709 1336 auctoritate
733 1288 826 1350 legum,
855 1301 956 1349 eosque,
984 1289 1028 1350 qui

71 1362 251 1423 rempublicam
273 1364 437 1414 commovent,
462 1359 593 1410 seueritate
620 1372 750 1422 poenarum
772 1359 919 1409 coercendos
932 1363 1026 1422 putant.

73 1433 148 1482 ltecte
165 1432 264 1494 quidem
281 1433 343 1481 :red
358 1437 439 1480 tamen
462 1430 525 1480 serio
549 1430 757 1480 considerandum
782 1433 832 1490 est,
860 1429 910 1478 rim
933 1431 1028 1480 nullam

71 1517 200 1566 poenarum
225 1505 331 1553 suturam
349 1507 450 1558 tantam,
468 1515 523 1564 quae
541 1515 685 1550 conservare
703 1501 854 1564 respublicas
871 1502 925 1550 sola
940 1502 1026 1564 possit.

74 1578 153 1625 lletus
169 1575 245 1636 enim,
273 1581 300 1624 ut
314 1575 431 1637 praeclare
445 1575 517 1624 docet
527 1579 627 1623 sanctus
644 1575 758 1634 Thermas,
776 1577 812 1623 ert
826 1572 911 1623 debile
933 1573 1027 1632 treuda-

72 1655 201 1705 roratum
213 1660 275 1696 aum
291 1646 333 1710 qul
347 1647 441 1696 timore
465 1646 615 1706 euertuntur,
638 1645 660 1694 rt
674 1651 788 1696 occurret
801 1645 899 1696 occasio
908 1659 958 1709 pua
971 1659 1028 1708 poe-

73 1720 123 1768 rlnt
137 1719 315 1782 impunitatem
331 1730 445 1782 operere,
460 1723 548 1767 eontra
561 1717 728 1781 praesidentes
742 1717 876 1781 inserpunt
891 1731 920 1766 eo
937 1718 1028 1766 orden·

77 1791 135 1852 tias,
148 1805 194 1854 qao
215 1789 297 1852 naqa
321 1793 413 1840 eontra
428 1789 582 1838 uoluntatem
606 1801 637 1838 ec
661 1789 713 1842 roto
731 1790 820 1841 timore
835 1787 1024 1838 collidebantur.

75 1865 110 1912 Ac
120 1866 238 1924 praeterea
254 1873 285 1910 ee
302 1861 383 1911 nimio
396 1863 488 1912 timore
498 1859 615 1925 plerique
642 1861 669 1911 la
684 1859 883 1926 desperationem
898 1859 1026 1911 incidunt:

75 1934 216 1996 desperatio
236 1939 323 1983 artem
349 1933 473 1982 audacter
500 1932 534 1983 ad
548 1932 668 1996 quaelibet
692 1933 841 1984 attentanda
852 1932 1027 1997 proectpttat¹.

76 2007 135 2066 Quae
159 2019 232 2067 quam
247 2019 305 2054 vera
326 2003 384 2062 sint,
411 2004 470 2052 satis
484 2005 635 2067 experiendo
661 2006 840 2068 perspeximus.
865 2004 951 2065 ltaque
968 2005 1027 2054 obe·

75 2077 155 2126 dicndi
170 2076 280 2126 altiorem
303 2080 327 2124 et
340 2074 508 2124 ettlcaciorem
527 2087 628 2125 oausam
644 2076 762 2124 adbibere
777 2089 879 2124 necesse
894 2077 940 2132 est,
953 2081 1028 2137 atque

76 2149 176 2198 omnino
190 2152 303 2204 statuere,
320 2159 366 2194 nec
380 2148 462 2207 logum
475 2159 530 2194 csse
546 2160 617 2208 posse
636 2147 785 2196 fructuosam
798 2147 963 2207 seueritatem,
979 2147 1028 2195 nisi

77 2221 190 2268 lroruines
205 2219 362 2281 impellantur
377 2216 468 2278 officio,
484 2217 634 2280 salutarique
649 2223 715 2268 metu
730 2219 773 2268 bei
787 2221 985 2281 permoveantur.
1000 2219 1026 2267 ld

77 2299 159 2340 autem
171 2291 303 2354 impetrare
319 2290 349 2338 ab
363 2288 393 2338 iis
408 2287 515 2338 maximo
530 2289 617 2352 religio
631 2293 719 2353 potest,
732 2303 788 2352 quar
801 2303 846 2339 rua
855 2289 881 2338 vi
893 2290 918 2338 in
932 2290 1027 2338 animos

77 2363 164 2421 inanit,
181 2363 295 2424 ipsasque
316 2361 444 2409 bourinum
471 2361 548 2409 ilectit
572 2361 718 2421 voluntates,
744 2366 771 2411 ul
787 2361 832 2422 eis,
848 2375 862 2410 a
877 2361 966 2422 quibus
980 2361 1027 2426 ipsi

78 2441 203 2497 reguntur,
229 2448 277 2483 non
293 2433 410 2494 obsequio
432 2433 521 2488 solum.
537 2433 580 2481 sed
596 2433 669 2482 etiam
683 2432 852 2483 benevolentia
869 2436 893 2482 et
907 2433 1027 2483 charitate

78 2509 251 2565 acllnerescant,
267 2521 321 2568 quar
333 2509 370 2554 est
379 2503 405 2553 in
417 2503 482 2553 omni
490 2503 615 2553 hominum
626 2510 690 2555 coetu
700 2505 790 2570 optimu
802 2509 889 2556 custos
902 2505 1027 2554 incolumi-

79 2580 146 2628 tatis,

109 2651 271 2709 Quamobrem
285 2649 381 2714 egregie
397 2647 525 2699 Pontiilcee
540 2649 643 2698 domani
660 2651 783 2700 communi
800 2649 905 2701 ulilitate
913 2650 1028 2702 servisset

77 2723 203 2785 judicandi
216 2727 280 2782 eunt,
297 2723 362 2784 quod
376 2721 538 2772 Nouatorrrm
555 2721 704 2786 frangendos
719 2737 820 2786 semper
833 2727 977 2772 curaverunt
989 2729 1027 2774 tu·

80 2795 156 2843 midos
170 2793 342 2856 inquietosque
357 2793 468 2854 spiritus,
483 2807 511 2842 ac
525 2807 637 2857 persaepe
648 2800 803 2854 monuerunt,
818 2799 937 2858 quantum
956 2795 973 2844 ii
989 2797 1028 2846 sin

80 2867 143 2916 cirili
161 2865 234 2914 etiam
248 2865 359 2914 societati
380 2865 517 2926 periculosi.
534 2866 571 2914 Ad
591 2866 656 2915 lianc
678 2880 728 2915 rom
743 2865 824 2932 digna,
845 2879 901 2929 quae
917 2881 1025 2919 commc-

81 2943 192 2992 morctua
210 2936 339 2986 Clementis
362 2937 404 2984 llll
429 2937 548 2986 sententie
560 2942 597 2987 est
613 2939 643 2988 ad
663 2938 841 2988 lerdinandum
861 2939 985 2991 Bolremiae
1002 2946 1028 2992 et

84 3008 209 3074 llungariac
224 3007 367 3070 regerenda
382 3008 429 3057 bae
445 3007 507 3062 fidet
522 3022 595 3059 causo
608 3014 651 3060 tua
661 3009 737 3059 eatam
753 3014 776 3060 et
785 3015 926 3060 ceterorum
935 3015 1027 3076 priuci-

80 3095 134 3138 uum
147 3083 260 3143 ripaltae
273 3087 296 3128 et
314 3079 413 3128 atllttar
426 3079 524 3129 incluso
548 3083 597 3134 ert,
610 3093 667 3130 eum
692 3094 744 3131 reoo
764 3081 841 3145 poerit
854 3081 900 3132 itta
917 3085 1026 3136 conuelli

83 3168 140 3218 aura
155 3158 296 3203 oertrarma
309 3151 392 3200 eriam
404 3163 490 3200 reram
506 3150 734 3212 labefactationem
747 3165 830 3204 recum
844 3155 948 3216 tralrat3
963 3156 1028 3220 quod

82 3226 219 3275 clarissime
237 3224 263 3272 tu
276 3223 336 3274 locta
351 3223 408 3272 irtio
423 3221 520 3286 aliquot
535 3229 692 3288 perspectum
704 3223 745 3276 rit.
762 3252 793 3262 -
806 3227 886 3289 litque
900 3225 927 3276 in
942 3229 1028 3278 eodem

83 3309 167 3360 genere
176 3309 271 3345 summa
279 3294 433 3359 providentia
444 3303 469 3343 ct
478 3294 595 3344 tortitudo
607 3293 694 3346 enituit
709 3298 867 3348 lieccssorum
878 3299 1026 3361 Nostrorum,

85 3368 210 3434 praesertim
227 3371 310 3418 autem
324 3359 452 3417 Clementis
466 3367 518 3428 111,
530 3367 656 3419 Benedicti
672 3369 730 3432 llll,
742 3371 828 3421 leonis
846 3369 897 3432 llll,
913 3369 954 3432 qui
969 3384 1025 3420 erun

106 3594 126 3640 l.
137 3595 166 3638 llo
177 3592 259 3651 itcpln.
269 3593 359 3651 Princip.
371 3595 396 3639 b.
407 3604 423 3648 r,
435 3605 480 3651 erp.
492 3592 527 3640 lt.
