2496 3992
421 151 506 198 trnsn
527 151 646 198 sarnus.
958 133 1017 194 705

37 274 205 320 sentaneom
214 267 292 320 videri
302 283 345 320 eos
356 268 431 319 etism
441 268 566 318 interdum
578 266 723 316 sacrificium
745 267 834 316 otlorre
852 269 879 314 ut
902 264 1018 326 respiciat

39 340 120 388 Deus
138 341 255 392 {nisenam
279 340 441 392 Ecclesiarunn
468 340 565 388 illarum
584 339 761 400 conditionem,
785 351 889 400 anarum
905 337 975 386 titulo
992 343 1017 386 et

41 412 163 462 nomine
175 413 223 476 ipsi
245 415 416 463 honnestantur.
434 429 446 460 ι
462 413 517 462 iisse
529 415 588 460 suut
608 415 689 461 autem
709 409 890 460 constitutionis
905 409 1015 458 decreto-

41 484 88 532 ria
101 486 197 534 verba.
215 485 343 546 Postquam
359 483 440 534 varios
451 489 532 532 textus
550 483 565 531 S
588 483 721 545 scripture
736 487 760 530 et
781 483 949 543 theologorum
975 495 1016 530 re·

44 556 147 604 tulerit
159 557 281 614 Pontifex,
294 557 385 620 quibus
404 557 523 619 probatur
534 568 547 598 s
557 554 667 604 cilicium
686 553 828 604 celebrandi
847 553 948 601 missam
974 566 1016 615 pro

43 629 150 688 populo
164 627 258 690 majore
270 629 364 678 ratione
379 627 411 676 sd
428 628 561 690 Episeopos
577 625 693 690 quemad
709 625 828 688 parochos
847 623 972 688 pertinere
993 637 1015 682 s,

45 697 220 759 prosequitur
236 714 242 748 ε

87 783 101 816 a
131 767 176 817 llis
197 771 278 832 itaque
296 769 411 819 omuibus
432 769 475 818 diu
494 764 648 831 multumque
671 765 843 824 consideratis,
873 765 1016 828 auditisque

48 839 248 889 venerabiiium
259 843 368 890 Fratrum
381 842 522 890 Nostrorum
536 840 559 890 S.
577 842 604 890 ll.
620 839 646 889 ll.
663 838 831 888 cardinalium
847 836 950 887 Conciiii
962 839 1017 886 Tri·

47 911 156 960 duntini
169 912 332 975 interpretum
347 912 482 971 sententiis,
496 911 653 961 deceruimus
665 915 692 961 et
711 911 873 960 declaramus.
889 923 976 959 ornnes
992 915 1016 958 ot

49 982 173 1044 singulos
187 985 317 1046 Episcopos
334 997 487 1045 quacumque
507 982 633 1045 dignitate,
652 985 727 1032 etiam
741 981 908 1042 Cardinalitia,
924 986 1016 1040 auctos,

50 1054 171 1115 itemque
193 1056 298 1104 abbates
317 1053 517 1116 jurisdictionem
540 1053 609 1116 quasi
630 1054 794 1117 episcopalem
819 1053 846 1102 in
870 1053 965 1102 clerum
991 1059 1016 1102 et

50 1125 182 1186 poputum
203 1138 259 1174 curn
276 1124 404 1175 territorio
428 1129 539 1182 separato
567 1125 692 1184 babentes,
710 1125 734 1173 in
765 1125 894 1174 dominicis
912 1125 1016 1186 aliisque

52 1197 157 1255 diebus,
173 1196 216 1259 qui
234 1211 263 1246 es
274 1199 397 1258 praecepto
409 1195 489 1245 adbuc
505 1201 642 1255 serrantur,
654 1200 679 1244 et
693 1194 735 1258 qui
748 1209 777 1244 ex
789 1197 886 1245 dierum
907 1199 937 1246 de
953 1211 1016 1259 pra·

54 1273 133 1330 cepto
158 1269 276 1318 festorum
303 1282 406 1318 numero
431 1266 523 1316 sublati
545 1273 613 1328 sunt,
635 1266 702 1316 omni
725 1265 868 1330 exiguitatis
891 1267 1015 1316 redituum

58 1340 226 1390 excnnsattone
239 1344 281 1390 sut
295 1340 344 1389 alia
361 1338 449 1402 quasis
470 1339 619 1402 exceptione
632 1343 735 1398 remota,
750 1339 782 1386 ad
797 1339 895 1387 Missam
909 1353 951 1401 pro
971 1355 1016 1402 po·

55 1411 121 1472 pulo
136 1411 183 1458 sibi
202 1411 332 1461 commisso
355 1411 528 1460 celebrandam
542 1415 567 1458 ct
583 1409 757 1473 applicandam
774 1409 863 1459 teneri.
879 1409 908 1457 lit
923 1424 954 1460 ne
976 1412 1015 1460 cni

55 1483 213 1532 dubitationi
235 1483 319 1532 aditus
344 1486 436 1545 pateat,
452 1481 605 1530 declaramus
622 1481 722 1530 eosdem
749 1480 882 1544 Episcopus
897 1485 921 1529 et
935 1482 1015 1530 Abba-

57 1559 99 1602 tes
114 1553 174 1602 truie
198 1553 281 1603 cilicio
306 1553 365 1602 satis
390 1567 444 1604 esse
466 1553 573 1602 tacturos
599 1566 642 1613 per
659 1551 849 1602 celebrationem
864 1555 889 1600 et
908 1553 1015 1613 applica·

57 1626 157 1674 tionem
183 1624 256 1674 unius
280 1624 362 1674 llissse
383 1637 427 1685 pro
447 1623 564 1672 universo
577 1625 669 1686 populo
689 1622 739 1671 sibi
753 1621 894 1680 commisso,
918 1624 1014 1672 etiamsi

59 1698 124 1744 duas
142 1698 181 1746 sel
202 1696 285 1758 plures
308 1695 426 1746 dioeceses
456 1699 482 1745 et
505 1695 621 1744 Abbatias
644 1707 718 1758 eque
741 1693 910 1758 principaliter
935 1696 1015 1744 unitas

59 1773 159 1828 regeint.
174 1785 186 1810 s

416 2101 588 2158 ttuuuotx
610 2102 657 2158 xl.

67 2251 146 2294 cinca
167 2251 348 2294 POTESTATEH
366 2251 536 2291 Vtcttttoatttt
565 2249 747 2290 utsuuuAthtlt
776 2249 869 2298 0110ss
894 2251 1015 2292 CONFM·

443 2330 625 2370 conuiuatus

449 2431 498 2492 (ad
513 2445 537 2494 p.
555 2429 623 2493 out.)

100 2588 131 2636 lia
146 2600 200 2648 quae
217 2583 354 2648 respiciunt
372 2583 604 2634 confraternitatum
621 2583 779 2641 erectionem.
804 2582 1013 2646 approbationem,

70 2658 103 2706 ita
112 2657 225 2721 Episcopo
234 2655 330 2719 propria
341 2658 406 2708 sunt.
423 2659 449 2702 ut
459 2669 489 2704 ea
502 2653 593 2704 vicario
604 2654 715 2718 generati
723 2653 876 2703 committere
900 2667 947 2717 neq
957 2659 1013 2714 roal,

71 2729 116 2778 nisi
130 2729 205 2777 torsan
222 2727 247 2777 in
264 2727 361 2776 indulto
372 2725 550 2790 subdelegandi
568 2726 709 2775 laenitatem
722 2725 844 2788 acceperit
866 2725 925 2786 Quas
939 2740 1014 2776 eons-

71 2805 159 2849 tantex
176 2799 378 2862 responsionibus
401 2801 423 2846 S.
441 2797 468 2847 (i.
493 2799 605 2860 induis„
624 2797 761 2860 praesertim
778 2797 803 2847 in
820 2796 1014 2861 dracsanopett·

72 2876 140 2930 torno,
156 2869 185 2920 ct
198 2869 255 2920 maii
274 2869 333 2918 tutu
352 2870 469 2930 (Decreta
486 2869 602 2918 aulient.
618 2883 643 2919 n.
657 2868 698 2917 acl
707 2884 730 2932 13
747 2873 772 2919 et
784 2869 972 2924 durelina-nesso,
985 2870 1014 2920 18

72 2959 123 3007 ttttg.
144 2941 212 3003 1868,
234 2947 261 2990 ut
276 2941 436 3002 inarantibus„
459 2954 483 2988 n.
504 2938 576 2999 tto).
596 2968 626 2978 -
648 2943 757 2990 licitatum
774 2940 807 2990 sit
824 2941 887 3002 quud
909 2941 1015 2992 vicarius

72 3013 206 3077 capitularis
227 3013 318 3075 pariter
338 3025 365 3060 se
388 3010 509 3060 abstineat
533 3013 564 3061 ab
586 3012 711 3075 erigendis
734 3013 1014 3072 contester-nitatibus,a

73 3085 226 3138 concedendis
241 3083 449 3134 testimonialibus
464 3089 489 3134 et
505 3097 625 3132 consensu
644 3083 767 3146 requisitis
784 3099 827 3148 pro
840 3085 1014 3148 aggregatione

73 3160 288 3207 enrnntruternntstum
301 3162 326 3205 at
334 3157 365 3204 ab
373 3155 537 3219 approbandis
545 3157 686 3206 earumdem
696 3155 802 3214 statutis,
810 3155 1014 3218 jnsxtadeeretum

73 3232 97 3280 in
110 3245 155 3279 una
166 3229 241 3292 cosp.
254 3229 366 3278 Prasios.
376 3229 465 3292 Scap..
476 3226 507 3276 23
521 3240 579 3277 uon.
591 3226 650 3277 tuus
665 3227 749 3289 ulid,
764 3243 791 3278 u.
810 3227 879 3292 438).

102 3335 231 3387 clicerius
253 3332 378 3384 &ommis
401 3333 520 3396 ,Episcopi
548 3334 733 3385 Aurelianensis
755 3339 862 3398 quatuor
884 3333 1014 3398 sequentia

74 3409 140 3459 dubia
156 3412 234 3456 inerte
251 3405 371 3470 Congreg.
387 3405 483 3468 ludulg.
494 3407 624 3455 enodanda
637 3407 785 3470 proposuit:

102 3503 114 3525 a
129 3479 151 3528 l·
164 3479 222 3528 Cuun
241 3476 375 3540 Episcopus
390 3475 526 3526 obtinuerit
542 3477 685 3530 facultatem
701 3493 716 3528 a
734 3479 796 3528 Sede
814 3477 952 3542 Apostolica
966 3477 1012 3528 eri-
