2574 3994
207 265 262 328 tro
424 283 561 330 uarum
580 285 682 333 rarius
701 287 783 335 runis
804 287 953 338 canonem.

209 381 424 462 lpostolioam3
455 381 521 444 aliis
545 385 806 465 propugnantibus
828 386 993 470 Episcopos
1015 390 1125 452 datram
1147 395 1177 452 in

207 469 298 531 [tallia
316 475 405 551 prout
425 472 456 530 in
479 472 594 533 caeteris
616 472 756 553 gentibus
776 475 937 554 judicaria
957 479 1066 540 sancte
1080 479 1176 557 Sede,
1269 543 1270 550 ,

206 557 293 620 etiam
314 559 346 620 in
365 559 465 642 prima
487 560 646 623 instantio:
660 561 732 624 huie
745 563 901 627 senteutiae
915 565 1085 629 adhaerebat
1105 569 1179 630 Bos·

207 647 277 708 sueti
283 666 327 710 us.
349 669 364 707 a
378 651 476 720 ouant
491 667 528 710 au
541 649 765 730 jugementdes
779 653 915 735 Eaeques
928 655 1033 734 (lettre
1046 657 1064 717 b
1077 657 1118 718 bl.
1131 657 1179 718 Di-

205 755 218 791 o
243 736 330 814 uois),
352 736 404 816 j’ai
426 739 562 816 toujours
587 740 634 800 e'td
656 740 823 803 convainou
839 759 898 823 que
921 742 987 805 leur
1007 743 1177 825 deposition

205 845 218 881 u
243 823 312 886 dtait
327 825 462 888 reserves
475 844 514 887 au
529 829 619 909 Pape.
639 828 680 890 Le
693 827 781 910 chap.
797 829 832 890 de
847 828 1177 913 Concubinart'ielffln·

205 935 219 972 o
242 913 326 975 cord.
343 915 492 976 LeonisX
514 932 585 977 curn
599 915 760 985 Francisco
777 919 800 994 ll
822 919 881 980 m’e
903 921 1038 999 toujours
1052 940 1128 1002 paru
1151 921 1178 984 le

207 1020 405 1083 oeupposer,
428 1007 458 1063 et
480 1001 508 1064 la
529 1001 688 1086 discipline
711 1023 750 1067 en
769 1013 814 1068 est
837 1007 862 1068 si
889 1015 1044 1070 constante
1071 1009 1179 1092 depuis

120 1101 122 1106 ·
205 1112 218 1148 r
243 1093 303 1152 600
316 1110 389 1163 ane,
407 1091 476 1171 qu'a
499 1093 589 1174 peine
611 1099 739 1175 peut-on
761 1101 882 1158 trouver
903 1096 957 1159 des
973 1098 1125 1181 exemplos
1136 1098 1178 1162 du

204 1200 218 1239 n
243 1181 392 1243 contraire
401 1179 511 1242 durant
520 1188 584 1244 tant
593 1179 631 1244 de
638 1183 781 1246 siecles.»
796 1187 831 1246 V.
843 1183 982 1250 Proeleet.
998 1184 1035 1250 S.
1046 1187 1176 1270 Salpia,

228 1280 240 1308 ο

206 1288 226 1331 n
245 1273 322 1410 111013
335 1344 508 1427 astringitur
528 1351 629 1408 tamen
647 1347 730 1428 Papa
748 1345 786 1408 ad
804 1345 983 1409 servandam
1009 1348 1139 1410 turmam
1158 1369 1175 1412 a

205 1437 338 1501 Concilio
345 1434 476 1497 Trident.
492 1436 713 1516 praescriptam;
723 1441 934 1515 el‚suppresso
945 1439 1175 1508 nunc,abenuo

207 1529 284 1588 1800
302 1543 355 1605 per
376 1523 500 1585 constit.
524 1524 565 1584 Pii
579 1526 630 1585 Vll
652 1523 723 1585 Post
742 1523 912 1601 diuturnae,
930 1525 1093 1586 Tribunatu
1111 1530 1175 1588 lu·

206 1614 451 1675 ditorisGamerae
468 1612 613 1690 apostol,
630 1631 683 1692 per
695 1615 776 1674 Sacr.
793 1614 1051 1696 Congregllpisc.
1064 1633 1175 1694 praesu·
1272 1647 1273 1678 t

210 1701 251 1765 los
264 1702 386 1781 judicat.
405 1699 573 1780 (Analecta,
590 1706 638 1763 16·
654 1703 746 1776 Livr.,
759 1700 817 1763 col.
836 1701 939 1783 2415.)
1272 1687 1273 1702 ¹

245 1792 314 1850 018.
328 1787 431 1859 Quoad
447 1787 615 1848 Concilium
625 1785 926 1867 Provinciale,potest
939 1784 1070 1866 aliquam
1081 1791 1175 1847 extra·
1272 1833 1273 1846 .

205 1875 376 1958 judicialem
399 1873 645 1936 informationem
666 1893 773 1956 capere
795 1874 950 1937 decausis
971 1873 1176 1936 criminalibus

207 1965 371 2045 majoribus
390 1964 612 2046 Episcoporum
626 1981 755 2044 eamque
774 1963 812 2025 ad
832 1965 863 2025 S.
880 1959 1057 2024 Pontificem
1079 1968 1176 2024 traus-

207 2054 335 2116 mitlere.
354 2054 465 2125 Douix,
481 2052 526 2114 De
537 2052 703 2134 Episcopo,
718 2059 740 2114 t.
757 2056 786 2122 l,
802 2071 833 2133 p.
850 2055 919 2114 337.

248 2147 318 2204 519.
345 2142 388 2204 ad
403 2145 575 2203 Romanum
589 2159 662 2222 ergo
683 2139 859 2203 Pontificem
883 2139 1010 2221 pertinet
1027 2138 1178 2220 deponere

209 2232 391 2313 Episcopos,
408 2231 460 2293 sed
474 2230 532 2292 hoo
544 2248 605 2292 non
623 2237 730 2311 potest,
747 2229 851 2291 sellem
866 2229 956 2298 licite.
968 2228 1034 2290 sine
1049 2227 1179 2308 legitima
1273 2265 1274 2274 κ

207 2325 307 2383 eausa.
342 2343 357 2380 n
383 2321 602 2402 Episcoporum
623 2317 810 2397 jurisdictio,
835 2317 896 2380 sive
921 2319 959 2379 sit
976 2317 1179 2379 immedieteb

207 2431 222 2470 n
249 2410 379 2484 Christo,
396 2410 457 2470 sive
471 2411 489 2469 a
504 2409 535 2470 S.
551 2406 707 2476 Pontifice.
724 2407 821 2488 inquit
836 2405 946 2469 Bened.
966 2408 1043 2478 xlv,
1058 2405 1097 2466 ita
1112 2406 1178 2468 buit

207 2520 222 2559 n
248 2499 370 2576 subest,
384 2504 417 2560 ut
430 2496 688 2559 consentientibus
702 2496 844 2558 omuibus
859 2493 1029 2566 catholicis,
1045 2494 1180 2574 ejusdem

208 2608 223 2645 n
249 2587 423 2650 auctoritate
437 2593 467 2646 et
480 2585 608 2666 imperio
622 2583 758 2659 limitari,
774 2591 863 2666 atque
877 2603 913 2646 ex
927 2583 1059 2665 legitime
1071 2587 1180 2658 causo,

209 2695 225 2734 r
248 2678 374 2738 omnino
388 2673 497 2737 auferri
511 2673 642 2754 possit.»
661 2673 716 2750 (De
729 2673 819 2755 Spin,
836 2673 887 2734 lib.
904 2679 941 2749 ’1,
957 2689 985 2734 c.
1002 2675 1041 2744 8,
1057 2675 1090 2734 ul
1102 2669 1151 2752 a.)

248 2763 313 2824 lmb
328 2763 359 2826 iu
373 2763 603 2843 sententiaque
620 2769 701 2824 tenet
719 2763 944 2824 translationem
964 2761 1182 2842 Episcoporum

210 2869 275 2917 esse
289 2853 406 2914 tantbm
419 2853 540 2914 vetitam
556 2849 591 2914 dc
606 2851 678 2932 jure
699 2851 904 2927 eeclesiastico,
921 2850 1054 2932 insertur
1072 2849 1183 2930 Pupam

210 2939 272 3004 eine
285 2938 370 3002 causti
387 2959 471 3021 posse
490 2939 587 3002 valide
608 2939 748 3022 deponere
770 2940 944 3022 Episcopoe,
961 2944 989 3000 et
1004 2957 1067 2998 cum
1080 2937 1183 3020 aliqud

210 3029 295 3093 causei
308 3029 399 3092 etium
414 3027 495 3089 licite
509 3029 551 3108 (S.
566 3029 706 3109 Lignum,
722 3027 775 3090 lib.
791 3033 825 3099 1,
843 3041 876 3088 n⁰
892 3031 971 3106 101).

250 3123 321 3182 550.
344 3118 492 3179 Caeterum
514 3117 666 3179 ordinarie
687 3135 749 3180 non
771 3117 862 3180 debet
883 3116 994 3198 deponi
1017 3113 1185 3198 Episcopus

211 3209 278 3272 sine
294 3205 427 3287 judicio,
447 3212 481 3268 ut
499 3211 615 3268 constet
631 3224 668 3268 ex
690 3205 789 3268 uerbis
807 3205 920 3268 Nicolai
942 3207 1062 3287 lsupra
1084 3205 1186 3266 relatis

213 3297 303 3377 1510).
321 3295 435 3358 Dicitur
448 3293 600 3356 ordinarie
619 3296 690 3378 quia
710 3295 785 3357 tales
802 3300 928 3376 possunt
947 3311 1102 3374 emergere
1129 3294 1187 3355 oir-

214 3385 400 3450 cumstantiae
428 3381 510 3465 quod
539 3383 630 3446 etiam
667 3383 732 3446 sine
752 3383 866 3464 judicio
891 3384 1006 3464 possint
1038 3381 1187 3445 Praesules

215 3473 397 3538 exauctorari
420 3479 542 3554 propter
560 3473 768 3534 necessitatem
794 3471 897 3552 populi
920 3471 1072 3532 christiani
1096 3461 1187 3551 prout

220 3561 338 3644 contigit
366 3567 500 3641 tempore
521 3560 698 3622 concordati
724 3563 813 3622 1001.
834 3558 909 3620 Vide
922 3559 997 3620 alios
1023 3577 1111 3620 casus
1132 3577 1184 3640 ap.

218 3653 251 3712 D.
267 3650 361 3712 Bouix
384 3649 439 3724 (De
454 3649 614 3728 Episcopo,
637 3655 660 3708 t.
685 3651 714 3720 l,
731 3665 761 3726 p.
780 3651 856 3712 360,
873 3647 952 3722 eto).
976 3645 1066 3710 Nteit
1085 3649 1183 3719 enim,
