2578 4008
470 253 556 299 ninus
579 257 696 316 remus.
922 237 925 244 ’
1046 251 1103 312 357

129 347 233 410 aiones
244 356 455 432 congruentes.
467 353 554 416 Unde
570 355 652 417 nullo
663 357 754 419 modo
763 357 822 420 dici
833 363 931 441 potest
938 363 1104 426 concilium

129 438 272 520 generale
286 456 352 501 esse
365 457 457 522 supra
470 443 601 524 Papam3
614 443 667 506 sed
680 445 761 528 Papa
775 453 819 509 est
832 467 923 530 supra
936 452 1104 514 Concilium

129 528 163 590 in
177 545 215 591 eo
226 546 317 591 sensu
331 529 414 610 qnod
428 530 460 592 in
475 533 608 596 Concilio
621 535 753 615 generali
775 536 813 598 sit
834 538 943 619 Caput,
959 548 1047 621 prout
1061 549 1104 603 est

130 617 227 698 caput
240 619 351 700 pariter
362 619 394 679 in
404 619 536 694 ccclesia
549 621 694 704 dispersa.
705 626 743 686 Et
752 625 794 688 ita
805 624 862 688 luit
874 627 1056 692 declaratum
1071 631 1103 691 in

129 706 266 769 Concilio
279 708 473 770 Lateranensi
487 711 524 786 V,
541 729 613 773 sess.
626 715 673 790 ll,
689 713 721 775 in
735 717 796 795 qua
809 715 964 779 decretum
979 719 1102 782 Concitii

131 793 312 858 Basileensis
338 795 395 860 tuit
420 799 632 880 reprobatum.
661 807 690 863 et
721 803 895 866 solemniter
913 816 1031 889 recepta
1050 809 1104 869 snit

129 885 304 948 constitutio
331 886 441 949 Leonis
469 889 493 949 X
519 887 625 950 Pastor
644 898 788 970 retornus,
816 911 884 974 quae
907 894 972 958 haec
995 897 1101 960 habet:

133 993 150 1032 ι
170 971 274 1035 Solum
283 974 448 1036 Romanum
459 977 1104 1064 Pontificemtunquamaraperomnr'Conct'lio

130 1063 377 1124 »anctoritatem
418 1063 588 1137 habentem,
626 1067 821 1131 conciliorum
860 1070 1101 1149 indicendorum,

133 1173 149 1209 n
174 1151 443 1231 transferendorum
455 1171 490 1214 oc
502 1151 750 1216 dissolvendarum
762 1151 880 1234 plenum
891 1153 946 1234 jus
968 1160 996 1214 et
1007 1163 1106 1233 potes-

135 1246 264 1302 otutem
284 1241 404 1315 lucere,
430 1240 544 1303 nedum
569 1259 605 1304 ex
629 1244 660 1304 S.
687 1242 843 1322 Scriptum
873 1241 1103 1317 tantummodo,

133 1351 149 1386 »
173 1327 260 1391 dictis
274 1331 327 1394 SS.
343 1333 468 1392 Petrum
489 1350 523 1392 ac
537 1330 667 1393 aliorum
680 1333 889 1392 Romanorum
904 1329 1096 1400 Pontificum,

134 1439 149 1476 u
174 1419 227 1480 sed
241 1421 360 1500 propria
371 1419 550 1482 eorumdem
558 1420 761 1482 conciliorum
783 1418 983 1493 consessione,
1000 1419 1100 1478 mani-

134 1528 150 1563 »
174 1506 383 1570 festeconstat.
395 1528 411 1567 n
425 1509 554 1590 Videap.
564 1511 594 1571 S.
608 1509 741 1590 bignon,
753 1506 937 1569 Deltomonc
949 1506 1104 1586 Pontifice,

135 1599 248 1658 Μὰ.
259 1596 324 1660 Hoc
333 1596 612 1674 pariterdelrnitum
624 1598 868 1668 fuitaVaticano,
880 1595 1016 1684 sessllt,
1029 1613 1056 1655 c.
1073 1597 1101 1682 3:

174 1679 287 1742 Revera
301 1675 469 1739 Concilium
484 1674 730 1747 constantiense,
746 1690 819 1734 sess.
835 1675 874 1746 t,
896 1669 1032 1732 delinivit
1045 1689 1106 1732 suis

133 1758 1106 1843 decretisobedientiamdeberitquocumque,etiamsisueritnt-

133 1848 1104 1940 qnitctiaPcpcliaetClerusGallicanus,2insuocoetuanniltlcc

134 1941 294 2009 declaravit
309 1961 371 2004 non
385 1941 551 2023 approbare
565 1939 682 2020 eosqui
697 1938 734 2000 ad
748 1946 867 2019 tempus
881 1936 1058 2011 schismatis,
1076 1937 1106 1996 in

134 2053 208 2098 casu
222 2029 484 2095 Pontificisdubiae
499 2027 697 2102 auctoritatis,
714 2027 938 2088 constantiense
948 2028 1107 2085 Decretum

136 2123 323 2204 restringunt
343 2121 409 2198 (art.
438 2119 487 2197 2);
514 2116 567 2178 sed
593 2116 657 2177 haec
681 2114 842 2176 declaratio
864 2113 940 2176 Cleri
964 2113 1106 2174 Gallicani

136 2212 311 2276 solemniter
324 2208 380 2271 luit
393 2207 561 2289 improbata
575 2209 591 2267 a
606 2206 714 2267 Sancta
728 2202 815 2278 Sede,
832 2201 921 2263 simul
936 2219 970 2263 ac
984 2210 1108 2282 quatuor

137 2304 171 2364 in
193 2300 225 2364 etl
239 2306 378 2362 contante
386 2297 598 2379 propositiones
610 2314 620 2354 :
634 2291 740 2368 nullu,
763 2289 855 2352 irritu
869 2337 876 2367 ,
892 2289 1056 2371 virz'busque
1080 2301 1109 2350 et

138 2391 241 2473 effectu
252 2389 370 2471 penitus
384 2394 414 2449 et
426 2386 541 2446 omnino*
552 2403 650 2453 nocuo,
667 2379 813 2444 declarata
828 2397 881 2462 per
896 2379 1012 2480 Bullam
1025 2379 1108 2439 Intro

138 2479 320 2560 multoplices
341 2473 501 2538 Alexandri
513 2476 594 2550 Vlll,
614 2489 695 2534 anno
710 2473 798 2533 l690.
815 2468 901 2534 Unde
922 2467 1105 2548 dictumest,

141 2569 202 2633 imc
219 2575 249 2630 et
265 2567 354 2629 debet
368 2563 536 2626 Concilium
555 2561 780 2624 constantiense
801 2555 1028 2638 intelligendum
1045 2575 1103 2618 essa

139 2659 283 2722 duntaxat
297 2655 335 2718 de
348 2673 420 2718 casu
434 2651 588 2714 Pontificis
598 2650 697 2711 dubiae
715 2647 898 2710 auctoritatis
910 2649 930 2718 ¹,
947 2645 1044 2726 qualis
1059 2665 1109 2706 ex-

141 2751 214 2814 stitit
224 2755 359 2829 tempore
369 2743 473 2824 Moqni
480 2739 670 2816 Setu'smatis,
681 2738 730 2800 cui
746 2735 838 2798 linem
846 2735 988 2818 imposuit
998 2733 1110 2796 dictum

142 2837 370 2902 constantiense
400 2831 579 2896 concilium.
610 2828 641 2891 Si
662 2827 745 2890 enim
770 2845 833 2888 non
860 2825 904 2887 sic
931 2824 1111 2905 intelligatur

142 2927 200 2990 hoc
213 2925 381 2990 Concilium
395 2928 425 2986 et
437 2921 518 2984 velut
531 2934 751 2984 oecuniemeum
773 2914 916 2976 habeatur
937 2914 967 2976 in
991 2914 1111 2996 praelatrt

143 3021 162 3080 4
176 3017 323 3091 sessione,
338 3020 372 3076 ut
387 3010 543 3094 praetendit
555 3006 716 3070 declaratio
730 3008 807 3068 1682
825 3005 891 3084 (art.
907 3006 954 3083 2),
973 3003 1112 3065 concludi

144 3104 264 3169 debebit
281 3123 343 3166 non
354 3103 472 3165 tairtdm
490 3101 642 3161 Romanos
653 3094 830 3173 Pontifices,
841 3093 894 3156 sed
907 3099 999 3156 totam
1013 3093 1114 3154 Eccle-

145 3197 237 3272 siam,
250 3193 409 3256 Gallicanis
423 3189 573 3271 exceptis,
589 3187 673 3249 aliter
686 3185 796 3246 sentire
810 3202 845 3247 ac
853 3183 1020 3245 Concilium
1034 3202 1113 3281 tacu:

147 3273 1111 3364 menicum3proindettomanumPontitieemerrarecummajon

147 3379 231 3456 parte
247 3372 405 3445 Ecclesia,
427 3367 509 3450 quod
532 3383 688 3446 nunquam
708 3383 794 3446 posse
816 3365 990 3442 contingere
1004 3375 1111 3422 conce·

180 3529 189 3558 ⁴
206 3526 320 3575 Attamen
335 3537 385 3572 non
404 3518 505 3570 omnino
522 3521 618 3568 constat
630 3513 696 3580 qudd
706 3513 731 3563 in
745 3527 802 3563 casu
817 3512 889 3576 Papa
902 3508 969 3560 dubii
982 3508 1012 3557 ad
1024 3521 1113 3570 corpu·

149 3596 324 3663 cpiscoporum
338 3591 458 3660 pertinent
475 3587 544 3638 illum
561 3588 684 3651 deponere
700 3582 826 3649 aliumque
838 3581 935 3645 eligere.
949 3578 1007 3628 vide
1020 3577 1061 3626 Bo=

150 3671 184 3721 De
197 3667 323 3730 Episcopo,
337 3671 355 3713 t.
369 3665 380 3712 l
393 3701 398 3720 ,
411 3678 434 3720 p.
449 3661 502 3711 tea.
