2506 3984
13 201 44 292 fl?
184 219 243 282 518
403 225 542 280 arnume
562 225 663 276 rorice
682 227 764 276 runis
784 225 934 274 aaronem.

184 337 258 394 tuno
272 331 400 394 debetur
413 327 580 393 assistentia
588 327 823 404 canonicorum,
834 331 925 408 prout
935 327 1028 390 etiem
1038 327 1068 391 ei
1083 330 1172 391 arsis

185 426 247 482 tere
262 420 374 482 debent
387 419 529 491 Canonici
544 423 574 480 et
587 417 753 497 Dignitates
766 416 798 478 in
811 415 1074 492 Ordinationibus,
1090 420 1168 480 Con·

185 510 405 573 secretionibus
416 507 618 572 Ecclesiarum
627 513 657 568 et
669 505 828 576 similibus,
843 504 900 568 nisi
911 505 1047 588 legitime
1057 505 1172 570 luerint

5 583 6 604 ¹
108 659 112 662 ,
186 597 333 680 impediti.
349 597 493 662 canonici
507 606 608 659 autem
624 589 767 657 assistunt
780 595 811 655 in
824 592 930 658 habitu
942 597 1064 658 tantum
1079 615 1172 660 cano

187 687 287 762 nicoli,
305 688 340 750 iis
354 687 486 770 exceptis
499 685 552 769 qui
566 703 602 747 ex
618 684 794 746 necessitate
808 683 897 746 officii
913 682 1040 748 induere
1054 684 1172 749 debent

187 792 269 840 secra
286 785 470 859 paramenta.
487 777 518 838 S.
543 775 638 856 (long.
657 773 732 852 itit,
746 789 796 854 ap.
819 769 1001 851 Gardellini,
1015 777 1056 838 92
1067 821 1076 852 ,
1088 779 1170 853 11011,

187 867 451 1034 acgehoadjuwr'
468 953 493 1016 si
507 952 607 1016 missae
626 951 753 1015 solemni
769 950 886 1014 assistat
902 952 1004 1035 Gappd
1017 951 1171 1032 indutus,

188 1048 286 1123 potest
308 1041 529 1108 confessionem
551 1040 649 1104 iacere
676 1059 748 1104 eum
777 1039 964 1118 celebrante,
994 1045 1024 1104 et
1048 1041 1081 1103 in
1108 1043 1174 1105 line

71 1117 74 1124 ’
95 1207 99 1215 .
188 1131 363 1194 solemniter
376 1130 565 1194 benedicere.
581 1131 734 1205 Ferraria,
754 1127 811 1205 ib,
827 1127 984 1193 11001648.
1006 1131 1102 1194 Sedet
1117 1151 1174 1196 au·

188 1226 249 1282 tem
264 1221 296 1283 in
311 1222 409 1304 primo
423 1220 508 1284 stallo
522 1219 623 1291 chori.
641 1237 698 1282 nec
711 1218 823 1281 debent
835 1219 977 1283 canonici
993 1219 1095 1284 tacere
1109 1223 1172 1284 cir-

188 1309 272 1372 culos
286 1316 446 1374 consuetos
464 1311 506 1384 (S.
527 1311 621 1390 Gong.
638 1309 711 1386 nit,
726 1327 776 1390 ap.
799 1307 980 1388 Gardellini,
1003 1310 1117 1392 3802).
1134 1347 1177 1360 -

188 1399 255 1461 Non
270 1406 387 1482 potest,
402 1405 550 1482 presente
563 1395 727 1476 coadjuto,
747 1395 988 1462 benedictionem
1003 1399 1175 1482 pontifica-

188 1487 249 1550 lem
261 1489 419 1572 impertiri.
439 1487 587 1564 Ferraria,
603 1485 657 1559 it,
675 1490 770 1549 n058.

228 1576 431 1658 8⁰Coadjutor
442 1595 503 1639 non
517 1575 606 1638 debet
619 1575 661 1638 uli
675 1575 784 1638 baculo
797 1575 950 1660 pastorali,
962 1575 1019 1640 nisi
1033 1577 1067 1640 in
1079 1577 1176 1643 tnnc·

188 1663 322 1730 tionibus
342 1666 373 1728 in
395 1665 517 1747 quibus,
530 1666 614 1745 iuxta
629 1663 819 1746 Pontifirote,
836 1683 873 1730 eo
893 1665 937 1730 uti
960 1683 1088 1731 nemea
1102 1675 1175 1748 est,

189 1761 279 1836 prout
299 1754 330 1816 in
353 1751 606 1817 Ordinationibus.
633 1755 664 1814 S.
684 1753 796 1835 Congo.
816 1753 890 1834 nia,
905 1774 954 1838 ap.
977 1753 1174 1839 Gardellini,

228 1934 261 1994 9⁰
274 1929 480 2012 indulgentias
499 1933 540 1995 10
557 1929 677 1994 dierum
698 1930 866 1995 concedere
885 1951 948 1997 non
968 1939 1087 2015 potest,
1105 1937 1176 2002 sind

189 2019 310 2104 speciali
326 2019 464 2083 facultate
477 2019 650 2102 apostolica.
668 2021 699 2084 S.
714 2022 747 2083 e.
764 2021 836 2092 flia,
852 2039 901 2106 ap.
918 2022 1063 2097 Gemoll..
1074 2026 1174 2091 3802.

189 2111 260 2174 -Si
272 2128 347 2191 quas
356 2128 410 2190 per
425 2110 523 2191 ipsum
534 2108 697 2187 coadjutus
710 2108 877 2174 concedere
889 2111 1024 2185 volucrit,
1039 2116 1174 2179 nomine

190 2198 324 2278 CcadJuti
338 2202 356 2262 1
369 2197 547 2278 eoadjutore
561 2197 749 2279 publicandae
762 2207 842 2262 sunt.
859 2201 1007 2279 Ferraria,
1032 2203 1091 2279 ile,
1119 2209 1173 2269 52.

231 2293 280 2352 to·
295 2291 362 2351 Non
375 2287 464 2350 debet
478 2289 639 2349 memorari
655 2288 842 2368 Cordiutoris
856 2293 1013 2354 nemenio
1027 2293 1172 2359 Ganone.

190 2377 222 2445 S·
237 2380 274 2442 lt.
290 2378 414 2458 Congu,
427 2395 475 2458 ap.
493 2375 675 2454 Gardellini,
691 2377 765 2440 ibid.

231 2472 282 2531 110
297 2465 467 2545 coadiutori
482 2484 543 2527 non
560 2466 630 2529 licet
651 2467 797 2549 perticere
811 2468 1037 2534 benedictiones
1051 2471 1176 2538 dande-

190 2554 299 2634 larum,
324 2555 487 2632 Cinerum,
512 2555 702 2634 Palinurum,
728 2576 764 2621 ac
787 2559 892 2622 Fontis
918 2561 1113 2642 baptismalis
1140 2565 1178 2629 in

191 2645 319 2708 Sabbato
333 2646 379 2724 S,
400 2645 475 2726 quin
489 2643 612 2707 missam
625 2644 736 2710 deinde
754 2647 897 2712 celebret.
914 2651 945 2714 S.
961 2650 1074 2734 congr.
1092 2655 1173 2732 itit,

191 2751 240 2816 ap.
256 2732 399 2810 Gardell„
416 2735 504 2796 1919.

231 2825 284 2884 12ο
297 2821 355 2902 Ipsi
370 2839 432 2884 non
446 2822 515 2885 licet
527 2825 691 2906 pastorales
703 2825 845 2909 epistolas
858 2825 1022 2892 adolerum
1032 2835 1178 2917 etpopu·

191 2909 254 2973 lum
269 2909 406 2972 diaecesis
420 2910 550 2992 dirigere
565 2912 676 2994 (ibid).

230 3001 282 3062 13ο
296 2999 338 3061 De
352 2999 472 3062 licentia
486 3001 640 3084 Episcopi,
656 3007 754 3086 potest
766 3003 879 3088 populo
891 3005 1072 3072 benedicere
1088 3010 1180 3078 inoe-

190 3087 291 3151 dendo
304 3106 358 3168 per
370 3088 442 3150 vias.
459 3089 609 3169 Ferraria,
625 3091 680 3165 ilc,
696 3104 730 3155 n⁰
744 3097 794 3157 50.

231 3180 282 3239 w
292 3179 358 3239 Non
370 3184 467 3259 potest
476 3197 529 3260 per
538 3179 686 3243 civitatem
696 3183 739 3245 uti
752 3183 895 3249 mantello
908 3185 1041 3270 oblongo
1054 3189 1178 3266 coloris

189 3265 311 3328 violacei
321 3283 391 3328 cum
401 3266 494 3347 signis
504 3267 605 3330 rubeis
615 3287 706 3352 super
719 3279 833 3336 vestem
849 3274 966 3357 nigram
977 3277 1177 3361 interiorem,

190 3355 280 3430 urlub
293 3355 443 3417 zimarrd:
461 3373 560 3436 neque
580 3377 634 3438 per
654 3361 793 3424 eamdem
807 3365 957 3429 civitatem
975 3365 1031 3429 sibi
1053 3366 1179 3435 deferri

190 3443 288 3504 lacere
297 3443 448 3506 etelerare
457 3444 754 3512 umbellamsericam
764 3451 866 3516 viridis
877 3455 996 3518 coloris.
1007 3455 1038 3518 S.
1049 3457 1176 3542 Gongr.

190 3529 263 3606 itit,
280 3549 328 3632 ap.
340 3531 587 3632 Gardell.,33tl.
605 3569 645 3582 —
658 3537 702 3598 be
723 3539 770 3601 nis
788 3542 931 3607 omnibus
952 3543 1019 3607 vido
1040 3543 1184 3633 insupet

108 3627 134 3722 r2
191 3619 228 3682 b.
244 3621 354 3698 Beuum
369 3619 413 3682 De
426 3619 591 3701 episcopo,
606 3626 629 3685 t.
645 3626 682 3704 t,
697 3644 729 3703 p.
746 3630 823 3709 ate,
838 3640 897 3696 etc·
