2578 4008
500 333 586 383 ursan
608 336 725 384 paruus.
1042 323 1100 387 339

128 438 162 494 ιι·
183 429 247 505 lo).
273 463 309 478 -
329 429 431 494 Potest
453 436 553 492 tamen
575 431 653 512 Papa
677 431 805 494 formam
828 431 1046 496 observandam
1069 435 1101 496 in

126 518 273 582 electione
288 519 319 582 S.
345 518 498 582 Pontiflois
516 519 718 582 determinare
732 523 779 598 (V.
803 521 915 596 Bouix,
941 521 985 584 De
1008 521 1101 585 Curio

127 606 273 682 Romanii,
290 627 321 690 p.
343 611 433 687 124),
449 627 520 670 nam
534 608 600 671 haeo
612 608 710 671 forma
724 628 786 671 non
806 609 861 672 tuit
874 610 1100 674 determinatae

125 696 192 777 jure
207 696 309 759 divino
323 697 388 776 (it,
405 718 434 780 p.
454 701 532 776 130).

43 807 46 811 ⁴
167 790 236 848 672.
260 786 397 849 Diximus
420 806 524 869 supra.
542 787 695 869 quomodo
716 787 781 852 lieri
803 789 910 852 debeat
928 788 1100 868 huiusmodi

127 873 234 938 electio
251 895 258 934 :
274 875 323 937 hlc
346 875 519 939 addendum
534 883 671 960 superest
683 878 782 960 quod,
798 885 956 962 postquam
972 879 1003 940 S.
1021 879 1100 940 Pon-

126 964 197 1026 tiles
212 963 300 1026 suerit
314 965 426 1029 electus
441 975 469 1028 ct
483 973 658 1037 coronatus,
672 967 710 1028 ad
724 967 818 1049 ipsius
831 967 1099 1046 consecrationem,

126 1053 150 1116 si
165 1061 315 1116 caractere
333 1055 494 1138 episcopali
511 1055 647 1118 nondum
666 1056 756 1119 luerit
780 1057 956 1139 insignitus,
973 1056 1011 1118 sil
1031 1075 1100 1138 pro-

126 1143 312 1220 cedendum3
324 1163 392 1226 quae
406 1144 538 1207 tithodic
549 1163 602 1228 per
612 1147 766 1208 Decauum
780 1147 861 1208 Sacri
873 1145 1007 1227 Collegii,
1024 1147 1102 1208 inter

126 1233 287 1295 missarum
308 1234 454 1297 solemnia
479 1241 545 1317 post
567 1234 717 1315 hymnum
737 1235 909 1317 angelicum
923 1236 969 1314 (a.
984 1233 1023 1296 de
1041 1235 1099 1313 m,

124 1327 188 1384 tom
214 1327 224 1382 t
243 1343 296 1404 ,p.
313 1327 382 1400 2613
399 1329 430 1388 el
443 1325 593 1402 Ferraria,
608 1333 638 1386 v⁰
655 1323 755 1406 Papo,
773 1334 806 1385 n⁰
821 1326 880 1404 70).

166 1415 236 1474 673.
259 1412 371 1475 Praeter
393 1419 572 1476 ornamenta
598 1413 796 1496 episcopalia,
822 1414 903 1493 Papa
923 1413 1021 1472 orario
1048 1431 1101 1475 seu

124 1499 200 1562 stolii
220 1519 339 1584 semper
365 1504 481 1580 utitur;
506 1503 600 1584 cingit
633 1503 741 1563 tiorum
770 1501 866 1564 tribus
885 1499 1101 1563 circumdatam

126 1591 270 1652 coronis*
291 1637 299 1662 ,
322 1593 432 1673 quibus
457 1592 564 1674 triplex
586 1591 680 1674 ipsius
702 1591 851 1673 moqistri,
877 1589 1054 1670 legislatoris
1072 1596 1102 1650 et

120 1679 235 1760 judicis
249 1681 443 1744 monarchica
457 1685 588 1763 potestas
605 1679 801 1763 significatur.
822 1679 935 1742 Baculo
952 1679 1022 1742 roro
1036 1696 1102 1760 pas-

126 1768 211 1832 torali
233 1787 295 1831 non
314 1772 422 1849 ulitur,
444 1772 515 1853 quia
536 1770 679 1833 baculum
693 1787 819 1833 eurtum
834 1769 991 1832 limitatam
1011 1774 1041 1830 et
1062 1767 1100 1830 ab

126 1857 185 1920 alio
209 1859 414 1942 participatam
429 1859 588 1936 designare
611 1860 728 1924 videtur
748 1865 927 1941 potestatem
945 1857 1014 1939 (vid.
1030 1875 1095 1940 cap.

9 2003 15 2016 ,
128 1946 232 2009 desoc.
249 1957 349 2026 unet,
365 1949 396 2010 in
411 1949 488 2028 lim).

166 2037 209 2098 Ex
224 2057 292 2118 cap.
308 2037 360 2100 Ad
367 2039 481 2114 honor,
497 2038 532 2100 de
545 2039 684 2100 auctorit.
700 2047 730 2100 et
742 2057 796 2099 um
804 2037 941 2120 pollii,.u
953 2036 1031 2098 solus
1044 2035 1101 2098 Ilo

125 2147 141 2186 u
165 2146 266 2187 neonus
276 2128 413 2208 l'outiscc
422 2128 451 2186 in
462 2128 615 2188 missorum
624 2127 774 2189 solemniis
780 2125 876 2208 pollio
886 2126 1102 2208 semperun'eur

125 2237 140 2275 n
165 2225 193 2277 et
207 2215 327 2298 utique,
343 2216 486 2298 quoniam
502 2221 673 2298 assumptus
680 2221 724 2278 est
735 2215 766 2277 in
777 2213 994 2296 plenitudinem
1004 2214 1100 2276 eccle-

125 2327 140 2364 ι)
166 2306 292 2368 siaslicae
311 2307 479 2388 potestatis,
500 2323 568 2386 quae
590 2323 643 2386 per
665 2305 790 2387 pallium
811 2301 997 2384 significatur
1020 2321 1028 2364 ι
1050 2303 1100 2364 alii

126 2415 141 2453 u
166 2402 267 2456 aulem
277 2414 313 2457 eo
329 2415 384 2457 neo
394 2413 514 2476 semper
528 2413 584 2457 nec
597 2394 728 2476 ubique,
745 2392 844 2456 sedin
860 2391 993 2454 Ecclesia
1006 2393 1098 2455 sua...

127 2507 142 2543 n
166 2485 254 2546 certis
267 2484 378 2546 donent
392 2485 434 2547 uti
448 2483 565 2558 diebus,
582 2485 729 2565 quoniam
742 2483 836 2546 vocati
852 2489 923 2544 sunt
941 2482 972 2543 in
982 2489 1100 2563 portem

126 2595 141 2632 u
166 2573 392 2652 sollicitudinis,
409 2591 471 2636 non
486 2573 518 2635 in
530 2572 743 2656 plenitudinem
757 2571 945 2655 potestatis.»

67 2731 70 2735 Δ
166 2665 363 2746 Quocumque
382 2683 413 2726 se
434 2663 569 2726 conterat
587 2665 678 2745 Papa,
694 2681 767 2726 crux
786 2661 895 2724 deterri
918 2659 1009 2723 debet
1030 2668 1100 2724 anta

126 2769 212 2828 eurn;
229 2756 287 2835 qua
302 2753 440 2815 facultate
450 2752 654 2815 destituuntur
668 2753 725 2834 ipsi
740 2749 920 2814 Patriarohae
932 2751 963 2812 in
977 2749 1057 2815 Urbe
1070 2755 1101 2814 et

127 2842 157 2903 in
173 2842 239 2904 loco
255 2861 316 2924 quo
329 2861 461 2925 praesens
476 2847 522 2904 est
535 2843 566 2905 S.
584 2841 721 2904 Pontifex
734 2845 787 2903 aut
800 2841 866 2920 ejus
882 2841 1011 2922 Legatos
1027 2840 1100 2902 insi·

125 2931 236 3013 guibus
245 2932 415 3013 apostolicis
425 2937 513 2993 utens
527 2933 603 3014 (cap.
620 2931 765 3013 Antiqua,
783 2929 818 2992 de
829 2929 999 3012 Privileq.)
1017 2931 1101 2994 lusu·

71 3039 73 3042 ·
125 3039 180 3102 per
196 3020 248 3082 SS.
270 3023 498 3083 Sacramentum
518 3021 549 3082 in
570 3021 668 3102 longis
688 3019 981 3103 peregrinationibus
996 3037 1099 3082 secum

13 3105 22 3128 '
125 3115 245 3194 portare
259 3109 343 3173 solet.
361 3110 436 3173 Vide
450 3111 540 3188 lost,
555 3113 591 3172 R.
607 3109 645 3173 de
658 3113 713 3188 m,
728 3114 751 3172 t.
768 3111 798 3186 l,
813 3129 844 3191 p.
856 3111 926 3171 aar.

165 3200 238 3272 Quae
251 3199 350 3263 adhuc
363 3199 470 3262 dicturi
483 3215 588 3261 sumus
597 3198 635 3262 de
645 3201 676 3262 8.
689 3197 833 3261 Pontifice
844 3197 875 3259 in
889 3203 950 3260 tres
959 3197 1100 3262 articulos

124 3287 313 3352 dividemus:
329 3289 361 3351 iu
376 3293 407 3352 l⁰
420 3289 557 3351 dicemus
570 3287 608 3352 de
620 3288 714 3371 ipsius
723 3289 869 3364 Primatu,
884 3287 916 3349 iu
930 3291 962 3349 2⁰
973 3286 1011 3350 de
1023 3289 1099 3366 iuri-

126 3376 182 3440 bus
202 3379 274 3442 huic
296 3378 441 3440 Primatui
463 3378 608 3456 annexis,
624 3379 656 3440 in
676 3380 709 3439 3⁰
721 3376 846 3440 undem
865 3373 905 3438 da
924 3375 1020 3458 ipsius
1042 3377 1099 3439 llti·

128 3467 241 3530 nistris.

158 3627 165 3656 r
183 3613 306 3666 «Tincam
323 3613 425 3682 triplicis
442 3614 613 3666 eoronameuti
629 3630 660 3666 οι
677 3613 839 3668 Pontificibus
855 3616 949 3684 primus
964 3615 1098 3683 gestent...
1123 3584 1126 3594 Α

129 3703 140 3734 ι
157 3685 273 3738 Urbanus
290 3685 315 3744 l,
329 3685 433 3752 duplicis
451 3686 510 3738 vert
529 3685 670 3738 Bonifatius
686 3685 744 3738 titt.
763 3707 773 3735 ι
792 3689 836 3746 Au.
854 3687 977 3744 Furoris,
993 3693 1052 3739 notu
1068 3689 1099 3740 ud

127 3768 165 3809 nm
178 3757 217 3819 ta,
230 3763 277 3808 art.
288 3756 318 3817 Ξ,
333 3768 359 3806 νο
370 3757 447 3821 Papa.
