2586 3988
372 271 375 276 “
465 277 686 326 rnouroouem.
1023 261 1062 330 'lu

80 367 269 437 Corrrordnlo
282 383 354 442 sunt
366 383 460 459 pactu
474 377 638 457 etquidem
653 377 784 460 publica,
795 383 902 442 mutuo
912 397 1063 442 consensu

82 459 178 538 inilu3
194 483 269 544 erpo
280 512 288 540 ‚
299 473 358 528 elo.

125 557 193 614 150.
216 554 280 616 Tuli
304 554 432 636 quidem
450 561 628 636 argumento
651 556 795 637 probatur
818 575 881 620 non
904 557 1015 622 debere
1030 559 1061 622 S.

83 641 275 714 Pontificem,
289 643 407 706 levibus
416 643 455 706 de
464 644 572 718 causis,
585 643 778 708 lToncordutis
791 645 953 726 derogare,
965 667 1064 730 neque

85 729 187 811 ipsum
209 733 400 796 censendum
423 751 490 795 esse
517 731 554 794 iis
576 734 744 809 contraire,
768 734 825 798 nisi
850 735 1012 815 specialem
1035 744 1065 798 el

86 837 260 900 expressam
276 841 381 885 eorum
394 822 525 900 sejuslae
538 841 637 884 cousae
652 823 840 885 montionem
855 822 942 886 locist
958 823 1066 888 :uded-

86 927 146 990 que
170 916 351 992 rescriptum
372 911 516 973 adversus
530 911 716 974 concordate
734 912 909 986 obtentum,
930 913 996 975 sine
1009 913 1066 978 hic

88 1001 255 1072 mentione,
267 1018 323 1082 pro
330 1000 507 1080 subreptitio
516 1005 545 1061 et
554 999 685 1064 invalido
699 999 885 1082 habendum,
899 1007 933 1064 ut
942 1001 1066 1066 advertit

89 1088 177 1170 Engl.
192 1088 239 1164 (de
254 1088 354 1153 Prot.
370 1095 400 1151 el
414 1088 578 1170 Dipnitot„
590 1102 624 1152 n⁰
638 1092 700 1170 tt).

131 1199 148 1236 o
168 1178 374 1242 Nihilominus
387 1185 501 1254 tamen,
517 1178 617 1260 inquit
630 1180 721 1244 Biner
731 1183 791 1262 (ap.
805 1180 912 1258 Boulx,
927 1179 961 1244 de
977 1181 1064 1244 Prin·

87 1289 102 1326 n
126 1267 226 1350 cipiis,
245 1287 278 1351 p.
294 1269 329 1331 8l
344 1274 374 1330 et
387 1271 436 1344 82)
456 1285 517 1330 non
538 1267 685 1331 evincitur
708 1287 770 1332 non
785 1287 875 1350 posse
890 1272 922 1332 S.
938 1270 1066 1332 Pontid-

88 1381 102 1416 ιι
126 1376 214 1434 cem,
228 1376 265 1420 ex
281 1356 469 1440 plenitudine
482 1375 544 1419 suae
558 1358 730 1440 potestatis,
746 1357 939 1420 lssoncordelis
951 1365 1066 1422 contre-

88 1471 104 1506 ι
126 1447 341 1528 venireiisque
350 1445 496 1526 derogare
506 1445 628 1527 quando
635 1447 716 1527 iusta
726 1445 755 1508 id
765 1447 857 1529 exigit
866 1454 1068 1528 cuuss‚proul

89 1559 105 1596 r
127 1542 300 1618 agnoscunt
313 1534 504 1598 ecclesiastici
520 1533 598 1614 juris
617 1535 819 1618 interpretes:
837 1553 908 1598 nam
932 1535 1066 1600 Pontifex

89 1649 104 1684 n
127 1628 288 1688 ltommus
307 1641 458 1687 summam
479 1629 694 1705 potestatem...
707 1642 865 1706 nunquam
878 1623 916 1686 iu
931 1631 1064 1706 potest...

89 1737 105 1776 ι
129 1716 146 1776 'a
161 1733 194 1777 se
209 1713 349 1776 abdicere
363 1718 414 1775 sut
427 1711 510 1774 elteri
526 1712 709 1795 cuicumque
723 1714 763 1776 itu
777 1713 1019 1792 communicare,
1034 1719 1064 1783 ul

89 1827 104 1864 ι
130 1823 193 1865 non
209 1803 355 1883 maiorem
369 1800 469 1864 adhuc
479 1801 615 1863 retineat.
632 1824 648 1861 r

128 1895 193 1956 Nec
215 1891 328 1967 obstet,
357 1891 474 1972 inquit,
490 1887 571 1971 qudd
595 1887 816 1954 Concordalum
838 1893 876 1954 sit
898 1899 1019 1974 pactum
1038 1901 1068 1956 et

90 1983 184 2066 poclis
196 1981 236 2044 sit
249 1979 402 2042 standum.
417 1980 543 2040 —Nem
560 1997 568 2040 ε
583 1983 613 2041 l⁰
628 1981 858 2044 controvertitur
871 1983 973 2044 ulrlrm
989 1983 1065 2044 Con-

89 2071 212 2134 cordala
234 2068 364 2144 dicenda
384 2067 445 2130 sint
465 2086 535 2130 vera
559 2075 657 2151 pocta.
675 2105 714 2116 -
735 2069 791 2143 Oui
815 2077 944 2151 negant,
964 2069 1069 2132 dicunt

91 2159 258 2242 spiritualia
271 2158 327 2221 sub
347 2165 537 2222 contractum
553 2177 615 2220 non
630 2175 718 2242 posse
730 2158 849 2222 cadere.
868 2158 957 2224 Unde
969 2160 1068 2240 potius

91 2248 219 2312 dicenda
237 2254 309 2311 sunt
328 2247 507 2330 privilegiu:
528 2249 620 2330 porrd
641 2249 798 2330 privilegia
820 2267 856 2309 ex
877 2248 957 2328 gravi
979 2252 1067 2310 coust

91 2339 224 2402 revocari
239 2345 383 2420 possunt;
399 2341 431 2399 2⁰
449 2338 594 2419 Princeps
608 2355 787 2418 supremus,
800 2338 884 2416 juxto
898 2336 1069 2416 complures

92 2428 229 2492 doctores
240 2475 249 2504 ‚
260 2425 405 2508 derogare
420 2434 518 2508 potest
532 2426 568 2488 iis
581 2426 687 2488 saltem
702 2425 892 2508 pactionibus
905 2441 981 2505 ques
998 2441 1069 2485 oum

93 2518 219 2580 subditis
233 2517 320 2592 iniit,
340 2516 364 2578 si
386 2515 560 2597 gmvissima
582 2514 653 2577 boni
669 2515 781 2596 publici
802 2531 892 2577 ceusu
907 2512 1022 2594 exigat,
1040 2519 1071 2576 et

93 2607 122 2669 iu
136 2607 281 2671 omnibus
295 2603 400 2687 pactis,
415 2623 484 2686 quae
498 2605 554 2666 init
564 2606 595 2667 S.
613 2603 761 2680 Pontifex,
772 2622 891 2686 semper
906 2601 1070 2665 includitur

93 2696 155 2760 haec
168 2694 305 2760 conditio
320 2713 328 2755 ε
344 2693 404 2755 uisi
416 2693 503 2754 uliud
514 2693 650 2776 requirat
667 2713 754 2755 causa
767 2693 868 2774 prauis
885 2700 915 2754 et
936 2700 1070 2754 extruer-

92 2785 212 2848 dr'nuriu
229 2783 296 2844 conr·
309 2782 467 2844 communis
480 2782 512 2844 E
512 2781 623 2844 cclesioe
636 2783 749 2859 (Suum,
764 2780 799 2843 de
813 2779 930 2862 Lepti„
953 2779 1006 2841 lib.
1030 2784 1067 2860 8,

92 2894 156 2957 cap.
176 2877 274 2946 31,ηο
289 2875 325 2944 ὃς
341 2873 372 2934 S.
389 2871 523 2951 Liguor„
539 2869 573 2932 dc
586 2869 744 2951 Prr'uilep„
762 2869 826 2951 xv).
837 2873 869 2933 3⁰
884 2868 939 2931 Vel
953 2869 1011 2931 talo
1025 2878 1070 2932 est

92 2962 315 3027 concordatum
337 2960 418 3042 quod
437 2959 510 3022 nihil
529 2957 611 3022 aliud
630 2959 766 3040 exigatur
783 2961 801 3022 lt
820 2965 921 3041 gente,
936 2961 1068 3040 quicum

92 3054 197 3128 initur,
209 3053 267 3113 nisi
282 3048 363 3132 qudd
377 3048 499 3112 aliunde
513 3049 577 3130 ipsa
590 3047 680 3110 dehet
693 3048 845 3124 Ecclesiae,
859 3047 905 3110 vel
921 3065 975 3129 per
990 3049 1068 3110 Con-

92 3142 250 3204 cordalum
264 3138 429 3222 imponitur
443 3137 608 3219 huicgenti
623 3155 701 3200 onus
716 3137 883 3200 indebitum
899 3154 907 3198 τ
924 3136 954 3198 in
970 3136 1069 3218 primo

92 3249 186 3304 casu,
202 3227 422 3292 Concordatum
437 3245 498 3290 non
508 3236 569 3289 tum
579 3235 623 3288 est
633 3236 753 3309 pactum
767 3246 803 3288 ex
819 3233 901 3308 purte
916 3225 1068 3288 Pontificio

93 3325 187 3403 quum
205 3319 362 3382 concessio
376 3317 533 3399 privilegii.
550 3318 583 3378 ln
598 3317 829 3391 secundundum
845 3335 906 3377 non
921 3323 964 3377 est
978 3315 1067 3380 elium

94 3404 1069 3490 mntrucluspropriddiclus‚clrmspiritualiatemporalibuscom·

95 3499 192 3582 parari
213 3503 378 3579 nequeunt.
394 3495 541 3559 standum
555 3503 656 3559 tomen
678 3503 723 3558 est
736 3495 906 3576 promissis.
925 3492 977 3556 sed
995 3489 1067 3552 sub·

95 3587 248 3653 audiendo
269 3603 390 3668 scrupeo
408 3586 542 3650 conditio
556 3603 565 3648 t
580 3585 641 3648 nisi
659 3583 744 3647 uliud
758 3585 857 3664 culpat
869 3601 954 3645 causa
967 3578 1067 3659 provio

95 3687 122 3740 et
147 3673 393 3802 extraordinario
414 3674 482 3736 boni
507 3674 676 3736 communis.
698 3671 767 3733 Vid.
789 3673 913 3748 insuper
929 3663 1063 3820 ⁸fluctuet.
