2588 3994
488 233 713 281 rnocnoonout.
1029 215 1084 280 133

153 361 169 400 ι
195 340 244 402 ttt.
261 339 333 402 Siue
347 339 535 421 possessione
549 335 733 420 prescriptio
747 355 808 399 non
825 334 967 418 procedit.

153 449 170 488 ι
195 429 245 492 tv.
261 429 422 492 Peccatum
436 445 498 490 non
512 425 683 502 dimittitur,
696 425 751 487 nisi
762 426 934 488 restituatur
943 425 1085 491 ablatum.

153 538 171 578 ι
195 518 233 580 V.
252 517 368 581 Pecceti
383 517 469 580 renio
483 533 545 578 nou
559 515 647 578 datur
662 515 717 577 nisi
733 521 879 584 correcto,

153 626 170 668 ι
196 607 245 669 VI.
262 609 358 670 Nemo
373 613 470 690 potest
482 605 520 668 ad
535 603 721 688 impossibiie
734 604 872 686 obligari.

154 717 171 756 ι
196 697 261 759 vlt.
274 697 467 778 Privitegium
475 693 1086 778 personalepersonomsequitur,ctextin-

115 807 131 847 n
155 785 258 868 guitur
271 803 342 850 cum
356 788 497 868 persone.

153 897 171 935 n
192 875 268 938 vill.
285 875 385 938 Semtd
395 873 504 950 mutus,
515 891 636 957 semper
643 873 836 956 presumitur
843 889 909 935 esse
919 872 1026 937 metus.

153 984 170 1023 ι
195 965 245 1026 tx.
263 965 372 1028 Reium
384 962 453 1046 quis
461 961 643 1027 heberenon
652 961 854 1046 potcst,quod
864 962 1088 1044 ipsiusnomine

114 1074 130 1113 n
154 1061 273 1116 nonest
285 1060 415 1134 gestum.

152 1163 169 1201 n
193 1145 231 1205 Χ.
256 1141 512 1206 Retihebitiooem
537 1140 695 1206 retrotrubi
723 1147 755 1206 et
783 1141 925 1205 mandato
951 1159 1014 1205 non
1043 1151 1088 1205 est

113 1255 129 1292 n
152 1231 281 1296 dubium
294 1232 474 1314 comparari.
493 1233 566 1312 niv.
583 1251 614 1314 g.
631 1231 662 1294 Si
677 1231 745 1313 quis
760 1231 826 1295 sine
840 1250 909 1294 meo
925 1231 1085 1310 mandato,

114 1323 292 1399 negotium,
304 1323 429 1384 nomine
443 1339 531 1393 meo,
547 1337 649 1386 coram
663 1319 765 1400 judice
779 1325 953 1402 prosecutus
969 1319 1086 1398 suisset,

114 1411 227 1476 nullius
240 1409 387 1474 momenti
401 1409 477 1474 iuret
486 1417 591 1474 contro
604 1427 654 1472 me
664 1410 821 1472 sententio.
833 1410 865 1472 Si
877 1415 978 1472 temen
989 1417 1087 1472 rutum

113 1499 256 1564 haberem
277 1499 360 1582 quod
379 1500 423 1563 sic
441 1507 541 1564 notum
558 1507 623 1578 cst,
637 1497 811 1580 hujusmodi
832 1497 1088 1562 ratihabitionem

113 1589 258 1653 mandato
270 1589 438 1672 comparari
452 1589 602 1672 deberet).

153 1701 170 1739 n
193 1680 245 1742 XI.
262 1680 338 1743 Cum
361 1679 422 1743 siut
440 1681 571 1762 partium
594 1681 664 1760 iura
681 1677 827 1758 obscura,
852 1698 905 1746 reo
926 1679 1086 1745 terendum

114 1791 130 1828 n
153 1773 218 1848 est,
232 1769 333 1852 potius
345 1771 437 1850 quim
452 1769 557 1832 actori.

154 1880 169 1919 n
193 1860 258 1922 ΧΗ.
270 1861 305 1921 ln
318 1858 439 1939 judiciis
454 1878 516 1922 non
531 1865 576 1923 est
584 1859 718 1942 acceptio
731 1877 928 1941 personarum
936 1860 1083 1924 habenda.

152 1969 169 2012 ι
192 1949 269 2012 xttt.
286 1948 458 2030 ignorantis
472 1947 557 2028 iacti,
573 1967 634 2012 nou
645 1948 722 2028 juris
735 1958 867 2013 excuset.

153 2057 170 2100 n
193 2039 272 2100 XIV.
293 2038 369 2100 tium
384 2037 452 2120 quis
466 2038 497 2099 in
509 2039 559 2118 jus
573 2038 705 2102 succedit
721 2039 859 2118 alterius,
874 2040 985 2120 justum
999 2039 1085 2122 igno·

114 2150 131 2186 n
157 2127 262 2190 runtiae
275 2145 398 2216 causum
411 2137 551 2190 censetur
564 2127 686 2190 hebere.

153 2237 170 2280 n
195 2218 260 2280 XV.
276 2217 352 2280 Odia
365 2217 504 2299 restringi
518 2223 548 2280 et
561 2217 676 2281 favores
689 2217 830 2280 convenit
842 2219 991 2300 ampliari.

152 2325 169 2367 n
193 2309 270 2372 xvt.
286 2309 378 2370 Decet
404 2325 583 2372 concessum
605 2307 623 2369 t
646 2307 787 2389 Principe
813 2305 996 2372 beneficium
1022 2326 1086 2371 esse

113 2417 131 2458 n
154 2414 344 2462 mensurum.

156 2508 173 2546 n
195 2488 289 2552 xvlt.
305 2485 458 2552 indultum
472 2485 570 2570 diune
582 2486 765 2553 beneficium
774 2506 837 2552 non
851 2492 896 2550 est
904 2486 991 2549 elicui
1005 2486 1086 2550 uuic-

114 2597 131 2638 ι
155 2574 297 2640 rendum.

154 2687 171 2728 o
195 2667 297 2730 Xthl.
313 2669 380 2732 Non
395 2667 532 2732 firmatur
544 2673 642 2732 trootu
654 2668 815 2751 temporis,
829 2664 958 2750 quodde
968 2666 1036 2746 jure
1048 2667 1087 2730 nb

115 2776 131 2817 ι
156 2755 242 2820 initio
256 2773 318 2821 non
332 2757 476 2822 subsistit.

154 2863 171 2908 n
194 2847 272 2908 xlx.
294 2847 362 2909 Nou
377 2854 421 2911 est
439 2848 505 2911 siue
526 2844 633 2932 cuipd,
654 2845 708 2930 qui
727 2846 783 2926 rei,
798 2864 866 2930 queo
883 2845 922 2912 od
939 2865 1011 2910 eum
1025 2865 1086 2911 non

116 2954 133 2995 o
156 2935 300 3018 pertinet,
314 2952 348 2999 se
361 2936 522 3000 immiscet.

156 3043 173 3086 n
196 3025 261 3088 XX.
273 3023 380 3088 Notius
394 3024 531 3107 pluribus
546 3025 588 3089 uti
601 3023 828 3090 defensionibus
841 3023 1024 3109 prohibetur.

154 3113 273 3176 »xxt
295 3113 382 3188 Quod
408 3115 502 3180 semel
524 3113 654 3198 placuit,
684 3113 815 3196 amplius
840 3113 998 3198 displicere
1025 3135 1085 3180 uon

116 3221 133 3262 n
157 3207 266 3286 potest.

154 3311 172 3352 s
196 3293 286 3356 xxlt.
301 3293 369 3357 Non
382 3293 472 3357 debet
483 3293 593 3377 uliquis
602 3293 724 3358 ulterius
734 3292 804 3358 odio
816 3295 1006 3377 praegrevari.

155 3401 172 3442 n
196 3381 301 3444 xxm.
317 3381 390 3447 Siue
404 3383 511 3466 culpe,
529 3383 588 3446 nisi
610 3383 705 3448 subsit
724 3401 831 3464 causa,
846 3401 909 3446 noo
922 3391 967 3448 est
979 3383 1086 3465 aliquis

117 3491 134 3528 ι
158 3469 343 3554 puniendus

156 3579 174 3620 a
196 3561 299 3625 XXIV.
316 3559 403 3634 Quod
420 3559 489 3645 quis
510 3561 653 3626 mundato
672 3560 743 3626 iecit
760 3560 885 3642 iudicis,
899 3559 971 3624 dolo
989 3558 1086 3623 iecere

121 3667 136 3710 ι
160 3665 223 3716 oon
233 3648 366 3727 videttu,
376 3651 447 3714 cum
461 3650 570 3714 habeat
581 3668 687 3730 perere
700 3667 833 3715 necesse.

933 3749 981 3804 νὴ
