2574 3994
170 229 228 294 24ss
385 245 522 292 uenuncs
542 243 643 293 renus
663 243 745 290 runis
769 243 917 292 senonici.

167 343 261 404 tactus
274 341 312 404 sit
325 339 411 402 miles
425 347 476 404 aut
486 339 632 419 jaculator
643 360 650 415 ;
663 340 687 401 si
698 339 874 420 religionem
890 337 1064 402 solemniter
1071 359 1141 423 pro·

168 429 285 492 titeatur
298 431 375 510 (cap.
391 427 571 511 Beneficium
586 432 623 504 4,
639 428 673 489 de
696 427 816 508 Requi,
833 429 866 489 in
879 426 945 508 6⁰);
960 426 1007 490 vel
1022 428 1046 490 si
1064 431 1139 492 reci·

167 517 228 597 piat
249 515 330 578 aliud
353 515 536 580 beneficium
564 515 809 598 incompossibile
831 533 902 578 cum
929 515 1048 598 priore,
1073 535 1140 598 cap.

167 605 267 668 Multo
287 609 345 680 28,
368 603 403 666 de
417 604 536 680 Prote
557 610 587 667 et
613 605 732 668 Extrav.
753 603 949 666 Euecrubr'lis
972 604 1040 666 eod.
1066 605 1144 668 inter

168 693 362 756 Communes.

206 781 358 863 Expresso
373 801 408 844 ea
422 781 613 864 diciturque
627 781 661 843 tit
673 781 821 864 expressis
830 781 928 843 verbis
942 786 994 843 aut
1007 781 1142 864 seriptis3

167 889 235 951 quea
251 871 360 932 iterum
373 870 485 952 duplex
498 877 543 932 est
551 891 559 947 ;
573 889 651 952 pura
664 889 732 952 quse
746 870 860 950 absque
875 869 936 932 utta
950 869 1141 948 conditione;

167 965 197 1019 et
209 957 416 1030 conditionalis
429 977 497 1040 quae
511 957 545 1020 nt
559 957 615 1020 sub
629 958 729 1040 alique
742 957 930 1020 conditione:
946 963 996 1035 ut,
1014 977 1042 1020 v.
1059 979 1102 1039 g,
1119 960 1143 1022 si

167 1047 524 1110 dimittaturbeueticium
539 1048 699 1110 sitantum
710 1045 883 1110 conditione
895 1053 928 1108 ut
936 1046 1143 1110 determinatae

167 1151 304 1216 personas
313 1134 499 1206 conteratur,
513 1135 594 1217 quod
605 1135 942 1217 proprieestresipuutio
954 1135 1142 1216 inferiorern,

167 1229 197 1284 et
210 1221 275 1286 tisri
290 1224 396 1304 nequit
409 1223 522 1305 absque
540 1225 571 1285 S.
594 1223 748 1286 Pontificis
766 1224 940 1286 auctoritate
954 1243 963 1300 ;
979 1222 1024 1285 rel
1039 1225 1062 1285 si
1078 1243 1145 1306 per·

168 1316 300 1374 mutetur
308 1311 491 1376 beneficium
505 1331 576 1374 eum
590 1313 649 1376 aiio
663 1359 671 1389 ,
686 1331 747 1394 quo
762 1312 793 1372 in
808 1330 879 1374 casu
894 1319 1070 1393 permutans
1080 1331 1141 1376 non

167 1398 289 1461 dimittit
308 1400 365 1462 nisi
379 1401 436 1463 sub
455 1401 627 1463 conditione
641 1401 722 1484 qudd
746 1401 882 1482 superior
896 1402 1081 1476 consentiet;
1098 1402 1143 1464 vel

168 1487 299 1570 denique
311 1489 336 1550 si
356 1491 534 1551 renuntians
551 1489 607 1550 sibi
633 1496 764 1551 reservat
778 1489 833 1570 jus
855 1487 1054 1569 reprediendi,
1069 1487 1146 1552 taetd

168 1576 299 1657 quedam
314 1577 470 1660 hypothesi
480 1625 487 1653 ,
497 1583 548 1640 aut
561 1577 618 1642 sibi
633 1578 754 1659 stiputet
758 1579 807 1660 jus
817 1577 854 1640 ad
866 1583 980 1659 partem
991 1577 1143 1642 fructuum

170 1663 308 1726 beneficii
322 1665 366 1726 vet
381 1666 559 1746 pensionem
573 1665 758 1745 (Reiffenst.,
774 1665 794 1728 1.
814 1670 844 1746 t,
859 1672 880 1728 t.
895 1671 929 1739 9,
942 1665 982 1726 n¹¹
997 1669 1088 1744 8-72).
1102 1670 1146 1730 De

169 1753 311 1814 omnibus
325 1752 372 1814 his
381 1753 476 1815 fusius
487 1753 669 1816 disseremus
682 1753 835 1836 loquendo
848 1753 886 1816 de
896 1753 1051 1817 beneficiis
1065 1762 1094 1816 et
1108 1754 1145 1820 de

170 1840 299 1904 simonie
313 1843 400 1918 (503,
415 1847 487 1918 etc,
502 1845 597 1914 5450,
613 1849 683 1914 etc,
699 1847 790 1920 6165,
808 1847 878 1920 etr.)

209 1931 279 1992 500.
305 1931 414 1992 Praeter
436 1929 644 1994 dimissionem
663 1931 831 2012 simplicem
856 1929 921 1993 tieri
944 1936 1066 2014 potest,
1091 1933 1144 1994 etsi

170 2017 321 2080 rarissime
343 2017 402 2080 hoc
419 2019 590 2100 continget,
606 2020 769 2098 resignatio
790 2019 846 2082 toci
859 2027 888 2080 et
914 2020 1087 2101 dipoitutie,
1115 2028 1146 2082 et

170 2107 312 2170 Praetatus
339 2107 382 2168 sic
409 2125 586 2188 resignans,
616 2126 678 2170 non
714 2109 832 2170 tantum
860 2111 914 2170 sua
950 2105 1020 2172 sede
1058 2108 1145 2172 desti-

170 2194 280 2272 tuitur,
299 2193 351 2258 sed
374 2200 404 2257 et
417 2195 622 2258 functionibus
641 2213 704 2258 suae
717 2195 887 2276 dignitatis,
910 2213 986 2277 quas
998 2197 1088 2258 etiam
1108 2196 1145 2260 de

170 2299 320 2346 consensu
334 2281 483 2346 Ordinerii
499 2301 559 2345 non
572 2291 668 2366 potest
681 2291 754 2346 tunc
767 2283 898 2366 amplius
912 2303 1062 2346 exercere.
1082 2287 1146 2348 Hoc

171 2389 267 2451 genus
290 2369 475 2434 dimissionis
492 2371 650 2434 adhibetur
663 2371 710 2434 rel
732 2371 770 2434 ad
788 2373 1031 2452 praeveniendam
1052 2375 1144 2456 depo·

171 2460 310 2522 sitionem
320 2459 498 2540 juridicam,
519 2460 566 2520 vel
584 2459 622 2521 ed
637 2460 877 2542 amplectendam
896 2462 987 2522 vitem
1001 2462 1146 2524 monasti-

170 2565 248 2609 cam.
272 2551 308 2609 V.
328 2547 463 2610 Proeleet.
480 2547 515 2610 S.
531 2547 663 2629 Sulpite'r'
673 2595 681 2620 ,
703 2557 736 2608 n⁰
760 2551 817 2609 172
836 2549 868 2609 in
890 2548 961 2611 tine.
979 2547 1060 2610 Idem
1074 2547 1147 2611 dicit

171 2637 313 2712 Ferreus,
329 2645 358 2696 v⁰
369 2637 548 2718 Episcopus,
564 2643 618 2697 art.
635 2639 665 2710 3,
680 2635 721 2696 η’·
735 2639 785 2713 76,
800 2639 839 2698 79
856 2656 863 2696 :
884 2637 1079 2718 «Episcopus
1093 2637 1146 2718 qui

172 2747 186 2781 6
211 2724 591 2806 renuntiavitEpistmpetui
602 2723 701 2806 quoad
716 2723 809 2785 torum
824 2727 949 2798 tantiam,
961 2731 1059 2806 potest
1072 2743 1146 2787 eon·

172 2835 186 2869 6
210 2811 289 2875 terre
311 2812 433 2874 ordines
452 2811 543 2874 etiam
565 2813 693 2894 majores
714 2818 796 2874 textu
817 2831 958 2894 expresso
980 2813 1050 2874 in...
1078 2831 1145 2896 cap.

172 2924 186 2957 6
212 2900 380 2982 Requisr'oit
395 2905 430 2976 t,
446 2900 481 2962 de
493 2900 639 2962 ordinetis
656 2900 693 2961 ud
711 2901 893 2982 Episcopo...
918 2899 1085 2964 dummodo
1106 2909 1147 2966 ta·

173 3010 187 3048 6
212 3005 283 3050 men
294 2989 460 3069 sitrogatus
470 2989 507 3050 ab
517 2989 619 3071 atiquo
628 2987 1026 3072 Episcopolipiseopusqui
1036 2985 1147 3052 ren'un·

175 3097 187 3132 6
213 3076 294 3138 tianit
321 3077 513 3158 Episcopatui
537 3077 637 3158 quoad
665 3075 757 3138 lorum
784 3083 814 3138 et
835 3077 1013 3160 da'pm'tutem
1035 3077 1126 3139 simul
1137 3125 1146 3156 ,

174 3185 189 3224 6
214 3165 319 3246 nequit
334 3163 412 3227 licite
430 3164 552 3229 ordines
570 3184 671 3228 sacros
690 3164 852 3228 conterre:
873 3168 924 3228 cit.
946 3184 1013 3248 cap.
1036 3165 1147 3250 Requi·

172 3273 189 3312 6
213 3253 295 3314 sicit.
311 3275 327 3312 6

213 3343 346 3404 Numero
360 3341 430 3403 rard
449 3345 504 3412 ⁸12,
524 3341 606 3404 idem
625 3341 707 3403 addit
727 3361 734 3402 :
754 3363 770 3400 u
788 3341 955 3424 Episcopus
973 3341 1147 3424 simpliciter

175 3451 190 3490 6
214 3431 391 3493 renuntians
404 3437 543 3492 censetur
561 3431 592 3490 in
606 3428 699 3491 dubio
713 3431 900 3492 renuntiasse
916 3429 977 3492 loeo
991 3433 1146 3494 tantem...

176 3541 191 3580 6
215 3519 272 3582 nisi
289 3527 411 3601 propter
424 3519 560 3581 criminis
579 3517 810 3598 conscientiam,
825 3535 880 3582 seu
893 3537 930 3580 ex
953 3525 1035 3584 metu
1053 3517 1147 3608 depo-

19 3603 70 3652 k
177 3629 191 3666 6
216 3609 332 3670 sitionis
346 3609 386 3670 ita
398 3606 654 3670 renuntiaverit.»
678 3627 679 3632 ¹
