2496 3992
185 144 243 222 oso
389 153 529 216 usuque
550 152 652 207 rouus
674 154 755 202 rurus
776 144 926 199 clronrcr.

185 293 250 344 acuit
264 284 408 352 Augustini:
426 281 467 342 qui
483 275 622 342 presertim
639 272 665 320 in
681 267 790 320 Ciuitate
805 265 853 315 ner
868 263 982 311 virtutem
998 256 1145 307 christianae

186 363 321 426 sapientire.
337 373 385 421 qua
401 358 469 418 parte
482 346 686 401 necessitudinem
708 341 781 388 babet
807 349 861 385 eum
877 333 1011 395 republica.
1032 335 1100 377 terito
1118 328 1144 374 in

186 438 279 486 lumine
294 428 429 484 collocavit,
456 429 548 473 utnon
569 425 618 467 trun
634 430 677 479 pro
692 408 830 462 christianis
845 405 882 454 sui
908 402 1025 464 temporis
1046 400 1146 448 dixisse

187 520 298 559 caussam
320 516 394 566 quam
410 498 440 547 de
456 492 605 545 criminibus
631 485 698 536 salsis
724 489 868 546 perpetuum
890 475 1041 534 triumphum
1058 472 1146 533 egisse

189 583 307 628 ridentur.

219 650 341 699 Sirnilium
362 649 444 693 tamen
463 638 619 702 querelarum
640 635 713 691 atque
727 622 939 674 insimulationum
952 619 1049 666 funesta
1065 614 1145 663 libido

190 739 237 773 non
261 719 363 783 quievit,
378 731 407 764 ao
423 710 552 776 permultis
577 719 635 754 sane
653 698 743 764 placuit
761 695 855 743 civilem
870 689 966 740 vivendi
982 687 1143 748 disciplinam

190 797 290 846 aliunde
312 794 405 852 petere,
419 797 493 846 qnam
513 795 545 830 ex
559 776 677 827 doctrinis
691 785 751 833 quas
766 765 878 815 Ecclesia
900 760 1021 811 catholiea
1045 758 1142 820 probat.

192 870 269 916 innuo
279 867 400 926 pestremo
415 858 461 904 lroe
475 861 583 914 tempore
596 858 693 900 neuram,
704 839 868 903 utappellont.
887 836 939 896 jor,
952 832 1016 894 quod
1030 829 1150 890 inquiunt

192 953 246 988 esse
268 937 334 982 velut
357 929 478 993 quoddam
498 921 576 972 adulti
596 918 649 981 jam
667 911 749 964 soeculi
769 911 956 962 incrementum,
973 901 1149 963 progrediente

192 1011 304 1058 libertate
315 1012 418 1067 partum,
429 999 510 1046 volere
521 1008 549 1042 ae
564 986 686 1041 dominari
699 983 787 1047 passim
798 980 883 1042 coepit.
896 1003 922 1013 -
933 975 980 1022 Sed
990 972 1149 1034 quantumvis

194 1081 270 1129 multa
283 1075 353 1124 multi
368 1066 497 1134 periclitati
510 1067 579 1118 sunt.
596 1062 701 1111 constat.
730 1058 850 1117 repertam
866 1060 992 1108 nunquam
1007 1059 1062 1093 esse
1082 1056 1149 1105 prae-

194 1150 335 1201 stantiorem
357 1141 534 1193 GOllStiilisslldae
556 1131 768 1195 temperantiaeque
793 1121 902 1171 civitatis
919 1118 1050 1170 rationem.
1075 1129 1151 1176 quam

195 1236 249 1286 quae
264 1223 294 1268 ab
313 1214 457 1279 evarrgelica
467 1209 576 1258 ‹leotrina
590 1206 676 1267 sponte
688 1195 828 1248 etflorescit,
845 1219 874 1228 -
892 1189 991 1239 Maximi
1006 1188 1083 1250 igitur
1092 1200 1148 1233 mo-

196 1293 272 1342 menti
299 1296 372 1351 atque
399 1284 529 1333 admodum
560 1274 657 1325 muneri
684 1272 769 1318 Nostro
799 1263 930 1328 apostolico
956 1266 1153 1309 corrsentaneum

197 1381 250 1416 esse
263 1362 412 1411 arbitramur
432 1368 506 1403 novas
518 1345 678 1410 derepublioa
692 1340 820 1404 opiniones
830 1351 886 1384 cunr
897 1333 1007 1382 doctrina
1018 1331 1153 1380 christiana

198 1438 322 1487 conterre:
336 1445 383 1493 quo
392 1426 462 1476 rnodo
472 1421 560 1472 erroris
568 1413 781 1473 dubitationisque
789 1422 888 1457 caussas
899 1410 1010 1466 ereptum
1021 1402 1061 1453 iri.
1075 1415 1155 1449 erner-

199 1517 271 1573 genle
281 1505 388 1559 veritate,
404 1495 560 1552 confidimns,
583 1490 615 1538 ita
628 1493 655 1537 ut
672 1487 754 1533 ridere
770 1482 872 1542 quisque
884 1477 955 1525 laeile
964 1480 1039 1536 queat
1054 1489 1153 1522 summa

199 1583 242 1631 illa
259 1582 378 1641 praecepta
389 1567 485 1618 vivendi
496 1578 551 1627 quae
564 1560 633 1622 sequi
646 1563 672 1607 et
681 1556 772 1618 quibus
788 1564 874 1615 parere
888 1550 987 1596 debeat.

232 1655 283 1702 lion
302 1641 439 1706 estmagni
458 1635 548 1701 negotii
574 1638 691 1685 statuere,
707 1628 806 1688 qualem
832 1623 863 1670 sit
882 1620 988 1682 speciem
999 1619 1153 1680 formamque

201 1726 313 1776 trabitura
328 1717 420 1769 civitas,
437 1711 589 1774 gnlrernante
602 1702 738 1752 christiana
753 1692 906 1758 philosophia
919 1690 1109 1753 rempublicam.
1122 1717 1154 1726 -

202 1795 306 1846 lrrsitnm
317 1785 410 1836 iromini
423 1783 570 1834 naturam,
586 1780 612 1823 nt
625 1775 649 1820 iu
661 1769 725 1820 civili
734 1767 849 1817 societate
858 1764 924 1811 visat
938 1777 944 1810 ε
956 1762 978 1810 is
989 1760 1056 1810 enim
1071 1775 1155 1809 neees-

202 1866 293 1915 sarium
311 1860 364 1907 vitre
383 1856 475 1903 cultum
486 1856 510 1899 et
523 1852 642 1910 paratum,
657 1844 765 1901 itemque
775 1835 867 1898 ingenii
882 1838 956 1894 atque
967 1832 1045 1882 animi
1061 1833 1155 1892 perlec-

202 1940 296 1988 tionem
307 1944 362 1979 cum
374 1928 400 1975 in
415 1922 547 1974 solitudine
558 1916 662 1980 adipisci
678 1928 726 1963 non
737 1910 822 1974 possit,
835 1907 959 1968 provisum
972 1903 1092 1952 divinitus
1106 1910 1152 1959 est,

202 2014 229 2058 nt
245 2007 275 2055 ad
290 1998 489 2055 coniunctionem
509 1988 776 2055 congregationemque
791 1979 922 2030 hominum
936 1980 1083 2025 nasceretur
1098 1990 1153 2025 cnm

203 2077 371 2129 domesticam.
386 2067 520 2119 tumeliam
533 2064 639 2119 civitem,
654 2071 709 2120 quoe
724 2053 948 2116 suppeditarentur
968 2047 1152 2108 srrsfietcntiom

201 2150 341 2217 perfectam
359 2145 410 2193 sola
425 2141 519 2202 potest.
537 2133 656 2192 Quoniam
670 2142 727 2178 vero
744 2140 791 2177 non
804 2127 885 2188 potest
910 2121 1016 2170 societas
1031 2120 1081 2168 ulla
1094 2132 1150 2167 con·

205 2224 300 2276 sistere,
311 2217 358 2266 nisi
375 2217 394 2263 ai
407 2210 497 2273 aliquis
510 2207 623 2257 omuibus
639 2201 730 2265 praesit,
744 2195 841 2248 etlleaei
856 2193 980 2255 similique
994 2205 1094 2239 movens
1104 2191 1154 2237 siu·

205 2297 275 2360 gulos
288 2291 317 2340 ad
339 2298 467 2337 commune
482 2279 631 2343 propositum
649 2272 807 2335 impulsione,
822 2266 935 2322 efficitur,
950 2264 1016 2313 cirili
1027 2262 1155 2311 hominnm

206 2360 375 2415 communitati
387 2354 551 2405 necessariam
565 2363 620 2399 esse
637 2343 817 2401 auctoritatem,
833 2353 880 2400 qua
897 2342 997 2400 regatur
1012 2348 1095 2395 :quae
1109 2347 1158 2381 oon

206 2452 277 2488 secus
302 2447 329 2481 ae
354 2429 466 2485 societas,
486 2439 501 2474 a
524 2427 611 2472 natura
634 2421 812 2482 proptereaque
834 2411 909 2459 alteo
924 2409 976 2471 ipso
993 2406 1085 2454 oriatur
1100 2419 1159 2454 auc-

206 2514 271 2560 tore.

238 2580 273 2627 Ex
296 2590 343 2637 quo
362 2571 423 2621 illud
436 2565 602 2628 consequitur,
620 2563 768 2625 potestatem
779 2554 902 2618 publicam
917 2565 961 2613 per
972 2551 1085 2611 seipsam
1106 2563 1159 2598 non

208 2665 262 2700 esse
276 2646 325 2697 nisi
339 2661 352 2694 a
367 2646 424 2692 ileo.
440 2641 508 2689 Solus
523 2637 588 2686 enim
602 2637 664 2683 Deus
678 2637 715 2681 est
730 2628 871 2679 verissimus
886 2623 1057 2683 maximusque
1073 2635 1159 2670 rerum

208 2721 332 2777 dominus,
355 2716 395 2766 cui
416 2713 518 2763 subesse
531 2718 556 2757 et
568 2707 659 2756 servire
674 2703 764 2761 omnia,
788 2709 959 2762 quaecumque.
981 2707 1083 2742 neccsse
1097 2697 1137 2741 est
1154 2709 1160 2740 :

207 2796 241 2842 ita
258 2798 284 2840 ut
296 2790 445 2853 quicumque
451 2784 491 2846 jus
505 2779 642 2844 imperandi
653 2778 754 2829 liabent,
767 2786 817 2821 non
826 2771 849 2818 id
859 2769 960 2818 aliunde
968 2765 1098 2828 accipiant,
1109 2765 1161 2815 nisi

208 2867 238 2914 ab
254 2864 295 2911 illo
308 2873 403 2909 summe
413 2856 523 2905 omnium
536 2851 647 2916 principe
666 2851 725 2897 Deo.
743 2846 798 2897 Noa
810 2841 969 2905 estpotestate
984 2839 1034 2885 arai
1045 2853 1062 2883 o-
1074 2837 1128 2887 Deo
1140 2838 1159 2885 ¹.

208 2965 237 2974 -
252 2937 295 2984 lus
305 2937 387 2981 autem
403 2927 500 2991 imperii
517 2940 561 2987 per
577 2938 604 2972 se
614 2936 664 2971 non
679 2925 782 2969 osteum
799 2917 850 2963 ulla
865 2909 1005 2974 reipublieae
1021 2909 1102 2957 torma
1114 2924 1160 2958 ue·

209 3006 314 3057 cessario
330 3003 468 3064 copulatum
479 3012 485 3060 3
495 2995 621 3045 aliamsibi
631 2994 671 3042 vel
686 2992 759 3040 aliam
769 2999 895 3037 assumere
907 2987 973 3032 recte
988 2985 1076 3044 potest,
1089 2983 1161 3029 modo

209 3078 318 3129 utilitatis
333 3075 440 3134 bonique
452 3067 589 3119 eommunis
600 3062 847 3126 reapseetsscientem.
858 3057 903 3105 Sed
915 3055 939 3102 in
951 3053 1163 3115 quolibetgeuerc

209 3150 351 3210 reipublice
372 3143 471 3193 omnino
492 3140 614 3203 principes
632 3138 722 3184 debent
736 3144 858 3181 arrrnmurn
874 3126 958 3175 mundi
970 3126 1162 3186 gubernatorem

210 3226 286 3271 norror
312 3217 411 3276 intueri,
437 3227 543 3274 eumque
558 3207 718 3268 sibimetipsis
734 3206 759 3254 in
772 3199 968 3252 artmiuistranda
983 3195 1080 3244 risitate
1106 3200 1162 3244 tan·

208 3308 282 3358 quam
299 3290 438 3352 exemplum
459 3287 587 3348 legemque
600 3293 747 3346 proponere.
772 3277 835 3325 Deus
858 3271 932 3330 euim,
949 3267 1011 3317 sieut
1035 3267 1162 3327 iurabas,

235 3511 257 3560 i.
267 3513 326 3556 ilem.
340 3517 386 3560 ant,
398 3507 419 3554 i.
