2574 3994
163 239 221 298 2⁶22
383 254 521 302 uranum
542 254 642 302 sorms
662 255 744 303 runis
765 255 914 304 cunamen.

165 347 267 410 Sedem
294 347 493 430 apostolicam
516 369 571 413 seu
598 349 630 411 in
654 350 786 412 llomuud
814 348 922 426 Curdd,
952 354 1146 416 reservantur

164 437 195 500 S.
214 437 362 501 Pontifici.
378 441 422 502 lta
436 458 502 521 cap.
525 439 607 502 Licet
621 443 660 516 2,
679 446 713 500 de
736 438 908 501 Prcebmdis
928 447 959 500 et
979 440 1096 522 Dipnit.
1111 446 1140 503 et

163 545 230 608 cap.
251 527 397 591 cresenci
422 531 470 599 34,
489 528 625 608 ejusdem
639 527 727 590 tituli.
752 529 846 589 Porrb
867 527 1016 590 beneficia
1036 535 1143 592 vacant

163 617 196 678 in
211 618 299 678 Curia
313 619 464 693 Romana,
480 617 603 698 quando
617 616 813 679 benellclatus
827 617 955 678 moritur
966 617 998 678 in
1013 617 1079 679 loco
1089 617 1140 679 ubl

165 705 275 768 residet
288 707 385 787 Papa,
400 706 446 768 vel
461 705 645 769 cancellaria
655 707 737 785 ejus,
748 711 800 768 aut
813 705 941 768 moritur
955 707 986 766 in
998 705 1064 768 loco
1079 725 1142 767 non

165 793 232 876 plus
245 794 366 856 distanti
380 813 472 875 quam
486 795 603 857 duabus
617 794 727 868 dietis,
747 793 825 856 idest
841 799 881 858 td
895 793 1073 857 milliaribus
1092 795 1144 856 ita-

165 883 241 945 licis.
258 885 296 944 V.
312 883 369 946 alia
383 901 432 964 ap.
449 883 567 962 Soglia,
583 883 657 945 last.
668 883 737 963 jur.
748 884 851 965 praa,
868 883 950 963 §bb

206 971 350 1043 Quaedam
365 979 466 1033 autem
480 972 681 1051 excipiuntur,
690 991 718 1032 v.
731 992 760 1052 g.
777 973 985 1054 Episcopatus,
998 971 1142 1050 abbatiae,

166 1061 290 1140 aliaque
307 1061 471 1141 Dignitales
491 1059 638 1138 electivae,
654 1067 706 1122 aut
719 1079 788 1140 quaa
802 1067 872 1124 sunt
886 1061 923 1122 ad
937 1062 1144 1143 praesentatio-

168 1167 239 1210 nem
254 1149 390 1228 alicujus,
403 1148 550 1211 beneficia
559 1149 596 1211 ad
605 1149 909 1220 nutumrevocabilia,
918 1148 1146 1227 boneficiajuris

168 1241 341 1319 patronatbs
353 1238 475 1316 laicalis,
486 1237 668 1321 parochialia
681 1239 857 1300 vacantiam
871 1239 960 1301 Curia
969 1238 1042 1300 dum
1053 1238 1145 1300 Sedes

170 1327 340 1407 apostolica
360 1333 444 1389 vacat
461 1335 541 1409 (cap.
566 1327 605 1390 Si
618 1326 749 1410 Apostol.
769 1326 843 1388 Sede
868 1329 918 1404 35,
948 1327 983 1389 de
1002 1327 1146 1390 credet

169 1415 254 1496 bip,
270 1415 301 1477 in
316 1421 359 1478 δ’.
376 1419 412 1478 V.
429 1417 541 1492 Bonis,
553 1417 597 1478 De
611 1417 754 1490 Peracto,
771 1435 803 1497 p.
821 1417 904 1494 318).

101 1527 104 1534 ’
210 1505 283 1566 ltem
297 1512 392 1568 cessat
407 1505 472 1567 baec
486 1506 647 1567 reservatio
661 1505 685 1566 si
705 1503 887 1566 beneficium
910 1504 987 1567 iutra
1008 1523 1146 1568 mensem

169 1593 245 1654 adie
259 1595 422 1656 vacationis
434 1593 673 1674 computandum
684 1612 744 1656 non
754 1591 989 1655 conseraturaS.
999 1594 1146 1658 Pontifice

170 1683 246 1762 (cap.
267 1683 471 1760 Statutum3,
497 1681 532 1743 dc
553 1682 662 1759 Pred,
682 1684 714 1742 in
738 1683 791 1760 6⁰).
807 1716 846 1726 -·
862 1678 921 1744 Sed
948 1681 1008 1746 hcc
1026 1683 1145 1745 extendi

172 1787 233 1831 uon
255 1770 345 1832 debet
369 1770 407 1832 ad
436 1775 558 1832 caeteras
583 1772 800 1832 reservationes
831 1768 910 1832 inlra
933 1770 1144 1834 recensendas.

170 1861 260 1920 Juxta
272 1859 357 1922 Card.
376 1859 458 1940 Segi.
473 1860 560 1938 (lust.
570 1860 637 1941 jer.
649 1860 843 1942 priv.,§90).

211 1951 282 2009 llo.
305 1949 363 2008 Per
377 1949 507 2029 primam
521 1948 657 2029 regulam
677 1949 869 2012 cancellariae
883 1948 953 2011 Scdi
969 1948 1147 2030 Apostolicae

172 2043 359 2098 reservantur
384 2038 488 2099 omnia
511 2037 658 2100 beneficia
681 2057 749 2120 quae
772 2039 810 2100 ab
833 2037 999 2100 ordinariis
1020 2039 1148 2120 aliisque

171 2125 363 2188 collatoribus
377 2133 481 2188 contra
496 2128 701 2209 proscriptam
722 2127 931 2190 b'l'ridentina
945 2127 1067 2209 Synodo
1085 2127 1147 2190 lor·

172 2231 254 2276 mam
268 2213 374 2277 collata
388 2222 458 2278 sunt
472 2217 599 2294 (Bonis,
614 2215 699 2286 ibid,
716 2235 747 2298 p.
763 2220 845 2294 320).

204 2305 1149 2384 ll'l.Pernonamcjusdemregulam,reserrantursomniaba-

173 2415 187 2452 ι)
213 2393 878 2456 nellciaecclesiasticacumcurbetsinbcurl
897 2395 1149 2475 ..,qoalitercum-

173 2506 188 2542 n
213 2502 273 2563 que
291 2483 461 2564 qualificata
474 2487 547 2560 (non
562 2491 663 2544 tamen
674 2481 903 2564 parochiacjuris
914 2487 1087 2563 patronatus
1097 2483 1149 2544 lai-

174 2593 189 2629 a
213 2571 397 2650 calis,antad
406 2571 878 2650 autumamovibiles3Bourx,De
887 2571 1029 2648 Purocbc,
1038 2592 1067 2653 p.
1078 2576 1147 2652 322)

174 2682 189 2718 a
213 2659 398 2740 ubicumque
409 2659 552 2736 existant,
565 2659 739 2740 aliasquam
754 2679 807 2741 per
821 2661 1056 2742 resignationem
1071 2679 1148 2742 qno·

173 2769 189 2806 a
213 2765 345 2828 cumque
358 2749 604 2824 modovacatura,
616 2749 646 2808 in
658 2749 966 2826 mensibuslanuarii,
978 2749 1145 2826 Februarii,

174 2857 188 2894 a
216 2835 338 2916 Aprilis,
353 2838 434 2915 Maii,
450 2839 522 2900 Julli
545 2883 552 2912 ,
570 2838 717 2918 Augusti,
736 2838 873 2900 Octobris
891 2845 921 2900 et
937 2838 1143 2900 Novembris.»

214 2929 285 2988 lla.
312 2927 473 3007 «Insuper
495 2927 641 2988 Sanctitas
662 2929 760 2989 Sua...
783 2926 978 3008 Episcopis...
1002 2927 1148 3008 quamdiu

163 3033 189 3073 ‘n
215 3013 296 3095 apud
323 3013 471 3076 Ecclesiae
496 3021 546 3077 aut
559 3015 704 3078 dioeceses
724 3032 792 3078 suas
805 3016 875 3077 aare
896 3033 931 3076 ac
954 3017 1150 3096 personaliter

175 3126 190 3162 a
215 3102 379 3165 resederint
392 3101 546 3177 duntaxat,
557 3103 595 3166 de
608 3105 751 3167 omnibus
760 3111 789 3166 et
802 3103 1046 3185 quibuscumque
1061 3105 1150 3166 bene-

175 3215 190 3252 ι)
216 3190 292 3254 ficiis
318 3191 562 3254 ecclesiasticis...
588 3193 639 3274 (ad
660 3194 786 3256 liberam
810 3195 945 3273 ipsorum
965 3193 1147 3254 duntaxat...

176 3305 190 3339 a
215 3280 443 3362 dispositionem
470 3282 714 3364 pcrtinentibus),
738 3300 806 3363 quac
829 3287 917 3343 antea
940 3281 973 3342 in
994 3281 1149 3344 mensibus

176 3394 191 3429 n
217 3369 391 3445 Februarii,
409 3371 539 3451 Aprilis,
554 3373 648 3448 lunii,
665 3371 807 3452 Augusti,
829 3371 966 3431 Octobris
979 3378 1008 3433 et
1022 3371 1148 3432 Decem-

178 3481 192 3518 »
217 3459 279 3522 bris
299 3465 382 3522 extra
402 3460 522 3522 Curiam
536 3477 640 3522 vacare
659 3460 838 3540 contigerit,
858 3459 949 3521 libere
968 3458 1149 3541 disponendi

179 3572 192 3608 a
217 3549 387 3612 facultatem
401 3547 549 3611 concedit.
565 3569 580 3606 a
598 3548 738 3629 Episcopi
749 3549 801 3629 qui
816 3547 895 3610 banc
908 3547 1033 3627 gratiam
1047 3565 1151 3629 accep-

74 3659 78 3667 ·
180 3645 243 3700 tare
264 3637 414 3701 voluerint
440 3637 641 3699 transmittere
663 3635 776 3698 debent
798 3635 836 3702 ad
864 3637 1015 3698 Datariam
1037 3635 1149 3698 litterae
