2578 4008
103 223 116 262 1
141 227 143 232 ·
202 215 258 278 :ist
418 234 556 280 uuuuuua
575 235 675 282 rarius
698 223 780 282 runis
800 233 944 280 cuuourcr.

239 329 338 392 Minor
348 330 489 411 probatur
499 333 529 390 t⁰
539 332 583 391 Ex
593 329 739 412 scripture
752 347 805 392 :ex
814 329 943 390 textibus
956 343 1066 407 nempe
1075 343 1164 406 supra

200 418 300 482 relatis
314 419 393 500 (uto)
409 437 417 480 ε
441 417 484 480 Tu
497 437 526 480 ee
540 417 659 496 Petrus,
675 423 743 488 eto,
766 417 857 481 Pasce
870 433 957 498 apros
970 433 1061 492 meos,
1081 420 1139 476 etc.
1155 460 1163 490 ,

203 525 307 570 omnes
327 507 409 568 enim
430 515 529 588 partes
546 506 663 570 aedihcii
678 505 796 568 socialis
813 503 1038 567 communicare
1057 501 1166 564 dehent

202 613 272 659 cum
293 595 388 678 ipsius
406 595 619 672 fundamento,
634 613 801 676 omnesque
815 611 884 656 oves
904 591 1100 654 directionem
1114 592 1166 654 Su·

202 686 297 766 premi
313 685 440 748 Pastoris
454 685 485 746 in
499 683 641 746 omnibus
654 685 738 764 sequi
752 689 902 745 tenentur.
918 683 1014 762 Ergo,
1029 688 1086 742 etc.

242 775 359 836 Probat.
375 778 407 836 Ξ·
417 775 460 836 Ex
473 775 525 836 SS.
535 772 673 835 Patribus
688 791 695 832 :
711 772 754 834 sic
767 771 855 834 babet
867 774 898 833 S.
919 773 1062 846 lrenaeus,
1075 768 1126 831 lib.
1136 773 1165 849 3,

202 868 307 925 contra
320 863 447 926 haereses
469 883 476 923 :
500 861 576 924 uhd
599 861 678 924 hano
692 860 855 923 Ecclesiam
877 865 999 943 propter
1021 859 1166 942 potiorem

203 972 218 1012 u
243 951 504 1034 principalitatem,
515 970 623 1013 necessa
632 958 673 1012 est
682 967 805 1012 omnem
819 949 978 1012 convenire
991 948 1165 1030 Ecclesiam,

203 1061 219 1100 ι
242 1040 299 1104 hoc
312 1048 357 1102 est
369 1059 421 1103 eos
435 1041 486 1122 qui
500 1047 569 1103 sunt
582 1039 717 1122 undique
732 1037 845 1102 fideles.
860 1060 876 1098 r
893 1040 990 1120 Ergo,
1005 1046 1061 1102 eto.

243 1131 274 1192 S.
290 1129 503 1212 Hieronymus,
519 1131 606 1212 epist.
625 1133 660 1191 tt
675 1129 712 1190 ad
726 1131 889 1191 Damasum
906 1149 914 1190 :
932 1153 946 1184 a
958 1129 1059 1210 Ego...
1075 1127 1168 1190 Beati·

204 1241 220 1277 ι
243 1217 339 1280 tudini
347 1218 529 1296 Tuae,idest,
539 1218 776 1281 Cathedraet'etri
784 1217 1165 1281 communioniconsocior:

204 1327 220 1366 u
244 1326 334 1389 super
347 1307 429 1370 illam
438 1315 553 1392 petram
569 1307 744 1370 aediticutam
759 1305 923 1369 Ecclesiam
942 1306 1013 1370 scio.
1030 1307 1169 1378 Quicum-

204 1416 220 1453 r
244 1415 303 1478 que
329 1404 416 1459 estro
439 1396 516 1458 hunc
539 1397 664 1458 domurn
692 1413 806 1477 agnum
829 1395 1006 1472 comederit,
1026 1393 1169 1476 profanus

205 1506 220 1546 n
244 1491 299 1547 est.
316 1485 491 1566 Quicumque
505 1493 596 1547 tecum
608 1505 663 1545 non
677 1483 811 1566 collipit,
828 1485 953 1566 rporpt't.
971 1505 986 1542 u
1002 1485 1093 1565 Ergo,
1109 1491 1166 1548 etc.

244 1573 363 1636 Probat.
380 1577 411 1637 3ο
426 1577 469 1635 Ex
491 1573 676 1654 professione
693 1573 763 1634 fidei
782 1590 874 1654 quam
888 1573 1067 1655 praescripsit
1082 1574 1169 1636 Boni-

203 1661 299 1725 iacius
327 1664 359 1724 in
383 1662 506 1741 epistola
528 1661 566 1724 ad
590 1661 740 1724 Eulalium
764 1661 1026 1742 Carthaginensem
1047 1662 1171 1744 Episco-

205 1769 295 1832 pum,
309 1752 357 1813 cui
371 1751 557 1813 subscribere
566 1750 669 1813 debuit
682 1753 814 1814 Jounues
827 1751 1170 1834 Constantinopolitanus

205 1839 371 1922 Episcopus
384 1845 450 1922 post
467 1839 665 1902 deiectionem
684 1839 805 1916 Aeacii,
824 1846 857 1903 ut
874 1840 1014 1904 Ecclesiae
1029 1844 1170 1906 Romanae

205 1927 461 2007 reconciliaretur3
483 1947 575 2012 quam
589 1927 763 1992 Hormisdas
776 1930 857 2010 Papa
873 1929 911 1991 ad
925 1930 1088 2012 Episcopos
1101 1933 1170 1994 His·
1272 1949 1273 1962 ¹

205 2019 303 2100 paniae
324 2019 404 2080 misit
420 2024 454 2081 ut
473 2017 640 2081 secundum
663 2017 744 2080 illam
767 2017 946 2081 schismatici
967 2019 1005 2080 ad
1025 2021 1170 2084 unitatem

206 2107 475 2189 reintegrarentur3
490 2125 582 2190 quam
605 2106 753 2170 Adrianus
768 2109 847 2190 Papa
860 2105 940 2169 dedit
961 2108 999 2169 ad
1014 2109 1170 2190 Synodum

205 2203 345 2260 octsvmu
356 2197 535 2278 generalem,
551 2203 681 2278 utquam
690 2197 811 2259 taudem
826 2215 916 2259 nemo
929 2215 1069 2278 respuere
1082 2199 1172 2263 debet

204 2287 287 2366 juxta
301 2287 424 2349 Bossuet
438 2287 517 2368 (Des.
536 2285 665 2361 Declar„
682 2286 734 2349 tib.
748 2290 802 2358 to,
815 2305 881 2368 cap.
897 2285 935 2365 ἵ),
953 2286 1004 2368 qui
1018 2287 1090 2350 dicit
1103 2307 1171 2352 eam

207 2373 224 2436 it
237 2379 298 2452 toti
312 2375 601 2438 ucetestucatbotioa
614 2375 838 2457 comprobatam
852 2375 971 2458 (itidp
987 2375 1051 2438 haec
1064 2385 1110 2439 est
1119 2399 1171 2443 au·

207 2469 267 2525 tem
281 2465 331 2528 illa
351 2463 518 2545 professio:
539 2464 666 2526 «Prima
685 2465 764 2526 satus
777 2471 822 2526 cst
835 2471 924 2526 rectae
946 2463 1015 2526 fidei
1035 2469 1172 2548 reguiam

206 2574 222 2610 u
245 2553 403 2628 custodire,
420 2559 449 2614 et
463 2555 479 2615 a
493 2553 660 2615 constitutis
672 2553 793 2614 Petrum
809 2553 978 2616 nuliatenus
990 2551 1118 2619 deviare.
1134 2561 1172 2621 Et

207 2663 222 2700 r
245 2643 316 2722 quin
331 2660 391 2704 non
405 2649 501 2725 potest
514 2643 550 2703 D.
566 2643 689 2704 tttesu
703 2641 808 2703 Christi
827 2643 1010 2723 praetermitti
1025 2648 1173 2710 sententia

207 2751 221 2789 r
245 2729 395 2792 dicentis:
414 2729 499 2793 Tuos
519 2732 638 2806 Primus,
657 2737 687 2791 et
705 2749 792 2812 super
810 2730 884 2792 huuc
893 2739 1009 2811 petrum
1022 2733 1173 2817 (edificabo

207 2841 223 2878 u
246 2817 408 2882 Ecclesium
421 2837 512 2880 meum
526 2839 538 2882 .·
551 2825 581 2881 et
593 2818 673 2894 haec,
689 2837 757 2898 quaa
771 2819 849 2881 dicta
863 2825 952 2897 sunt,
977 2839 1078 2885 rerum
1101 2843 1172 2906 pro-

208 2929 223 2967 u
246 2907 355 2970 bantur
366 2907 536 2984 effectibus,
551 2908 622 2989 quia
639 2908 672 2969 in
690 2907 767 2970 Sede
786 2905 956 2989 Apostolicd
969 2918 1052 2974 extre
1066 2929 1172 2977 macu-

208 3019 223 3056 u
247 2996 306 3058 lam
321 3015 440 3078 semper
452 3003 497 3058 est
509 2996 654 3058 catholica
673 3003 786 3058 servata
799 2997 904 3079 religio
916 3017 924 3074 ;
936 3000 1172 3066 anathematiza-

208 3108 224 3146 ι
248 3106 309 3146 mus
321 3085 480 3166 omnesqui
491 3093 592 3148 contro
605 3085 745 3148 Sanctum
758 3085 918 3148 Romanum
930 3095 960 3150 et
973 3090 1174 3172 Apostolt'cum

209 3197 224 3236 r
247 3174 412 3237 Ecclesium
433 3194 499 3235 suus
518 3175 637 3255 ariperti
655 3174 796 3245 ceruices:
819 3184 966 3258 sequentes
987 3179 1019 3239 t'a
1042 3181 1175 3244 numbers

210 3287 225 3324 u
247 3263 441 3346 Apostolorum
447 3261 561 3339 Sedent,
572 3263 604 3322 t'u
616 3262 673 3345 pud
684 3271 726 3324 est
740 3262 857 3347 intepro
870 3274 900 3326 at
913 3285 982 3328 buu
1001 3268 1175 3335 christiane

208 3370 224 3413 u
248 3353 401 3434 relipr'out's
413 3359 444 3414 et
462 3351 596 3436 perfecta
616 3351 769 3428 soliditas·
792 3352 1028 3438 profitemurque
1047 3353 1173 3442 seques·

209 3457 224 3503 a
248 3447 339 3504 habos
361 3459 379 3504 a
402 3442 617 3504 communione
640 3442 781 3504 Ecclesiae
804 3443 980 3522 catholice,
1002 3447 1034 3509 ut
1054 3457 1097 3510 ert
1116 3469 1176 3512 uon

211 3553 225 3592 r
248 3532 451 3595 consentientes
464 3529 536 3593 Sadr'
547 3529 720 3612 Apostotr'cc
729 3578 737 3608 ,
747 3549 852 3616 eorum
863 3533 986 3596 nomina
999 3535 1076 3598 inter
1089 3557 1176 3603 sacra
1272 3553 1273 3610 t

212 3643 227 3680 r
250 3621 399 3684 recitanda
415 3638 476 3683 nou
498 3637 563 3682 esse
583 3617 741 3696 mysterio,
764 3620 814 3696 qui
838 3619 972 3683 videlicet
990 3633 1099 3688 sancire
1113 3625 1175 3688 uo.
1272 3619 1273 3690 I
