2588 3994
504 275 591 323 anun
611 277 729 324 aarum.
1049 267 1107 330 155

169 374 240 435 284.
258 373 393 456 Duplicis
409 375 527 457 generis
541 381 587 438 est
595 375 763 456 iurisdictio
777 377 928 460 deleprta,
944 380 1001 444 alia
1011 383 1106 462 parti-

130 461 261 538 cularis,
277 463 335 526 alia
348 463 386 527 ad
408 465 631 527 columitatem
652 485 815 529 causarum.
832 467 1031 532 Particularia
1044 477 1104 547 est,

130 551 254 632 quando
269 572 330 615 una
344 573 433 618 causa
448 555 494 618 vel
510 555 602 616 altera
613 555 821 618 committitur.
838 559 892 618 Est
905 559 975 620 vend
988 559 1028 620 ud
1039 561 1106 621 uni-

131 641 301 704 versitatem
319 661 488 720 caurorum,
517 644 639 726 quando
661 663 760 707 causae
783 664 906 724 omnes,
928 649 975 710 vel
1001 649 1105 711 saltem

131 739 248 796 certum
264 751 361 814 genus
373 752 532 796 causarum
547 733 603 796 sub
617 753 679 796 uno
699 735 854 798 collective
878 737 1001 798 nomine
1022 756 1105 799 eom-

131 823 313 900 mittuntur,
347 825 484 906 quamvis
515 823 662 903 delegatio
692 826 890 906 restringatur
919 827 980 889 siae
1006 827 1106 908 quoa-d

132 917 267 994 tempus,
284 913 345 976 sive
359 913 459 994 quoad
474 913 549 975 loca.
568 912 625 974 Sed
639 914 706 976 vide
722 913 905 994 inl1²a(30ll.)

172 1001 334 1084 Delegatus
347 1002 385 1065 ad
398 1003 619 1064 universitatem
632 1023 783 1064 caurorum
798 1001 907 1066 dicitur
920 1004 1007 1086 quasi
1021 1003 1107 1066 Ordi-

131 1093 264 1164 aarr'usl,
288 1099 317 1153 el
340 1097 438 1174 potest
451 1090 666 1171 subdelegare,
684 1111 745 1153 non
768 1092 890 1172 quidem
905 1099 998 1156 totam
1019 1111 1107 1156 suam

129 1180 387 1262 jurisdictionem,
412 1181 465 1242 sed
478 1198 572 1241 unam
593 1181 639 1241 vel
660 1180 784 1241 alteram
805 1199 937 1242 oausam.
954 1183 1048 1244 Secus
1061 1189 1105 1244 est

131 1269 168 1332 dc
183 1268 322 1351 delegato
336 1270 373 1332 ad
387 1288 510 1332 causam
524 1269 756 1350 particularem,
780 1269 831 1350 qui
848 1288 907 1330 non
923 1277 1021 1350 potest
1033 1272 1104 1333 sub-

130 1359 283 1440 delegare,
300 1360 356 1422 nisi
371 1359 409 1422 sit
422 1360 576 1441 delegatus
590 1361 606 1420 a
622 1361 771 1441 Supremo
779 1359 917 1440 Principe
926 1361 966 1438 (o.
981 1359 1104 1423 cauam

131 1453 181 1520 62,
197 1449 233 1512 de
244 1451 390 1533 Appelli.

172 1539 333 1620 Delegatus
346 1546 467 1603 tenetur
480 1559 566 1602 suam
587 1539 764 1602 missionem
782 1536 911 1620 probare
929 1537 1007 1622 (cap.
1032 1545 1106 1609 cum
1172 1600 1176 1609 ,

132 1629 255 1711 injure,
270 1633 320 1703 31,
330 1629 364 1691 cle
379 1629 486 1712 Officio
499 1629 656 1710 Delepetr).

171 1723 242 1782 ί285.
267 1719 402 1801 Delegari
426 1723 524 1799 potest
546 1719 614 1800 quis
640 1717 687 1782 vel
706 1716 744 1779 ab
766 1716 889 1780 homine
910 1719 956 1780 vel
979 1719 996 1781 d
1016 1737 1103 1798 ,urea

131 1809 289 1890 delegatur
309 1808 346 1870 ali
364 1808 477 1869 homine
499 1808 550 1889 qui
577 1825 661 1869 suam
686 1806 906 1886 delegationem
933 1808 1105 1870 immediate

132 1898 242 1978 accipit
255 1897 293 1958 alr
314 1895 488 1972 ordinario,
504 1895 550 1956 vel
569 1895 607 1956 ab
621 1896 678 1956 alio
695 1894 865 1956 facultatem
880 1895 1036 1976 delegandi
1051 1896 1104 1958 ha-

133 1987 234 2049 bente.
260 1986 421 2067 Delegatnr
447 1984 572 2065 djurr,
601 1985 652 2066 qui
675 1985 843 2064 delegatam
863 1985 1103 2063 jurisdictionem

132 2076 223 2138 haliet
236 2095 273 2137 ox
287 2075 500 2138 commissione
521 2075 597 2154 juris
617 2075 806 2148 communis,
822 2073 970 2135 ueletiam
985 2093 1019 2134 ex
1035 2093 1105 2136 oon-

132 2165 293 2228 ouetudine
305 2185 313 2226 ι
324 2164 497 2246 eucarpium
506 2163 631 2224 habetur
640 2163 671 2224 in
684 2180 750 2243 cap.
764 2162 814 2223 Ad
821 2161 1026 2242 adolendum‚§
1036 2163 1102 2239 fin,

131 2256 166 2316 de
182 2254 359 2323 lliereta'eir,
378 2253 429 2315 ubi
444 2253 567 2314 facultas
581 2257 685 2313 contra
704 2257 859 2332 exemptos
873 2251 1055 2332 procedendi
1073 2253 1104 2313 in

132 2349 223 2408 causa
240 2345 403 2416 haereseos,
421 2342 509 2403 datur
529 2339 685 2422 Episcopis
700 2347 843 2420 tanquam
858 2341 874 2400 la
890 2339 966 2401 Sede
983 2343 1105 2418 Aposto-

132 2434 189 2496 lierl
199 2433 359 2514 delegatis3
372 2431 458 2514 plura
467 2431 525 2492 alia
534 2437 606 2492 sunt
619 2430 756 2511 exempla
770 2427 801 2490 in
813 2428 947 2490 Concilio
957 2427 1103 2508 Trident,

133 2543 161 2586 v.
176 2544 206 2604 g.
221 2541 294 2584 sess.
310 2527 346 2596 ὃ,
362 2539 428 2602 cap.
448 2525 458 2579 l
472 2541 479 2595 ;
496 2537 569 2580 sess.
586 2523 625 2594 6,
641 2537 707 2601 cap.
724 2524 762 2592 Ε),
778 2517 812 2579 de
826 2519 897 2600 ref„
912 2524 972 2596 etc.¹
986 2519 1053 2579 Non
1064 2523 1106 2580 ta-

133 2631 204 2674 men
225 2612 351 2692 hujusce
369 2610 488 2692 generis
507 2608 639 2690 reputari
662 2607 752 2669 debet
774 2607 927 2688 deputatio
945 2606 1022 2670 sacta
1040 2607 1106 2670 sinc

133 2702 325 2784 expressione
345 2708 482 2782 tuaquom
496 2697 655 2778 delepotid
672 2695 706 2758 S.
723 2695 814 2769 Sede;
832 2697 928 2777 qualis
947 2703 1008 2776 est,
1028 2717 1056 2759 v.
1072 2717 1102 2779 g.

133 2811 168 2854 ea
183 2793 221 2853 dc
236 2795 296 2872 quir
309 2789 407 2870 agitur
421 2789 451 2849 in
467 2807 533 2868 cap.
549 2788 669 2863 Liceat,
689 2805 761 2849 sess.
773 2789 812 2847 24
825 2832 834 2863 ,
849 2785 887 2848 de
900 2791 960 2868 qua
973 2807 1001 2848 v.
1018 2789 1049 2849 S.
1059 2788 1105 2849 Li-

134 2875 1102 2964 guoralibd,n⁰5tidetl1253Carriere.dedlatrimonio,n⁰l075.

177 2974 218 3034 lle
232 2969 315 3032 dicas
326 2967 566 3047 jurisdictionem
584 2967 601 3027 a
621 2965 689 3043 jure
709 2964 810 3026 datam
824 2984 890 3028 esse
902 2965 1104 3028 ordinariam:

134 3079 204 3124 nam
221 3059 288 3122 licet
301 3076 319 3120 a
330 3058 398 3136 jure
411 3055 562 3118 deseratur
576 3054 668 3115 modd
681 3050 759 3116 dicta
771 3053 955 3134 jurisdictio,
971 3055 1106 3120 vocanda

134 3158 179 3214 cst
192 3149 343 3229 delryota,
364 3147 435 3227 quia
457 3144 590 3206 defertur
612 3163 666 3225 per
688 3143 811 3206 modum
835 3145 1055 3220 commissionis,
1071 3153 1106 3208 ut

133 3241 343 3304 demonstrant
357 3233 600 3318 ipsametuerba:
613 3239 750 3314 tanquam
764 3233 913 3315 delepatua
921 3233 1007 3296 Sedis
1015 3236 1106 3317 Apor-

163 3413 170 3438 ¹
193 3423 203 3450 ι
223 3401 356 3468 Delegatua
378 3401 408 3451 ad
425 3401 608 3453 universitatem
621 3415 754 3452 curararum
766 3401 856 3453 dicitnr
870 3404 970 3470 quando
987 3404 1010 3455 el
1026 3417 1105 3469 genua

135 3497 146 3527 ι
165 3490 297 3526 cerasorum
320 3472 482 3524 commillitnr
498 3473 544 3521 sub
564 3487 613 3522 uno
630 3475 729 3524 nominc
744 3475 875 3534 coleelioo,
889 3474 999 3540 quamvls
1013 3476 1106 3525 nonsit

135 3570 146 3598 r
163 3544 429 3613 generalissimumaad
437 3544 617 3602 subalternum,
628 3545 683 3594 licet
693 3545 722 3593 sit
733 3547 870 3594 restrictum
884 3545 965 3609 quoad
979 3551 1104 3608 lempna...

135 3639 147 3670 ι
164 3619 203 3668 rol
216 3618 298 3682 quoad
312 3615 487 3682 quantitatem,
497 3623 524 3664 ut
533 3631 614 3666 eausa
625 3629 710 3666 decem
720 3615 837 3664 librarum
850 3622 873 3664 et
884 3615 960 3674 inira,
976 3614 1013 3661 vcl
1024 3615 1105 3675 quoad

136 3707 148 3742 a
166 3691 277 3741 lorum.»
292 3687 325 3738 lla
340 3687 462 3748 Sanchez,
473 3687 501 3738 de
513 3687 631 3749 Matrini,
646 3687 737 3752 disput.
748 3685 787 3742 al,
802 3697 830 3734 no
840 3685 862 3733 l.
877 3683 928 3732 vid.
943 3681 999 3732 inlr.
1013 3682 1088 3745 (311).
