2546 3992
491 240 577 286 sassa
597 237 715 284 antuus.
1016 221 1068 280 stt

109 339 140 402 id
152 346 253 404 tamen
269 356 367 422 nequa
386 339 465 402 licite
479 357 578 424 neque
591 339 682 400 etiam
695 339 791 402 valide
801 341 909 422 poterit
922 340 986 401 sine
993 339 1080 420 justet

109 428 205 490 rauel.
529 451 530 456 ¹

150 519 302 590 Econtra,
338 517 363 580 si
394 516 1079 600 amplectamursecundamsentenbarn,quan·

113 608 221 669 tumvis
234 606 397 668 contendat
415 607 580 688 Episcopus
601 607 666 668 sinb
683 607 765 686 justa
778 605 937 668 causasibi
960 607 1079 668 restric-

110 703 172 757 tam
201 702 253 757 aut
276 695 447 777 ademptam
470 695 561 758 fuisse
584 695 845 774 iurisdictionem,
872 693 954 756 lateri
978 699 1080 756 tamem

111 784 227 864 cogitur
242 783 340 846 aalide
360 782 389 845 id
410 792 564 865 peractum
584 781 695 860 fuisse3
715 783 787 864 quia
804 782 836 844 in
856 781 913 844 hae
935 785 1081 844 sententia

112 877 172 934 tota
185 873 323 954 Episcopi
337 873 504 952 jurisdictio
517 891 534 934 a
547 872 698 934 voluntate
708 871 739 934 S.
751 871 906 934 Pontificis
919 869 1079 953 dependet.

111 961 259 1041 Equidem
281 962 381 1024 illicite
404 968 472 1042 aget
492 960 646 1036 Pontifex,
672 962 695 1022 si
719 961 762 1024 sic
784 965 854 1042 agat
877 959 982 1042 absque
995 958 1082 1041 justa

111 1049 215 1126 caasri;
224 1057 254 1112 at
267 1051 305 1113 de
319 1051 418 1114 valore
433 1053 516 1112 actus
531 1069 592 1113 non
606 1051 715 1132 poterit
727 1049 868 1118 dubitari.

150 1141 221 1202 Haec
243 1147 344 1201 tamen
366 1139 582 1220 consequentia
595 1141 631 1200 D.
654 1139 749 1200 Bouix
773 1137 838 1216 (ib,
854 1159 885 1220 p.
911 1136 960 1213 st)
977 1137 1082 1199 saltem

110 1225 204 1288 dubia
215 1227 309 1289 videri
323 1228 411 1290 debet
429 1245 437 1288 ε
460 1227 596 1308 quamvis
611 1227 693 1287 enim
708 1227 874 1308 Episcopus
888 1244 974 1291 suam
995 1227 1083 1306 juris-

111 1315 275 1378 dictionem
294 1317 419 1397 accipiat
440 1315 553 1378 directe
568 1317 583 1376 a
601 1318 698 1396 Papa,
715 1315 910 1378 nibilominus
928 1315 1081 1376 vinculum

112 1404 346 1486 quoEpisoopus
356 1423 418 1466 suae
429 1404 569 1466 Ecclesiae
578 1403 756 1479 devincitur,
766 1403 949 1484 probabilius
959 1411 1001 1464 est
1008 1404 1083 1482 juris

111 1492 225 1570 divini,
240 1499 274 1555 ut
292 1495 418 1574 ipsemet
438 1495 474 1554 D.
496 1493 590 1556 Bouix
609 1492 674 1572 (ib,
696 1512 726 1574 p.
750 1495 821 1569 368)
835 1491 941 1573 probat
964 1509 1000 1552 ex
1014 1511 1081 1572 cap.

112 1581 206 1658 Inter,
222 1581 255 1643 ale
277 1581 414 1644 translat.
439 1581 590 1665 Episcop3
607 1581 733 1664 proinde
748 1581 813 1642 sine
827 1581 902 1659 justa
917 1583 1008 1643 coust
1022 1599 1083 1642 non

111 1670 228 1734 videtur
241 1689 330 1754 posse
340 1670 470 1734 dissolui.
482 1670 556 1733 Vide
570 1672 661 1733 etiam
676 1669 768 1746 inira,
784 1668 892 1748 object.
908 1669 959 1730 2¹¹².

110 1783 115 1790 ·
153 1759 320 1823 Febronius
338 1760 417 1823 banc
437 1759 634 1843 posteriorem
657 1759 837 1822 sententiam
860 1778 963 1821 nouam
985 1757 1084 1822 dicere

114 1865 205 1911 ausus
214 1847 269 1911 fuit
280 1869 288 1910 ι
300 1849 353 1911 sed
362 1850 402 1912 ob
412 1849 442 1911 id
452 1851 496 1912 sic
507 1849 645 1912 Zaccaria
654 1865 724 1911 eum
740 1846 893 1930 redarguit
903 1849 962 1929 (ap.
976 1847 1083 1926 Bouix,

114 1935 169 2013 ib,
186 1956 215 2019 p.
233 1937 306 2012 ott:
326 1941 429 2011 oOuae
450 1938 551 2000 isthaec
570 1936 692 2000 audacia
708 1943 769 2014 est,
784 1956 887 1998 nouam
904 1943 934 1998 et
954 1936 1080 2018 falsata,

119 2027 142 2085 ι’
153 2043 241 2088 sucro
255 2026 421 2109 Scriptores
439 2026 618 2087 contrariam
637 2025 788 2107 appellare
804 2025 972 2087 doctrinam
993 2044 1082 2108 quam

114 2135 129 2172 a
153 2113 239 2177 diuus
252 2115 398 2188 Thomas,
423 2133 515 2195 quam
539 2117 569 2174 S.
596 2115 821 2188 Bonaventura,
844 2132 935 2194 quam
950 2115 1084 2194 plerique

114 2224 130 2260 a
154 2206 292 2265 omnium
312 2203 454 2265 ordinum
469 2203 687 2282 nationumque
700 2201 831 2282 theologi
841 2201 1052 2264 tradiderunt?

118 2291 320 2370 lAntisebroa.
337 2290 459 2368 vinalia,
473 2288 592 2351 dissert.
608 2293 643 2365 3,
654 2307 721 2370 cap.
737 2293 771 2359 E,
790 2293 824 2350 n⁰
837 2292 880 2369 6.)

154 2382 224 2442 Sit.
249 2379 315 2443 Haec
329 2379 461 2442 secunda
475 2379 648 2441 sententiat
663 2381 699 2440 u.
717 2377 814 2440 Bouia
827 2379 930 2442 validis
940 2380 1086 2441 stabilitur

114 2469 299 2551 argumentis
320 2489 327 2530 :
349 2487 458 2549 nempe
478 2469 500 2530 1.
517 2469 562 2530 Ex
584 2468 740 2549 scripturae
760 2466 858 2530 verbis
879 2487 887 2530 τ
913 2467 957 2530 Τιι
978 2487 1006 2530 es
1030 2469 1086 2530 Pe-

116 2565 196 2632 trus,
212 2566 282 2632 etc„
301 2559 387 2620 Pasce
400 2577 488 2639 aqrsos
501 2573 596 2633 meos;
613 2557 660 2618 his
673 2556 756 2618 enim
770 2556 868 2618 verbis
885 2557 1039 2640 probatur,
1054 2565 1088 2620 ut

115 2666 205 2729 supra
219 2648 366 2724 diximus,
377 2649 408 2709 S.
425 2645 601 2708 Pontificem
610 2647 731 2727 plenam
745 2645 855 2708 habere
866 2653 1040 2727 potestatem
1055 2648 1086 2709 in

117 2737 314 2798 universalem
328 2736 509 2808 Ecclesiam,
525 2737 556 2797 in
571 2753 665 2816 agnos
679 2740 709 2796 et
726 2752 813 2807 oves,
830 2735 860 2796 in
875 2736 1039 2818 Episcopos
1058 2743 1088 2799 et

116 2825 220 2886 fideles
236 2845 244 2885 ε
260 2824 311 2887 sed
334 2825 360 2888 si
383 2824 523 2906 Episcopi
548 2823 720 2885 immediate
743 2823 761 2883 b
782 2822 898 2886 Christo
918 2824 1087 2906 acciperent

117 2921 292 2994 potestatem
318 2915 351 2976 in
377 2931 464 2975 suam
485 2913 613 2994 quisque
633 2911 802 2988 dioecesim,
828 2912 981 2995 quomodo
999 2916 1087 2998 plena

117 3002 306 3083 gubernandi
319 3003 518 3065 universalem
530 3001 707 3074 Ecclesiam,
717 3017 813 3081 agnos
826 3010 856 3063 et
864 3021 949 3082 oves,
961 3005 1087 3069 Summo

117 3091 254 3153 Pontifici
267 3091 374 3152 tradita
386 3089 514 3153 iuissbti

158 3183 193 3243 ll.
216 3183 258 3241 Ex
274 3180 442 3243 innumeris
455 3177 623 3241 traditionis
644 3181 849 3243 monumentis
865 3181 943 3246 hanc
956 3184 986 3245 S.
1010 3187 1085 3248 Pon·

117 3269 190 3332 titici
203 3268 403 3330 tribuentibus
421 3275 595 3348 potestatem
607 3293 613 3326 :
627 3266 753 3330 sufficiat
768 3269 878 3334 reterre
898 3274 928 3332 l⁰
942 3273 973 3334 S.
989 3273 1084 3354 Optati

8 3431 9 3446 χ
119 3356 280 3420 Milevitani
294 3356 383 3416 verba
397 3356 460 3434 (lib.
475 3360 493 3417 7
498 3401 506 3432 ,
521 3361 626 3418 contra
640 3357 850 3439 Parmeuam):
864 3381 879 3418 a
893 3360 928 3422 Β.
944 3363 1084 3426 Petrus...

8 3447 9 3502 i
121 3445 257 3548 ociores
280 3447 365 3526 regni
395 3443 558 3522 coelorum,
586 3446 836 3509 communicandos
855 3450 987 3524 ceteris,
1011 3451 1086 3512 solus

123 3559 136 3594 ο
158 3543 391 3702 appetsptgrpgoffi
404 3623 531 3702 Nysseni
552 3642 560 3682 ι
581 3647 595 3681 a
619 3627 679 3688 Per
697 3629 816 3687 Petrum
833 3626 988 3706 Episcopis
1006 3626 1087 3688 dedit
