<?xml version="1.0" encoding="UTF-8"?>
<!DOCTYPE html PUBLIC "-//W3C//DTD XHTML 1.0 Transitional//EN"
    "http://www.w3.org/TR/xhtml1/DTD/xhtml1-transitional.dtd">
<html xmlns="http://www.w3.org/1999/xhtml" xml:lang="en" lang="en">
 <head>
  <title>
</title>
<meta http-equiv="Content-Type" content="text/html;charset=utf-8" />
  <meta name='ocr-system' content='tesseract 3.04.00' />
  <meta name='ocr-capabilities' content='ocr_page ocr_carea ocr_par ocr_line ocrx_word'/>
</head>
<body>
  <div class='ocr_page' id='page_1' title='image "./manualetotiusju03craigoog_0404.png"; bbox 0 0 2570 4006; ppageno 0'>
   <div class='ocr_carea' id='block_1_1' title="bbox 1147 7 1283 14">
    <p class='ocr_par' dir='ltr' id='par_1_1' title="bbox 1147 7 1283 14">
     <span class='ocr_line' id='line_1_1' title="bbox 1147 7 1283 14; baseline 0.029 -4"><span class='ocrx_word' id='word_1_1' title='bbox 1147 7 1283 14; x_wconf 76' lang='lat'>-——.-—.</span> 
     </span>
    </p>
   </div>
   <div class='ocr_carea' id='block_1_2' title="bbox 492 249 1097 317">
    <p class='ocr_par' dir='ltr' id='par_1_2' title="bbox 492 249 1097 317">
     <span class='ocr_line' id='line_1_2' title="bbox 492 249 1097 317; baseline 0 -2"><span class='ocrx_word' id='word_1_2' title='bbox 492 262 581 315; x_wconf 79' lang='lat' dir='ltr'>traca</span> <span class='ocrx_word' id='word_1_3' title='bbox 603 263 722 317; x_wconf 78' lang='lat' dir='ltr'>saluus.</span> <span class='ocrx_word' id='word_1_4' title='bbox 1043 249 1097 317; x_wconf 76' lang='grc'>381</span> 
     </span>
    </p>
   </div>
   <div class='ocr_carea' id='block_1_3' title="bbox 13 357 1102 1227">
    <p class='ocr_par' dir='ltr' id='par_1_3' title="bbox 121 357 1101 536">
     <span class='ocr_line' id='line_1_3' title="bbox 121 357 1101 447; baseline 0.007 -24"><span class='ocrx_word' id='word_1_5' title='bbox 121 357 259 445; x_wconf 75' lang='lat' dir='ltr'>collegii,</span> <span class='ocrx_word' id='word_1_6' title='bbox 274 363 362 445; x_wconf 82' lang='lat' dir='ltr'>cujus</span> <span class='ocrx_word' id='word_1_7' title='bbox 371 363 505 429; x_wconf 84' lang='lat' dir='ltr'>officium</span> <span class='ocrx_word' id='word_1_8' title='bbox 514 374 559 428; x_wconf 91' lang='lat' dir='ltr'>est</span> <span class='ocrx_word' id='word_1_9' title='bbox 571 383 677 430; x_wconf 89' lang='lat' dir='ltr'>curam</span> <span class='ocrx_word' id='word_1_10' title='bbox 689 364 801 429; x_wconf 88' lang='lat' dir='ltr'>habere</span> <span class='ocrx_word' id='word_1_11' title='bbox 811 365 906 447; x_wconf 90' lang='lat' dir='ltr'>ipsius</span> <span class='ocrx_word' id='word_1_12' title='bbox 919 363 1101 446; x_wconf 77' lang='lat' dir='ltr'>reddituum,</span> 
     </span>
     <span class='ocr_line' id='line_1_4' title="bbox 121 454 897 536; baseline 0.006 -24"><span class='ocrx_word' id='word_1_13' title='bbox 121 457 153 512; x_wconf 86' lang='lat' dir='ltr'>et</span> <span class='ocrx_word' id='word_1_14' title='bbox 165 455 329 532; x_wconf 79' lang='lat' dir='ltr'><strong>quotannis</strong></span> <span class='ocrx_word' id='word_1_15' title='bbox 342 454 522 518; x_wconf 88' lang='lat' dir='ltr'>distribuere</span> <span class='ocrx_word' id='word_1_16' title='bbox 537 455 665 536; x_wconf 78' lang='lat' dir='ltr'>singulis</span> <span class='ocrx_word' id='word_1_17' title='bbox 679 455 897 517; x_wconf 76' lang='lat' dir='ltr'><strong>cardinalibus.</strong></span> 
     </span>
    </p>

    <p class='ocr_par' dir='ltr' id='par_1_4' title="bbox 120 542 1102 713">
     <span class='ocr_line' id='line_1_5' title="bbox 162 542 1101 624; baseline 0.006 -23"><span class='ocrx_word' id='word_1_18' title='bbox 162 542 259 603; x_wconf 83' lang='lat' dir='ltr'>Habet</span> <span class='ocrx_word' id='word_1_19' title='bbox 273 543 397 624; x_wconf 89' lang='lat' dir='ltr'>insuper</span> <span class='ocrx_word' id='word_1_20' title='bbox 410 545 536 608; x_wconf 83' lang='lat' dir='ltr'>Sncmm</span> <span class='ocrx_word' id='word_1_21' title='bbox 550 543 718 624; x_wconf 80' lang='lat' dir='ltr'>Collegium</span> <span class='ocrx_word' id='word_1_22' title='bbox 737 545 939 607; x_wconf 87' lang='lat' dir='ltr'>Secretarium</span> <span class='ocrx_word' id='word_1_23' title='bbox 958 545 1101 609; x_wconf 90' lang='lat' dir='ltr'>scrutinio</span> 
     </span>
     <span class='ocr_line' id='line_1_6' title="bbox 120 629 1102 713; baseline 0.006 -23"><span class='ocrx_word' id='word_1_24' title='bbox 120 645 160 690; x_wconf 81' lang='lat' dir='ltr'>cx</span> <span class='ocrx_word' id='word_1_25' title='bbox 188 629 272 693; x_wconf 77' lang='lat' dir='ltr'>ltalia</span> <span class='ocrx_word' id='word_1_26' title='bbox 294 631 486 713; x_wconf 82' lang='lat' dir='ltr'>eligendum,</span> <span class='ocrx_word' id='word_1_27' title='bbox 510 633 560 696; x_wconf 91' lang='lat' dir='ltr'>cul</span> <span class='ocrx_word' id='word_1_28' title='bbox 588 633 679 696; x_wconf 91' lang='lat' dir='ltr'>etiam</span> <span class='ocrx_word' id='word_1_29' title='bbox 707 632 826 696; x_wconf 89' lang='lat' dir='ltr'>dandus</span> <span class='ocrx_word' id='word_1_30' title='bbox 848 638 894 695; x_wconf 91' lang='lat' dir='ltr'>est</span> <span class='ocrx_word' id='word_1_31' title='bbox 919 635 1102 698; x_wconf 80' lang='lat' dir='ltr'>substitutus</span> 
     </span>
    </p>

    <p class='ocr_par' dir='ltr' id='par_1_5' title="bbox 13 718 1102 804">
     <span class='ocr_line' id='line_1_7' title="bbox 13 718 1102 804; baseline 0.006 -27"><span class='ocrx_word' id='word_1_32' title='bbox 13 793 16 797; x_wconf 18' lang='grc' dir='ltr'>ι</span> <span class='ocrx_word' id='word_1_33' title='bbox 120 718 268 782; x_wconf 92' lang='lat' dir='ltr'>scrutinio</span> <span class='ocrx_word' id='word_1_34' title='bbox 291 721 403 802; x_wconf 90' lang='lat' dir='ltr'>pariter</span> <span class='ocrx_word' id='word_1_35' title='bbox 420 721 596 802; x_wconf 82' lang='lat' dir='ltr'>eligendus,</span> <span class='ocrx_word' id='word_1_36' title='bbox 620 722 788 784; x_wconf 77' lang='lat' dir='ltr'>successive</span> <span class='ocrx_word' id='word_1_37' title='bbox 812 729 915 784; x_wconf 76' lang='lat' dir='ltr'>tannen</span> <span class='ocrx_word' id='word_1_38' title='bbox 935 725 953 787; x_wconf 85' lang='lat' dir='ltr'>b</span> <span class='ocrx_word' id='word_1_39' title='bbox 973 730 1102 804; x_wconf 81' lang='lat' dir='ltr'>quatuor</span> 
     </span>
    </p>

    <p class='ocr_par' dir='ltr' id='par_1_6' title="bbox 122 806 1102 958">
     <span class='ocr_line' id='line_1_8' title="bbox 123 806 1102 894; baseline 0.006 -28"><span class='ocrx_word' id='word_1_40' title='bbox 123 806 297 872; x_wconf 89' lang='lat' dir='ltr'>nationibus</span> <span class='ocrx_word' id='word_1_41' title='bbox 306 811 495 888; x_wconf 71' lang='lat' dir='ltr'>Germanica,</span> <span class='ocrx_word' id='word_1_42' title='bbox 508 811 681 893; x_wconf 77' lang='lat' dir='ltr'>Hispanict,</span> <span class='ocrx_word' id='word_1_43' title='bbox 694 811 848 875; x_wconf 78' lang='lat' dir='ltr'>Gallicana</span> <span class='ocrx_word' id='word_1_44' title='bbox 860 817 890 875; x_wconf 90' lang='lat' dir='ltr'>et</span> <span class='ocrx_word' id='word_1_45' title='bbox 899 813 990 876; x_wconf 89' lang='lat' dir='ltr'>etiam</span> <span class='ocrx_word' id='word_1_46' title='bbox 1001 811 1102 894; x_wconf 77' lang='lat' dir='ltr'>Angli·</span> 
     </span>
     <span class='ocr_line' id='line_1_9' title="bbox 122 897 212 958; baseline 0.022 -2"><span class='ocrx_word' id='word_1_47' title='bbox 122 897 212 958; x_wconf 76' lang='lat' dir='ltr'>cana.</span> 
     </span>
    </p>

    <p class='ocr_par' dir='ltr' id='par_1_7' title="bbox 122 985 1100 1227">
     <span class='ocr_line' id='line_1_10' title="bbox 163 985 1100 1072; baseline 0.007 -27"><span class='ocrx_word' id='word_1_48' title='bbox 163 985 217 1047; x_wconf 88' lang='lat' dir='ltr'>Est</span> <span class='ocrx_word' id='word_1_49' title='bbox 233 986 356 1050; x_wconf 91' lang='lat' dir='ltr'>tandem</span> <span class='ocrx_word' id='word_1_50' title='bbox 376 987 408 1050; x_wconf 96' lang='lat' dir='ltr'>in</span> <span class='ocrx_word' id='word_1_51' title='bbox 423 989 515 1052; x_wconf 89' lang='lat' dir='ltr'>Sacro</span> <span class='ocrx_word' id='word_1_52' title='bbox 528 989 662 1072; x_wconf 80' lang='lat' dir='ltr'>collegio</span> <span class='ocrx_word' id='word_1_53' title='bbox 684 990 881 1072; x_wconf 75' lang='lat' dir='ltr'>computista,</span> <span class='ocrx_word' id='word_1_54' title='bbox 897 989 948 1071; x_wconf 87' lang='lat' dir='ltr'>qui</span> <span class='ocrx_word' id='word_1_55' title='bbox 969 989 1100 1053; x_wconf 88' lang='lat' dir='ltr'>rationes</span> 
     </span>
     <span class='ocr_line' id='line_1_11' title="bbox 122 1077 1098 1161; baseline 0.006 -27"><span class='ocrx_word' id='word_1_56' title='bbox 122 1079 317 1156; x_wconf 85' lang='lat' dir='ltr'>acceptorum</span> <span class='ocrx_word' id='word_1_57' title='bbox 338 1082 370 1139; x_wconf 92' lang='lat' dir='ltr'>et</span> <span class='ocrx_word' id='word_1_58' title='bbox 386 1095 590 1160; x_wconf 84' lang='lat' dir='ltr'>expensorum</span> <span class='ocrx_word' id='word_1_59' title='bbox 609 1077 681 1156; x_wconf 92' lang='lat' dir='ltr'>init,</span> <span class='ocrx_word' id='word_1_60' title='bbox 702 1095 815 1161; x_wconf 88' lang='lat' dir='ltr'>easque</span> <span class='ocrx_word' id='word_1_61' title='bbox 831 1078 929 1142; x_wconf 84' lang='lat' dir='ltr'>delert</span> <span class='ocrx_word' id='word_1_62' title='bbox 952 1077 1098 1142; x_wconf 74' lang='lat' dir='ltr'>cardinali</span> 
     </span>
     <span class='ocr_line' id='line_1_12' title="bbox 122 1162 307 1227; baseline 0.022 -4"><span class='ocrx_word' id='word_1_63' title='bbox 122 1162 307 1227; x_wconf 89' lang='lat' dir='ltr'>camerario.</span> 
     </span>
    </p>
   </div>
   <div class='ocr_carea' id='block_1_4' title="bbox 2 1255 1100 3734">
    <p class='ocr_par' dir='ltr' id='par_1_8' title="bbox 122 1255 1100 1402">
     <span class='ocr_line' id='line_1_13' title="bbox 164 1255 1100 1341; baseline 0.01 -29"><span class='ocrx_word' id='word_1_64' title='bbox 164 1256 233 1314; x_wconf 77' lang='grc'><strong>719.</strong></span> <span class='ocrx_word' id='word_1_65' title='bbox 250 1255 372 1328; x_wconf 84' lang='lat' dir='ltr'>Quaerit.</span> <span class='ocrx_word' id='word_1_66' title='bbox 390 1258 440 1320; x_wconf 70' lang='grc' dir='ltr'>10ο</span> <span class='ocrx_word' id='word_1_67' title='bbox 454 1256 533 1329; x_wconf 83' lang='lat' dir='ltr'>Quid</span> <span class='ocrx_word' id='word_1_68' title='bbox 546 1257 586 1318; x_wconf 90' lang='lat' dir='ltr'>sit</span> <span class='ocrx_word' id='word_1_69' title='bbox 599 1256 834 1334; x_wconf 76' lang='lat' dir='ltr'>consistorium,</span> <span class='ocrx_word' id='word_1_70' title='bbox 849 1263 880 1320; x_wconf 90' lang='lat' dir='ltr'>et</span> <span class='ocrx_word' id='word_1_71' title='bbox 892 1257 931 1321; x_wconf 90' lang='lat' dir='ltr'>ad</span> <span class='ocrx_word' id='word_1_72' title='bbox 944 1259 1017 1341; x_wconf 87' lang='lat' dir='ltr'>quid</span> <span class='ocrx_word' id='word_1_73' title='bbox 1029 1277 1100 1324; x_wconf 90' lang='lat' dir='ltr'>con·</span> 
     </span>
     <span class='ocr_line' id='line_1_14' title="bbox 122 1341 248 1402; baseline 0 0"><span class='ocrx_word' id='word_1_74' title='bbox 122 1341 248 1402; x_wconf 81' lang='lat' dir='ltr'>veniat?</span> 
     </span>
    </p>

    <p class='ocr_par' dir='ltr' id='par_1_9' title="bbox 123 1431 1098 1601">
     <span class='ocr_line' id='line_1_15' title="bbox 163 1431 1098 1512; baseline 0.007 -22"><span class='ocrx_word' id='word_1_75' title='bbox 163 1431 253 1512; x_wconf 87' lang='lat' dir='ltr'>Resp.</span> <span class='ocrx_word' id='word_1_76' title='bbox 282 1432 499 1497; x_wconf 88' lang='lat' dir='ltr'>consistorium</span> <span class='ocrx_word' id='word_1_77' title='bbox 529 1451 595 1498; x_wconf 88' lang='lat' dir='ltr'>csse</span> <span class='ocrx_word' id='word_1_78' title='bbox 627 1433 833 1498; x_wconf 85' lang='lat' dir='ltr'>Cardinalium</span> <span class='ocrx_word' id='word_1_79' title='bbox 862 1451 1038 1498; x_wconf 86' lang='lat' dir='ltr'>consessum</span> <span class='ocrx_word' id='word_1_80' title='bbox 1067 1435 1098 1497; x_wconf 95' lang='lat' dir='ltr'>in</span> 
     </span>
     <span class='ocr_line' id='line_1_16' title="bbox 123 1519 781 1601; baseline 0.014 -22"><span class='ocrx_word' id='word_1_81' title='bbox 123 1536 210 1581; x_wconf 89' lang='lat' dir='ltr'>sacro</span> <span class='ocrx_word' id='word_1_82' title='bbox 224 1519 333 1601; x_wconf 88' lang='lat' dir='ltr'>palatio</span> <span class='ocrx_word' id='word_1_83' title='bbox 346 1523 384 1585; x_wconf 91' lang='lat' dir='ltr'>ad</span> <span class='ocrx_word' id='word_1_84' title='bbox 398 1523 523 1586; x_wconf 88' lang='lat' dir='ltr'>modum</span> <span class='ocrx_word' id='word_1_85' title='bbox 534 1525 667 1586; x_wconf 84' lang='lat' dir='ltr'>senatus.</span> <span class='ocrx_word' id='word_1_86' title='bbox 770 1525 781 1536; x_wconf 91' lang='grc'><strong>“</strong></span> 
     </span>
    </p>

    <p class='ocr_par' dir='ltr' id='par_1_10' title="bbox 124 1609 1099 1955">
     <span class='ocr_line' id='line_1_17' title="bbox 163 1609 1099 1694; baseline 0.007 -27"><span class='ocrx_word' id='word_1_87' title='bbox 163 1609 280 1689; x_wconf 82' lang='lat' dir='ltr'>Duplex</span> <span class='ocrx_word' id='word_1_88' title='bbox 303 1615 348 1673; x_wconf 87' lang='lat' dir='ltr'>est</span> <span class='ocrx_word' id='word_1_89' title='bbox 374 1628 383 1673; x_wconf 71' lang='grc' dir='ltr'><strong>ι</strong></span> <span class='ocrx_word' id='word_1_90' title='bbox 407 1611 592 1674; x_wconf 83' lang='lat' dir='ltr'>ordinariam</span> <span class='ocrx_word' id='word_1_91' title='bbox 612 1629 666 1674; x_wconf 90' lang='lat' dir='ltr'>seu</span> <span class='ocrx_word' id='word_1_92' title='bbox 685 1617 834 1675; x_wconf 88' lang='lat' dir='ltr'>secretum</span> <span class='ocrx_word' id='word_1_93' title='bbox 860 1613 891 1675; x_wconf 95' lang='lat' dir='ltr'>in</span> <span class='ocrx_word' id='word_1_94' title='bbox 909 1631 971 1694; x_wconf 86' lang='lat' dir='ltr'>quo</span> <span class='ocrx_word' id='word_1_95' title='bbox 990 1612 1099 1676; x_wconf 88' lang='lat' dir='ltr'>adsunt</span> 
     </span>
     <span class='ocr_line' id='line_1_18' title="bbox 124 1695 1099 1784; baseline 0.005 -26"><span class='ocrx_word' id='word_1_96' title='bbox 124 1695 180 1758; x_wconf 91' lang='lat' dir='ltr'>soli</span> <span class='ocrx_word' id='word_1_97' title='bbox 202 1697 389 1776; x_wconf 81' lang='lat' dir='ltr'>Cardinales3</span> <span class='ocrx_word' id='word_1_98' title='bbox 406 1700 529 1762; x_wconf 78' lang='lat' dir='ltr'>solemne</span> <span class='ocrx_word' id='word_1_99' title='bbox 545 1719 595 1761; x_wconf 85' lang='lat' dir='ltr'>seu</span> <span class='ocrx_word' id='word_1_100' title='bbox 612 1699 780 1781; x_wconf 79' lang='lat' dir='ltr'>publicum,</span> <span class='ocrx_word' id='word_1_101' title='bbox 796 1699 834 1764; x_wconf 89' lang='lat' dir='ltr'>ad</span> <span class='ocrx_word' id='word_1_102' title='bbox 852 1701 934 1784; x_wconf 88' lang='lat' dir='ltr'>quod</span> <span class='ocrx_word' id='word_1_103' title='bbox 953 1701 1099 1766; x_wconf 92' lang='lat' dir='ltr'>accedunt</span> 
     </span>
     <span class='ocr_line' id='line_1_19' title="bbox 124 1787 1098 1872; baseline 0.004 -24"><span class='ocrx_word' id='word_1_104' title='bbox 124 1803 196 1848; x_wconf 89' lang='lat' dir='ltr'>oum</span> <span class='ocrx_word' id='word_1_105' title='bbox 219 1805 330 1870; x_wconf 84' lang='lat' dir='ltr'>magno</span> <span class='ocrx_word' id='word_1_106' title='bbox 353 1796 498 1872; x_wconf 88' lang='lat' dir='ltr'>apparatu</span> <span class='ocrx_word' id='word_1_107' title='bbox 521 1788 634 1871; x_wconf 85' lang='lat' dir='ltr'>singuli</span> <span class='ocrx_word' id='word_1_108' title='bbox 648 1787 836 1865; x_wconf 76' lang='lat' dir='ltr'>cardinales,</span> <span class='ocrx_word' id='word_1_109' title='bbox 852 1797 883 1854; x_wconf 92' lang='lat' dir='ltr'>et</span> <span class='ocrx_word' id='word_1_110' title='bbox 901 1789 1098 1853; x_wconf 83' lang='lat' dir='ltr'>admittuntur</span> 
     </span>
     <span class='ocr_line' id='line_1_20' title="bbox 124 1875 865 1955; baseline 0.008 -19"><span class='ocrx_word' id='word_1_111' title='bbox 124 1875 298 1955; x_wconf 82' lang='lat' dir='ltr'>principum</span> <span class='ocrx_word' id='word_1_112' title='bbox 311 1877 427 1955; x_wconf 87' lang='lat' dir='ltr'>Nuntii,</span> <span class='ocrx_word' id='word_1_113' title='bbox 441 1877 504 1939; x_wconf 89' lang='lat' dir='ltr'>Viri</span> <span class='ocrx_word' id='word_1_114' title='bbox 520 1877 646 1953; x_wconf 89' lang='lat' dir='ltr'>nobiles,</span> <span class='ocrx_word' id='word_1_115' title='bbox 663 1877 791 1955; x_wconf 85' lang='lat' dir='ltr'>Praelati,</span> <span class='ocrx_word' id='word_1_116' title='bbox 807 1886 865 1942; x_wconf 88' lang='lat' dir='ltr'>eto.</span> 
     </span>
    </p>

    <p class='ocr_par' dir='ltr' id='par_1_11' title="bbox 124 1965 1096 2402">
     <span class='ocr_line' id='line_1_21' title="bbox 164 1965 1095 2048; baseline 0.008 -23"><span class='ocrx_word' id='word_1_117' title='bbox 164 1965 199 2025; x_wconf 94' lang='lat' dir='ltr'>ln</span> <span class='ocrx_word' id='word_1_118' title='bbox 213 1983 271 2028; x_wconf 87' lang='lat' dir='ltr'>noo</span> <span class='ocrx_word' id='word_1_119' title='bbox 284 1966 467 2028; x_wconf 89' lang='lat' dir='ltr'>consistorio</span> <span class='ocrx_word' id='word_1_120' title='bbox 479 1966 561 2048; x_wconf 88' lang='lat' dir='ltr'>quod</span> <span class='ocrx_word' id='word_1_121' title='bbox 575 1965 849 2029; x_wconf 73' lang='lat' dir='ltr'>entraordinaciam</span> <span class='ocrx_word' id='word_1_122' title='bbox 859 1967 949 2031; x_wconf 88' lang='lat' dir='ltr'>etiam</span> <span class='ocrx_word' id='word_1_123' title='bbox 962 1976 1095 2046; x_wconf 91' lang='lat' dir='ltr'>vocatur,</span> 
     </span>
     <span class='ocr_line' id='line_1_22' title="bbox 125 2055 1096 2135; baseline 0.006 -22"><span class='ocrx_word' id='word_1_124' title='bbox 125 2055 314 2135; x_wconf 75' lang='lat' dir='ltr'>congregatis</span> <span class='ocrx_word' id='word_1_125' title='bbox 334 2055 493 2131; x_wconf 90' lang='lat' dir='ltr'>omnibus,</span> <span class='ocrx_word' id='word_1_126' title='bbox 509 2057 540 2118; x_wconf 90' lang='lat' dir='ltr'>S.</span> <span class='ocrx_word' id='word_1_127' title='bbox 553 2055 690 2118; x_wconf 82' lang='lat' dir='ltr'>Pontifex</span> <span class='ocrx_word' id='word_1_128' title='bbox 703 2057 904 2120; x_wconf 82' lang='lat' dir='ltr'>auricularem</span> <span class='ocrx_word' id='word_1_129' title='bbox 917 2058 1096 2119; x_wconf 82' lang='lat' dir='ltr'>aodimttam</span> 
     </span>
     <span class='ocr_line' id='line_1_23' title="bbox 125 2140 1096 2226; baseline 0.005 -22"><span class='ocrx_word' id='word_1_130' title='bbox 125 2140 239 2222; x_wconf 84' lang='lat' dir='ltr'>praebet</span> <span class='ocrx_word' id='word_1_131' title='bbox 251 2161 342 2225; x_wconf 90' lang='lat' dir='ltr'>super</span> <span class='ocrx_word' id='word_1_132' title='bbox 356 2143 484 2226; x_wconf 81' lang='lat' dir='ltr'>negotiis</span> <span class='ocrx_word' id='word_1_133' title='bbox 498 2143 713 2220; x_wconf 79' lang='lat' dir='ltr'>cardinalium,</span> <span class='ocrx_word' id='word_1_134' title='bbox 724 2145 911 2226; x_wconf 84' lang='lat' dir='ltr'>Principum,</span> <span class='ocrx_word' id='word_1_135' title='bbox 922 2153 992 2219; x_wconf 81' lang='lat' dir='ltr'>etc,</span> <span class='ocrx_word' id='word_1_136' title='bbox 1007 2153 1096 2209; x_wconf 81' lang='lat' dir='ltr'>cete·</span> 
     </span>
     <span class='ocr_line' id='line_1_24' title="bbox 124 2229 1094 2314; baseline 0.008 -24"><span class='ocrx_word' id='word_1_137' title='bbox 124 2229 167 2292; x_wconf 90' lang='lat' dir='ltr'>ris</span> <span class='ocrx_word' id='word_1_138' title='bbox 188 2230 298 2293; x_wconf 90' lang='lat' dir='ltr'>deinde</span> <span class='ocrx_word' id='word_1_139' title='bbox 319 2233 451 2294; x_wconf 88' lang='lat' dir='ltr'>remissis</span> <span class='ocrx_word' id='word_1_140' title='bbox 471 2232 759 2314; x_wconf 88' lang='lat' dir='ltr'>remanentibusque</span> <span class='ocrx_word' id='word_1_141' title='bbox 777 2233 849 2296; x_wconf 89' lang='lat' dir='ltr'>solis</span> <span class='ocrx_word' id='word_1_142' title='bbox 869 2233 1094 2312; x_wconf 86' lang='lat' dir='ltr'>cardinalibus,</span> 
     </span>
     <span class='ocr_line' id='line_1_25' title="bbox 125 2319 681 2402; baseline 0.004 -22"><span class='ocrx_word' id='word_1_143' title='bbox 125 2323 290 2382; x_wconf 85' lang='lat' dir='ltr'>tractantur</span> <span class='ocrx_word' id='word_1_144' title='bbox 302 2320 430 2402; x_wconf 77' lang='lat' dir='ltr'>Nepotia</span> <span class='ocrx_word' id='word_1_145' title='bbox 447 2319 681 2384; x_wconf 79' lang='lat' dir='ltr'>Comistorialia.</span> 
     </span>
    </p>

    <p class='ocr_par' dir='ltr' id='par_1_12' title="bbox 125 2407 1095 3024">
     <span class='ocr_line' id='line_1_26' title="bbox 165 2407 1095 2491; baseline 0.004 -21"><span class='ocrx_word' id='word_1_146' title='bbox 165 2409 275 2472; x_wconf 82' lang='lat' dir='ltr'>Decem</span> <span class='ocrx_word' id='word_1_147' title='bbox 289 2409 440 2491; x_wconf 89' lang='lat' dir='ltr'>prioribus</span> <span class='ocrx_word' id='word_1_148' title='bbox 453 2410 593 2472; x_wconf 83' lang='lat' dir='ltr'>Ecclesiae</span> <span class='ocrx_word' id='word_1_149' title='bbox 605 2407 733 2486; x_wconf 89' lang='lat' dir='ltr'>saeculis,</span> <span class='ocrx_word' id='word_1_150' title='bbox 744 2408 783 2472; x_wconf 92' lang='lat' dir='ltr'>ad</span> <span class='ocrx_word' id='word_1_151' title='bbox 796 2408 982 2472; x_wconf 89' lang='lat' dir='ltr'>discutienda</span> <span class='ocrx_word' id='word_1_152' title='bbox 994 2410 1095 2490; x_wconf 83' lang='lat' dir='ltr'>hujus-</span> 
     </span>
     <span class='ocr_line' id='line_1_27' title="bbox 126 2496 1095 2580; baseline 0.003 -23"><span class='ocrx_word' id='word_1_153' title='bbox 126 2496 208 2558; x_wconf 90' lang='lat' dir='ltr'>modi</span> <span class='ocrx_word' id='word_1_154' title='bbox 223 2498 359 2579; x_wconf 81' lang='lat' dir='ltr'>negotia,</span> <span class='ocrx_word' id='word_1_155' title='bbox 375 2499 407 2560; x_wconf 88' lang='lat' dir='ltr'>S.</span> <span class='ocrx_word' id='word_1_156' title='bbox 421 2497 557 2561; x_wconf 80' lang='lat' dir='ltr'>Pontilcx</span> <span class='ocrx_word' id='word_1_157' title='bbox 570 2497 684 2562; x_wconf 85' lang='lat' dir='ltr'>solebat</span> <span class='ocrx_word' id='word_1_158' title='bbox 702 2501 805 2562; x_wconf 84' lang='lat' dir='ltr'>Romae</span> <span class='ocrx_word' id='word_1_159' title='bbox 817 2516 1002 2580; x_wconf 81' lang='lat' dir='ltr'>congregare</span> <span class='ocrx_word' id='word_1_160' title='bbox 1016 2499 1095 2561; x_wconf 95' lang='lat' dir='ltr'>con-</span> 
     </span>
     <span class='ocr_line' id='line_1_28' title="bbox 126 2585 1095 2668; baseline 0.004 -21"><span class='ocrx_word' id='word_1_161' title='bbox 126 2585 195 2647; x_wconf 91' lang='lat' dir='ltr'>cilia</span> <span class='ocrx_word' id='word_1_162' title='bbox 207 2587 363 2667; x_wconf 82' lang='lat' dir='ltr'>Episcopis</span> <span class='ocrx_word' id='word_1_163' title='bbox 378 2587 543 2668; x_wconf 79' lang='lat' dir='ltr'>pracsertim</span> <span class='ocrx_word' id='word_1_164' title='bbox 557 2587 751 2650; x_wconf 89' lang='lat' dir='ltr'>vicinioribus</span> <span class='ocrx_word' id='word_1_165' title='bbox 760 2606 795 2651; x_wconf 90' lang='lat' dir='ltr'>ac</span> <span class='ocrx_word' id='word_1_166' title='bbox 806 2587 1012 2651; x_wconf 88' lang='lat' dir='ltr'>cardinalibus</span> <span class='ocrx_word' id='word_1_167' title='bbox 1025 2607 1095 2650; x_wconf 90' lang='lat' dir='ltr'>con·</span> 
     </span>
     <span class='ocr_line' id='line_1_29' title="bbox 126 2673 1094 2758; baseline 0.004 -22"><span class='ocrx_word' id='word_1_168' title='bbox 126 2673 206 2736; x_wconf 88' lang='lat' dir='ltr'>llata.</span> <span class='ocrx_word' id='word_1_169' title='bbox 236 2675 415 2756; x_wconf 77' lang='lat' dir='ltr'>Huiusmodi</span> <span class='ocrx_word' id='word_1_170' title='bbox 452 2676 655 2740; x_wconf 79' lang='lat' dir='ltr'>Consiliorum</span> <span class='ocrx_word' id='word_1_171' title='bbox 682 2676 826 2758; x_wconf 90' lang='lat' dir='ltr'>paulatim</span> <span class='ocrx_word' id='word_1_172' title='bbox 849 2677 950 2739; x_wconf 90' lang='lat' dir='ltr'>locum</span> <span class='ocrx_word' id='word_1_173' title='bbox 971 2681 1094 2740; x_wconf 70' lang='lat' dir='ltr'>mouere</span> 
     </span>
     <span class='ocr_line' id='line_1_30' title="bbox 126 2763 1095 2848; baseline 0.005 -23"><span class='ocrx_word' id='word_1_174' title='bbox 126 2763 308 2828; x_wconf 87' lang='lat' dir='ltr'>consistoria</span> <span class='ocrx_word' id='word_1_175' title='bbox 318 2766 486 2828; x_wconf 83' lang='lat' dir='ltr'>necessario</span> <span class='ocrx_word' id='word_1_176' title='bbox 495 2765 701 2828; x_wconf 87' lang='lat' dir='ltr'>determinatis</span> <span class='ocrx_word' id='word_1_177' title='bbox 710 2764 1050 2848; x_wconf 80' lang='lat' dir='ltr'>diebuscongreganda;</span> <span class='ocrx_word' id='word_1_178' title='bbox 1065 2774 1095 2830; x_wconf 91' lang='lat' dir='ltr'>et</span> 
     </span>
     <span class='ocr_line' id='line_1_31' title="bbox 125 2853 1095 2937; baseline 0.005 -22"><span class='ocrx_word' id='word_1_179' title='bbox 125 2853 170 2915; x_wconf 91' lang='lat' dir='ltr'>sic</span> <span class='ocrx_word' id='word_1_180' title='bbox 187 2853 285 2916; x_wconf 85' lang='lat' dir='ltr'>evenit</span> <span class='ocrx_word' id='word_1_181' title='bbox 297 2862 330 2917; x_wconf 88' lang='lat' dir='ltr'>ut</span> <span class='ocrx_word' id='word_1_182' title='bbox 343 2873 453 2936; x_wconf 92' lang='lat' dir='ltr'>corpus</span> <span class='ocrx_word' id='word_1_183' title='bbox 467 2855 668 2918; x_wconf 88' lang='lat' dir='ltr'>cardinalium</span> <span class='ocrx_word' id='word_1_184' title='bbox 688 2855 931 2937; x_wconf 82' lang='lat' dir='ltr'>compingeretur</span> <span class='ocrx_word' id='word_1_185' title='bbox 944 2855 1034 2918; x_wconf 87' lang='lat' dir='ltr'>etiarn</span> <span class='ocrx_word' id='word_1_186' title='bbox 1057 2873 1095 2920; x_wconf 85' lang='lat' dir='ltr'>ex</span> 
     </span>
     <span class='ocr_line' id='line_1_32' title="bbox 125 2941 1094 3024; baseline 0.007 -21"><span class='ocrx_word' id='word_1_187' title='bbox 125 2941 283 3024; x_wconf 87' lang='lat' dir='ltr'>Episcopis</span> <span class='ocrx_word' id='word_1_188' title='bbox 296 2942 509 3006; x_wconf 83' lang='lat' dir='ltr'>suburbicariis</span> <span class='ocrx_word' id='word_1_189' title='bbox 528 2949 559 3006; x_wconf 91' lang='lat' dir='ltr'>et</span> <span class='ocrx_word' id='word_1_190' title='bbox 576 2942 783 3006; x_wconf 87' lang='lat' dir='ltr'>cardinalibus</span> <span class='ocrx_word' id='word_1_191' title='bbox 801 2961 837 3006; x_wconf 87' lang='lat' dir='ltr'>ex</span> <span class='ocrx_word' id='word_1_192' title='bbox 851 2944 940 3006; x_wconf 86' lang='lat' dir='ltr'>variis</span> <span class='ocrx_word' id='word_1_193' title='bbox 953 2944 1094 3010; x_wconf 75' lang='lat' dir='ltr'>Ecclesia</span> 
     </span>
    </p>

    <p class='ocr_par' dir='ltr' id='par_1_13' title="bbox 2 3029 1089 3183">
     <span class='ocr_line' id='line_1_33' title="bbox 2 3029 1089 3114; baseline 0.005 -23"><span class='ocrx_word' id='word_1_194' title='bbox 2 3099 3 3104; x_wconf 6' lang='grc' dir='ltr'>ἵ</span> <span class='ocrx_word' id='word_1_195' title='bbox 125 3031 303 3093; x_wconf 89' lang='lat' dir='ltr'>universalis</span> <span class='ocrx_word' id='word_1_196' title='bbox 334 3031 508 3114; x_wconf 85' lang='lat' dir='ltr'>regionibus</span> <span class='ocrx_word' id='word_1_197' title='bbox 541 3031 670 3094; x_wconf 89' lang='lat' dir='ltr'>selectis.</span> <span class='ocrx_word' id='word_1_198' title='bbox 698 3029 774 3094; x_wconf 84' lang='lat' dir='ltr'>Vide</span> <span class='ocrx_word' id='word_1_199' title='bbox 803 3032 963 3108; x_wconf 85' lang='lat' dir='ltr'>Analecta,</span> <span class='ocrx_word' id='word_1_200' title='bbox 1000 3032 1089 3105; x_wconf 82' lang='lat' dir='ltr'>ibid,</span> 
     </span>
     <span class='ocr_line' id='line_1_34' title="bbox 126 3118 289 3183; baseline -0.012 0"><span class='ocrx_word' id='word_1_201' title='bbox 126 3118 184 3183; x_wconf 90' lang='lat' dir='ltr'>col.</span> <span class='ocrx_word' id='word_1_202' title='bbox 200 3121 289 3181; x_wconf 70' lang='lat'><strong>2236.</strong></span> 
     </span>
    </p>

    <p class='ocr_par' dir='ltr' id='par_1_14' title="bbox 127 3207 1092 3552">
     <span class='ocr_line' id='line_1_35' title="bbox 166 3207 1092 3289; baseline 0.005 -20"><span class='ocrx_word' id='word_1_203' title='bbox 166 3208 293 3288; x_wconf 82' lang='lat' dir='ltr'>Negotia</span> <span class='ocrx_word' id='word_1_204' title='bbox 311 3207 382 3271; x_wconf 79' lang='lat' dir='ltr'>verb</span> <span class='ocrx_word' id='word_1_205' title='bbox 411 3207 632 3270; x_wconf 87' lang='lat' dir='ltr'>consistorialia</span> <span class='ocrx_word' id='word_1_206' title='bbox 657 3213 729 3270; x_wconf 91' lang='lat' dir='ltr'>sunt</span> <span class='ocrx_word' id='word_1_207' title='bbox 749 3207 924 3289; x_wconf 84' lang='lat' dir='ltr'>imprimis:</span> <span class='ocrx_word' id='word_1_208' title='bbox 945 3227 1092 3274; x_wconf 84' lang='lat' dir='ltr'>novorum</span> 
     </span>
     <span class='ocr_line' id='line_1_36' title="bbox 127 3296 1091 3378; baseline 0.004 -19"><span class='ocrx_word' id='word_1_209' title='bbox 127 3296 331 3360; x_wconf 85' lang='lat' dir='ltr'>Cardinalium</span> <span class='ocrx_word' id='word_1_210' title='bbox 358 3296 488 3373; x_wconf 89' lang='lat' dir='ltr'>creatio,</span> <span class='ocrx_word' id='word_1_211' title='bbox 515 3296 661 3358; x_wconf 91' lang='lat' dir='ltr'>institutio</span> <span class='ocrx_word' id='word_1_212' title='bbox 690 3297 908 3378; x_wconf 88' lang='lat' dir='ltr'>Episcoporum</span> <span class='ocrx_word' id='word_1_213' title='bbox 934 3305 965 3361; x_wconf 90' lang='lat' dir='ltr'>et</span> <span class='ocrx_word' id='word_1_214' title='bbox 986 3317 1091 3363; x_wconf 89' lang='lat' dir='ltr'>eorum</span> 
     </span>
     <span class='ocr_line' id='line_1_37' title="bbox 128 3384 1090 3467; baseline 0.002 -18"><span class='ocrx_word' id='word_1_215' title='bbox 128 3386 279 3450; x_wconf 79' lang='lat' dir='ltr'>ahbatum</span> <span class='ocrx_word' id='word_1_216' title='bbox 292 3385 343 3467; x_wconf 85' lang='lat' dir='ltr'>qui</span> <span class='ocrx_word' id='word_1_217' title='bbox 359 3384 580 3450; x_wconf 80' lang='lat' dir='ltr'>consistorialcs</span> <span class='ocrx_word' id='word_1_218' title='bbox 592 3384 744 3460; x_wconf 90' lang='lat' dir='ltr'>dicuntur,</span> <span class='ocrx_word' id='word_1_219' title='bbox 759 3385 1090 3451; x_wconf 82' lang='lat' dir='ltr'>erectionesCatbedra·</span> 
     </span>
     <span class='ocr_line' id='line_1_38' title="bbox 127 3473 1088 3552; baseline 0 -12"><span class='ocrx_word' id='word_1_220' title='bbox 127 3473 215 3552; x_wconf 88' lang='lat' dir='ltr'>lium,</span> <span class='ocrx_word' id='word_1_221' title='bbox 230 3474 410 3538; x_wconf 86' lang='lat' dir='ltr'>Dioecesium</span> <span class='ocrx_word' id='word_1_222' title='bbox 424 3473 562 3549; x_wconf 89' lang='lat' dir='ltr'>uniones,</span> <span class='ocrx_word' id='word_1_223' title='bbox 574 3481 626 3536; x_wconf 89' lang='lat' dir='ltr'>aut</span> <span class='ocrx_word' id='word_1_224' title='bbox 637 3473 930 3551; x_wconf 86' lang='lat' dir='ltr'>dismembrationes,</span> <span class='ocrx_word' id='word_1_225' title='bbox 945 3481 1016 3552; x_wconf 81' lang='lat' dir='ltr'>etc,</span> <span class='ocrx_word' id='word_1_226' title='bbox 1030 3483 1088 3541; x_wconf 87' lang='lat' dir='ltr'>cto.</span> 
     </span>
    </p>

    <p class='ocr_par' dir='ltr' id='par_1_15' title="bbox 129 3559 1090 3734">
     <span class='ocr_line' id='line_1_39' title="bbox 167 3559 1090 3646; baseline -0.001 -18"><span class='ocrx_word' id='word_1_227' title='bbox 167 3566 202 3628; x_wconf 90' lang='lat' dir='ltr'>In</span> <span class='ocrx_word' id='word_1_228' title='bbox 220 3563 341 3646; x_wconf 85' lang='lat' dir='ltr'>publico</span> <span class='ocrx_word' id='word_1_229' title='bbox 359 3561 541 3625; x_wconf 88' lang='lat' dir='ltr'>consistorio</span> <span class='ocrx_word' id='word_1_230' title='bbox 560 3559 696 3624; x_wconf 85' lang='lat' dir='ltr'>Pontilox</span> <span class='ocrx_word' id='word_1_231' title='bbox 714 3561 850 3643; x_wconf 80' lang='lat' dir='ltr'>galerum</span> <span class='ocrx_word' id='word_1_232' title='bbox 866 3561 1090 3629; x_wconf 87' lang='lat' dir='ltr'>cardinalitium</span> 
     </span>
     <span class='ocr_line' id='line_1_40' title="bbox 129 3649 1088 3734; baseline 0.001 -19"><span class='ocrx_word' id='word_1_233' title='bbox 129 3652 214 3717; x_wconf 81' lang='lat' dir='ltr'>noris</span> <span class='ocrx_word' id='word_1_234' title='bbox 236 3649 441 3714; x_wconf 84' lang='lat' dir='ltr'>cardinalibus</span> <span class='ocrx_word' id='word_1_235' title='bbox 460 3649 606 3734; x_wconf 79' lang='lat' dir='ltr'>irnponit;</span> <span class='ocrx_word' id='word_1_236' title='bbox 620 3649 659 3712; x_wconf 89' lang='lat' dir='ltr'>do</span> <span class='ocrx_word' id='word_1_237' title='bbox 671 3650 882 3714; x_wconf 88' lang='lat' dir='ltr'>canonizandis</span> <span class='ocrx_word' id='word_1_238' title='bbox 895 3649 1011 3713; x_wconf 88' lang='lat' dir='ltr'>Sanctis</span> <span class='ocrx_word' id='word_1_239' title='bbox 1023 3659 1088 3716; x_wconf 84' lang='lat' dir='ltr'>vota</span> 
     </span>
    </p>
   </div>
   <div class='ocr_carea' id='block_1_5' title="bbox 0 0 1291 4006">
    <p class='ocr_par' dir='ltr' id='par_1_16' title="bbox 0 0 1291 4006">
     <span class='ocr_line' id='line_1_41' title="bbox 0 0 1291 4006; baseline 0 0"><span class='ocrx_word' id='word_1_240' title='bbox 0 0 1291 4006; x_wconf 95' lang='lat' dir='ltr'> </span> 
     </span>
    </p>
   </div>
  </div>
 </body>
</html>
