2574 3994
187 203 244 266 aba
404 219 540 270 annuam
560 219 662 270 roam
682 219 765 270 anau
787 216 934 268 aaronica.

186 333 293 378 omnes
307 315 359 396 qui
373 315 489 386 demat.
508 316 608 380 volunt
617 321 647 378 et
656 323 776 398 possunt
789 312 932 376 commod&
941 313 1078 382 irrorare
1085 314 1173 398 (cap.
1276 297 1277 302 ἵ

189 403 263 479 Ouio
273 413 414 486 propter,
428 405 492 484 jam
511 405 616 484 citat).
641 405 671 467 Si
685 422 767 468 unus
780 409 1039 480 contemneretur,
1054 403 1172 482 idest,

188 510 249 554 non
272 499 440 570 vocaretur,
465 493 520 558 iste
547 499 648 578 posset
677 491 873 556 irritationem
902 490 1056 554 electionis
1070 492 1174 556 recla-

186 599 269 643 mare
283 627 291 657 ,
307 582 444 662 quamvis
470 582 567 646 valida
593 581 687 664 possit
709 599 790 654 esse,
807 580 831 643 si
853 585 962 644 taceat.
987 580 1018 642 Si
1041 579 1172 662 quidem

187 669 326 732 electioni
349 671 418 752 plus
437 677 628 753 contemptus
645 671 736 734 unius
754 671 847 751 quam
868 667 1065 732 contradictio
1083 669 1173 733 mul-

188 763 288 822 torum
300 759 432 834 obsistit,
450 765 484 822 ut
493 761 601 823 dicitur
615 761 646 822 in
661 779 727 841 cap.
739 757 939 821 Venerabilcm
953 763 983 820 et
996 777 1061 840 cap.
1081 762 1172 821 Boane

85 863 89 866 ·
188 847 333 908 meruerim
346 851 405 926 36,
420 848 455 912 de
468 849 632 912 Electr'oae.
649 848 707 922 Qut
721 853 823 910 autem
837 846 992 929 neglectus
1008 845 1064 908 tuit
1076 845 1173 910 babet

188 953 239 998 sex
263 954 383 1000 mensos
411 936 450 1000 ad
476 937 719 1015 reclamandum3
744 936 856 1018 quibua
884 934 1009 1018 elapsis,
1027 943 1171 998 censetur

188 1023 368 1087 confirmare
383 1032 484 1088 actum
504 1025 715 1109 capitularem.
736 1025 876 1088 Decisum
893 1025 1018 1104 illota,
1039 1030 1171 1088 testante

190 1111 383 1195 ceccoperio‚
402 1132 450 1196 ap.
467 1114 575 1186 Bouix,
591 1114 763 1191 Decepta,
781 1133 812 1196 p.
830 1116 898 1176 181.

228 1205 297 1264 395.
322 1202 408 1265 Dicit.
425 1207 456 1266 1ο
470 1203 528 1280 Oai
550 1202 670 1266 dedant:
689 1201 727 1266 ad
745 1201 969 1268 excludendum
991 1203 1111 1286 eosqui
1128 1202 1170 1266 de

186 1287 255 1370 jure
282 1308 344 1354 non
367 1291 479 1356 debent
501 1291 657 1374 suffragari
680 1291 833 1364 electioni,
862 1298 897 1354 ut
922 1291 1095 1374 impuberes
1120 1292 1169 1355 vel

189 1379 279 1461 pleno
300 1399 359 1446 usu
382 1381 505 1444 rationis
528 1387 684 1456 carentes,
699 1381 772 1444 item
785 1381 1037 1444 excommunicati
1060 1380 1170 1460 majori

190 1469 504 1534 excommunicatione
526 1469 710 1546 denuntiati,
726 1469 764 1532 ab
782 1467 881 1533 officio
901 1469 1039 1552 suspensi
1053 1469 1168 1552 quique

190 1576 229 1619 ne
239 1559 352 1640 eligant
358 1559 555 1641 personaliter
569 1566 640 1621 sunt
652 1557 801 1622 interdicti
811 1605 819 1636 ‚
828 1557 955 1620 infames
965 1557 1169 1638 inismitjuria

190 1645 214 1707 si
229 1647 289 1708 sint
298 1647 483 1724 denuntiati,
494 1647 623 1712 scienter
633 1647 778 1730 eligentes
793 1645 962 1728 indignum.
979 1649 1105 1730 Insuper
1119 1667 1170 1710 ex-

190 1733 335 1816 cipientes
358 1734 450 1800 laicos
477 1735 516 1800 ad
542 1735 718 1818 suffragium
743 1734 920 1814 serendum,
945 1753 1068 1819 operam
1092 1736 1169 1800 elec-

190 1821 264 1886 tioni
279 1824 355 1887 intra
366 1825 514 1906 tempusb
526 1825 595 1905 jure
609 1824 790 1906 requisitum
801 1843 863 1888 non
877 1824 997 1901 dantes,
1012 1831 1066 1888 aut
1076 1843 1164 1888 cano·

190 1911 288 1974 nicam
303 1911 432 1976 formam
448 1932 509 1976 non
522 1915 732 1991 observantes,
752 1915 820 1994 iure
841 1912 970 1994 eligendi
996 1932 1051 1994 pro
1070 1914 1168 1995 prima

189 1999 254 2062 vice
272 2000 427 2082 privantur
441 2007 471 2064 ot
481 2003 532 2082 J'us
558 2003 658 2084 ipsum
685 2002 809 2083 reliquis
830 2001 1009 2066 electoribus
1026 2003 1168 2066 accrescit

190 2087 287 2171 (card.
305 2091 401 2173 Sogl.,
417 2091 491 2154 Inat.
508 2092 576 2153 Jur.
585 2091 678 2174 pria,
694 2090 786 2171 §cll

230 2178 381 2243 Electores
395 2197 460 2244 esse
471 2186 642 2262 nequeunt,
655 2179 756 2262 quoad
766 2178 944 2244 Praelatnras
958 2186 989 2242 et
1001 2178 1167 2262 Dignitates

191 2266 432 2348 ecclesiasticas,
463 2269 517 2351 qui
545 2287 606 2332 non
635 2274 706 2332 sunt
734 2267 834 2331 clerici
861 2269 907 2331 rel
938 2269 1068 2349 religiosi
1098 2287 1162 2350 cap.

191 2357 302 2422 Nullus
315 2365 347 2422 et
372 2376 438 2441 cap.
462 2359 656 2421 Sacroscnrta
670 2361 721 2434 61,
736 2357 901 2439 deliteat.)
914 2379 922 2435 ς
939 2358 1013 2420 etin
1028 2357 1165 2420 Ecclesiis

190 2447 415 2511 cathedralibus
428 2447 474 2510 rel
488 2446 672 2528 collegiatis,
695 2447 746 2528 qui
771 2445 902 2510 necdum
911 2447 950 2526 lin
964 2446 1068 2509 ordine
1083 2465 1165 2510 sacro

191 2542 262 2600 sunt
274 2535 444 2612 constituti,
456 2554 517 2598 non
529 2535 665 2597 obstante
672 2536 821 2598 contraria
832 2535 1052 2598 consuetudine
1063 2538 1163 2615 (Conc.

190 2621 285 2702 ulid,
301 2643 373 2688 sess.
394 2629 449 2702 12,
466 2643 534 2707 cap.
549 2628 585 2703 1,
600 2623 635 2686 de
646 2623 739 2706 defi).
756 2623 831 2687 Vide
848 2625 905 2688 alia
923 2643 972 2708 ap.
998 2625 1163 2706 bailiama,

191 2709 243 2774 lib.
255 2714 285 2790 l,
301 2714 345 2776 tit.
362 2717 402 2792 6,
417 2723 452 2776 n⁰
467 2718 524 2778 166
539 2719 629 2790 ‚etc.;
647 2713 743 2775 Bouix
755 2711 808 2790 ,de
824 2712 978 2796 Capit.,p.
996 2717 1064 2777 191.

230 2802 298 2882 lpso
317 2803 387 2882 jure
406 2809 509 2866 autem
532 2801 730 2885 probibentur
756 2799 867 2884 eligere
890 2803 944 2884 qui
964 2819 1018 2884 per
1037 2801 1163 2866 abusum

193 2891 345 2974 potestatis
356 2891 508 2955 secularis
519 2891 632 2955 iaciunt
640 2889 835 2970 electionem;
847 2896 878 2954 et
891 2891 1013 2974 insuper
1023 2891 1164 2974 suspendi

192 2985 381 3062 possuntper
396 2980 561 3044 triennium
569 2980 608 3044 ab
621 2979 726 3043 officiis
735 2985 767 3042 et
778 2977 944 3044 beneficiis.
956 2985 1012 3062 dp.
1024 2979 1163 3044 eumdem

192 3067 346 3130 Roilienst.
363 3067 470 3148 (ilic).

232 3159 300 3221 396.
324 3157 411 3221 llicit.
427 3161 459 3220 2⁰
475 3157 533 3234 Oai
545 3157 646 3220 voluat
657 3179 670 3222 .·
681 3159 754 3242 quia
775 3159 851 3222 ratio
869 3178 932 3222 non
954 3161 1000 3222 est
1027 3155 1162 3222 habenda

193 3264 298 3310 eorum
322 3246 375 3329 qui
398 3245 506 3310 nolunt
526 3247 685 3312 interesse.
701 3247 786 3314 Unde
804 3247 829 3310 si
847 3248 872 3309 is
885 3247 923 3310 ad
937 3265 1028 3330 quem
1053 3249 1163 3330 spectat

193 3336 365 3399 convocatio
374 3353 481 3400 omncs
489 3335 528 3398 de
538 3336 607 3416 jure
621 3337 771 3400 vocandos
780 3336 940 3406 vocaverit,
953 3343 1115 3418 praesentes
1127 3335 1162 3398 ad
1276 3397 1277 3424 ,

192 3432 293 3487 actum
308 3425 508 3508 capitularem
523 3425 655 3506 legitime
670 3424 831 3506 procedere.
843 3433 985 3508 possunt,
1001 3431 1160 3507 quantum·

193 3514 235 3578 ris
249 3533 358 3596 parvus
371 3515 410 3576 sit
420 3531 528 3578 eorum
550 3531 715 3591 numerus3
731 3531 788 3576 nec
801 3533 838 3578 ex
859 3515 917 3577 boc
939 3515 1044 3589 titulo,
1060 3513 1160 3576 roscia·

193 3601 270 3664 aioni
295 3603 443 3668 obnoxius
467 3608 515 3668 eat
540 3608 625 3667 actus
642 3602 829 3686 capitularis.
853 3603 1004 3682 Similiter,
1029 3601 1054 3665 ai
1067 3607 1160 3684 coepto
