2506 3984
173 171 230 236 aaa
392 185 529 234 usuuaas
548 183 650 232 runos
669 183 751 232 surra
772 181 920 232 aaronica.

174 306 188 342 a
212 288 405 346 vocaretur...
421 283 525 346 Tutior
539 303 610 366 ergo
623 282 670 346 via
683 287 745 360 est,
760 281 843 364 qubd
858 279 1007 358 vicarius,
1022 281 1056 343 in
1074 283 1176 363 prin·
1247 291 1248 328 l

173 394 189 432 r
213 373 292 454 cipio
307 371 353 434 sui
367 371 456 434 officii
469 391 572 435 coram
586 372 723 454 Capitulo
737 370 937 449 cathedralis,
957 389 1014 454 per
1026 370 1174 432 Cancel-
1247 361 1248 374 ¹

174 483 189 520 o
214 460 324 523 larium
345 460 458 524 litteras
484 479 548 524 sum
574 459 776 542 deputationis
802 459 956 542 publicare
983 458 1100 537 saciat,
1135 464 1173 521 et
1247 511 1248 526 .

176 573 190 608 a
214 549 325 613 deinde
345 568 438 634 penes
457 557 523 614 acta
544 549 736 614 Cancellariae
749 567 804 631 per
821 554 981 612 extensum
998 548 1171 629 registrari
1247 581 1248 586 κ

176 662 192 698 »
217 646 311 703 curet.
327 661 342 700 v
361 639 537 712 llonacelli,
559 639 640 722 apud
664 638 780 716 Bouix,
802 637 846 701 De
866 636 988 713 ludia..
1015 644 1098 700 tom.
1122 641 1167 712 1,

555 887 710 948 PUNG'lUll
730 889 774 946 lll.
862 944 866 952 .

415 1021 450 1065 na
465 1023 566 1065 vromn
580 1023 732 1068 canamus
746 1021 911 1069 rornsrnrs.

222 1157 309 1218 1160.
333 1153 469 1216 Generali
488 1154 593 1236 regula
606 1154 827 1218 admittendum
841 1160 886 1218 est
898 1172 986 1237 posse
999 1153 1164 1219 Vicarium

181 1241 358 1306 Generalem
384 1241 531 1326 quidquid
547 1249 644 1325 potest
663 1243 847 1326 Episcopus,
871 1243 1003 1326 exeeptis
1029 1244 1066 1306 iis
1088 1263 1165 1326 quae

181 1337 306 1415 arrepta
322 1333 373 1412 jus
392 1332 501 1408 voluit,
523 1332 570 1394 vel
593 1350 661 1413 quae
683 1332 741 1395 sibi
763 1333 930 1416 Episcopus
949 1335 1092 1414 expresse
1111 1334 1163 1396 vel

182 1418 324 1505 implicite
338 1421 495 1484 reservavit
510 1421 596 1503 (quia
616 1437 726 1502 nempe
740 1420 781 1484 itu
794 1421 895 1502 gravia
908 1427 980 1484 sunt
992 1426 1027 1484 ut
1039 1440 1105 1484 non
1121 1422 1163 1484 sit

183 1511 351 1574 censendus
364 1509 491 1573 voluisse
500 1527 536 1573 ea
547 1510 578 1572 in
592 1509 723 1590 generali
733 1508 876 1573 mandato
885 1509 1158 1592 comprehendere,

181 1600 265 1678 juxta
279 1599 415 1682 regulam
426 1599 503 1677 juris
516 1602 566 1677 81,
582 1600 613 1661 in
627 1602 682 1678 6⁰).
702 1598 839 1673 Etenim,
857 1606 890 1662 ut
916 1617 1007 1680 supra
1023 1597 1160 1663 diximus

182 1682 389 1767 (llas-llas),
404 1687 510 1750 eadem
524 1693 570 1750 est
579 1686 747 1768 jurisdictio
759 1687 1046 1767 VieariiGeneralls,
1059 1685 1158 1752 idem·

182 1794 243 1859 que
257 1777 351 1857 ipsius
364 1775 546 1839 auditorium
560 1784 591 1840 et
608 1775 740 1840 tribunal
753 1794 790 1840 ac
806 1776 957 1859 Episcopi.
972 1778 1053 1859 Ergo
1073 1777 1158 1840 idem

183 1871 280 1946 potest
293 1883 329 1928 ac
347 1865 526 1947 Episcopus,
542 1865 599 1928 nisi
613 1866 697 1928 aliter
715 1866 857 1948 expresse
876 1865 1009 1929 statuerit
1019 1867 1089 1947 jus,
1109 1866 1156 1930 vel

185 1953 241 2014 nisi
256 1953 424 2036 Episcopus
442 1953 560 2036 aliquid
576 1953 632 2018 sibi
650 1955 853 2018 reservaverit.
877 1956 921 2018 lta
940 1955 1153 2019 communiter.

185 2039 259 2104 Vide
272 2043 416 2120 Lauren,
426 2042 506 2125 apud
520 2045 556 2106 ll.
575 2043 683 2122 Eouix,
698 2044 743 2108 De
755 2043 853 2106 Judv'e.
866 2091 875 2121 ,
889 2049 963 2106 tom.
980 2047 995 2106 l
1010 2091 1019 2122 ,
1035 2063 1068 2126 p.
1083 2049 1151 2108 111.

225 2144 314 2204 1161.
338 2139 405 2203 Non
427 2141 566 2204 eamdem
586 2147 687 2204 autem
709 2147 886 2224 potestatem
908 2139 999 2206 babet
1018 2143 1151 2206 Vicarius

185 2229 338 2294 Generalis
356 2249 391 2294 ac
404 2231 575 2314 Capitulum
588 2237 640 2294 aut
648 2231 785 2294 vicarius
799 2230 993 2313 capitularis,
1008 2231 1085 2294 Sede
1103 2251 1151 2295 va·

96 2354 100 2363 ·
185 2325 272 2383 cante
290 2338 298 2381 a
313 2339 385 2382 nam
405 2320 500 2383 multa
519 2325 619 2403 potest
635 2319 805 2402 Capitulum
824 2326 876 2382 aut
894 2321 988 2402 ipsius
1000 2321 1148 2400 vicarius,

185 2427 254 2489 qua
268 2411 373 2491 nequit
385 2409 520 2472 vicarius
535 2409 689 2471 Generalis
700 2409 814 2490 absque
828 2408 951 2490 speciali
963 2408 1112 2474 mandato.

225 2512 314 2572 lisa.
330 2509 451 2582 Quaerit.
476 2511 506 2570 1ο
521 2509 666 2580 Quaenam
681 2507 732 2586 jus
751 2508 932 2570 canonicum
953 2508 1048 2572 uoluit
1066 2527 1149 2592 possa

185 2597 318 2661 exerceri
332 2599 349 2658 1
364 2597 482 2660 vicario
496 2596 646 2674 Generali,
659 2596 774 2677 absque
788 2597 909 2678 speciali
918 2597 1058 2680 Episcopi
1070 2617 1148 2661 man-

184 2685 276 2750 dato?
1052 2719 1054 2724 ·

225 2776 312 2859 Resp.
325 2778 396 2838 Haec
409 2773 579 2838 enumerari
590 2772 729 2835 bBened.
740 2775 806 2836 XIV
814 2771 870 2851 (De
879 2771 957 2856 Syn.
972 2775 1141 2850 Βίωοεεαπα,

185 2864 238 2928 lib.
251 2869 281 2942 E,
296 2883 363 2945 cap.
376 2868 406 2942 8,
422 2880 456 2924 nv
469 2867 510 2942 El:
530 2885 545 2921 n
556 2867 586 2924 l·
600 2863 673 2934 011ae
686 2867 822 2944 spectant
833 2861 870 2924 ad
884 2869 1058 2944 potestatem
1072 2867 1145 2930 ordi·

185 2976 200 3013 a
225 2954 291 3030 nis,
313 2959 383 3034 puta
405 2951 534 3014 chrisma
552 2947 720 3029 conticere,
742 2959 964 3014 sacramentum
986 2953 1145 3020 Confirma-

184 3067 199 3103 ι)
223 3039 1144 3125 tionisconlerre,ecelesiasetallariaconseerare,autpollutis

184 3155 200 3193 a
224 3133 410 3196 sanctitatem
433 3129 589 3212 pristinam
617 3129 783 3192 restituere.
807 3131 880 3191 Haec
901 3129 1013 3214 quippe
1024 3132 1144 3218 aliaque

184 3245 199 3281 n
224 3221 314 3302 hujus
322 3219 456 3301 generis,
470 3217 605 3280 vicarius
615 3217 783 3294 Generalis,
798 3219 852 3280 etsi
862 3219 1032 3302 Episcopali
1044 3223 1143 3290 ordine

183 3333 198 3371 u
222 3311 261 3372 sit
274 3307 451 3390 insignitus,
467 3323 609 3389 peragere
629 3325 690 3369 non
705 3313 802 3388 potest
821 3307 886 3370 sine
906 3309 1047 3389 peculiari
1062 3311 1141 3394 Epis-

183 3422 198 3460 »
222 3399 289 3481 copi
304 3395 465 3460 dioecesani
478 3412 643 3474 consensu,
660 3397 731 3458 clun
741 3413 802 3457 non
816 3395 890 3473 istis,
901 3397 953 3460 sed
967 3399 998 3460 in
1008 3399 1139 3480 jurisdic-

183 3508 198 3545 vv
222 3487 313 3550 tionis
332 3484 477 3548 duntaxat
497 3483 653 3559 exercitio,
677 3483 757 3547 illius
779 3491 861 3566 gerat
883 3488 999 3552 vices...
1023 3491 1084 3553 Nec
1106 3510 1138 3556 ea

183 3595 198 3632 a
222 3573 383 3655 peragendi
397 3577 494 3654 potest
506 3571 589 3634 alteri
606 3571 755 3653 Episcopo
771 3571 940 3638 facultatem
959 3576 1134 3660 impertiri...
