2496 3992
395 241 479 284 ornan
501 241 618 285 namna.
921 227 977 286 717

63 371 74 397 s
88 353 109 403 1.
137 353 367 404 [incardinationem
382 351 436 404 tisri
449 368 497 403 non
511 355 586 404 licere
613 353 661 405 uisi
685 353 760 419 jussis
785 355 816 403 do
833 355 924 418 causis,
935 371 979 406 noc

29 424 145 474 etiectnm
159 427 320 486 utldtquthttss
332 425 423 488 sortiri,
436 425 486 474 nisi
501 425 695 476 incardinatione
705 427 730 474 in
742 426 793 476 atie
803 426 903 476 diaecesi
918 443 978 480 oxo-

28 497 127 545 outioni
143 497 297 546 demandata.
836 531 840 540 .

61 568 122 616 sii.
137 567 357 617 incardinationem
380 567 517 618 taciendam
529 581 583 618 esso
596 568 627 617 ab
641 567 771 631 Episcopo,
787 584 835 620 non
846 585 888 620 oro
898 575 978 635 tenos,

29 639 76 688 aed
89 639 115 688 in
129 640 236 701 scriptis.
254 641 366 688 absolute
380 645 406 690 ct
418 641 444 689 in
457 645 611 702 perpetuum,
624 639 648 688 id
661 646 698 689 est
709 641 784 692 nuliis
798 641 848 692 sire
858 641 979 703 expressis

29 710 84 759 sire
98 711 180 760 tacitis
189 710 377 760 limitationibus
403 711 534 760 obnoxiam
547 724 554 770 ;
570 711 605 760 ita
618 715 643 758 ut
677 712 784 761 clericos
797 727 867 762 nouae
881 713 980 762 dioecesi

30 795 133 844 prorsus
143 783 304 844 mancipetur,
320 781 430 844 prestito
447 783 477 830 ad
493 781 686 845 noejuramento
701 784 732 830 ad
746 783 823 832 instar
835 783 901 832 iltius
915 785 981 846 quod

29 853 179 902 Constitutic
193 853 363 916 Speculatores
375 867 419 915 pro
445 853 571 902 domicilio
587 853 736 914 acquirendo
757 855 903 917 praescribit.

63 939 75 971 s
95 925 129 973 ΙΙΙ
154 925 189 973 td
202 929 264 973 nano
283 925 505 972 incardinationem
522 923 632 972 deveniri
653 937 701 973 non
718 939 798 987 posse,
809 925 856 974 nisi
869 925 938 988 prins
950 939 980 973 nx

30 995 144 1058 legitimo
158 997 306 1044 documento
332 995 473 1044 constiterit
497 995 608 1043 alienum
633 994 751 1044 clericum
774 1009 852 1045 asos
878 996 980 1045 dioecesi

30 1067 110 1114 tuisse
127 1067 152 1114 in
167 1073 312 1128 perpetuum
325 1066 464 1122 dimissum.
481 1071 506 1116 et
519 1067 619 1115 obtenta
633 1065 734 1128 insuper
754 1069 845 1116 tuerint
866 1068 898 1116 sb
913 1067 981 1128 Epis·

30 1151 95 1196 copo
111 1137 260 1197 dimittente,
277 1138 323 1186 suto
337 1143 444 1194 secreto,
458 1136 480 1184 si
500 1151 561 1198 opus
578 1137 619 1199 sit,
638 1138 668 1186 de
699 1138 752 1201 rjus
775 1138 903 1198 natalibus,
923 1138 980 1197 rito,

32 1209 144 1256 moribus
152 1221 180 1256 ac
190 1209 279 1257 studiis
290 1213 429 1270 opportuna
440 1207 591 1258 testimonia.

66 1297 77 1324 n
95 1278 135 1326 lv.
147 1277 197 1328 iias
207 1279 302 1328 ratione
316 1279 452 1342 adscriptos
467 1293 540 1340 posse
561 1279 660 1340 quidem
676 1279 708 1330 ad
723 1281 822 1330 ordines
834 1280 980 1336 promoveri.

31 1351 92 1400 Cum
108 1353 190 1398 tamen
204 1351 295 1400 nemini
311 1357 361 1398 arnt
372 1351 421 1400 cito
441 1363 528 1400 manus
543 1350 708 1411 imponendae,
725 1352 800 1399 oidcii
815 1351 852 1400 aui
871 1351 981 1400 noverint

31 1435 87 1470 ease
103 1421 212 1483 Episcopi
225 1421 251 1470 in
267 1421 375 1486 singulis
404 1422 503 1470 casibus
520 1422 672 1484 perpendere
686 1435 724 1480 an,
742 1423 857 1474 cornibus
872 1423 980 1482 attentis,

31 1492 140 1541 ctericus
169 1493 304 1556 adscriptos
335 1498 518 1554 oporteateum
535 1492 627 1541 diutius
652 1493 759 1555 precari.
781 1494 809 1541 Et
830 1493 984 1542 meminerint

31 1564 100 1624 quod
115 1563 178 1612 sicut
192 1565 298 1612 onuttus
321 1563 397 1614 debet
409 1563 517 1612 ordinari
531 1563 573 1625 qui
600 1563 693 1625 judicio
704 1566 742 1613 sui
757 1565 870 1624 Episcopi
886 1579 933 1612 nan
953 1565 985 1615 sii

31 1650 46 1685 a
63 1634 134 1683 utitis
147 1638 190 1683 sut
206 1633 360 1684 necessarius
374 1633 424 1682 suis
440 1633 565 1693 Eccieaiis,
579 1647 593 1684 a
607 1638 635 1682 ut
650 1634 675 1683 in
689 1649 742 1699 cop.
769 1635 809 1696 tc,
822 1649 881 1684 sess.
897 1633 937 1696 ¹23,
952 1637 984 1686 de

32 1704 139 1766 reform.
154 1705 326 1754 Tridentinum
339 1705 444 1765 statuit3
462 1705 495 1754 ita
510 1704 602 1766 pariter
616 1705 709 1755 nultum
724 1720 778 1756 csse
793 1707 982 1756 adscribendum

32 1789 124 1825 novum
138 1777 263 1836 ataricum,
283 1777 328 1826 nisi
354 1791 399 1838 pro
423 1775 571 1826 necessitate
598 1781 641 1825 ant
666 1779 839 1828 commoditate
859 1777 982 1828 uincente.

68 1867 80 1890 n
99 1847 125 1894 v.
141 1849 192 1907 Qun
203 1861 260 1896 uero
275 1849 306 1898 ad
321 1847 423 1898 clericor
436 1849 539 1900 diversa
555 1846 650 1912 linguae
664 1851 688 1897 et
702 1849 819 1910 nationis,
833 1853 984 1912 oporterent

33 1917 155 1980 Episcopi,
175 1919 245 1968 iniis
260 1919 418 1969 admittendis
434 1921 530 1970 cautius
542 1925 567 1969 et
584 1919 692 1969 seuerius
703 1921 844 1982 procedant,
864 1935 892 1969 ac
914 1934 984 1970 num·

32 2003 107 2052 quam
120 2003 161 2038 cos
183 1990 302 2051 recipiant
313 1991 360 2040 nisi
374 1990 551 2052 requisiverint
561 1992 630 2051 prius
644 1993 804 2055 arespectivo
815 2005 900 2040 eorum
912 1991 985 2042 Ordi-

32 2061 105 2112 nurio
119 2069 143 2109 ct
158 2061 310 2109 obtinuerint
324 2067 442 2110 secretam
458 2062 653 2110 reformantem
666 2063 696 2110 de
710 2064 820 2124 ipsorum
834 2063 881 2111 vita
898 2069 921 2112 et
936 2077 985 2112 mo·

32 2133 102 2182 riuus
117 2131 330 2190 informationem,
347 2135 448 2180 onorata
464 2145 538 2195 super
548 2133 594 2180 troc
608 2132 719 2194 grauiter
735 2133 908 2195 Episcoporum
926 2147 985 2181 con·

33 2203 151 2252 scicntia.

67 2295 81 2330 u
96 2279 133 2329 vt.
150 2279 258 2343 deniquo
273 2281 352 2342 quoad
363 2279 450 2342 laicos,
465 2288 508 2331 out
521 2281 596 2330 otiam
622 2283 701 2344 quoad
717 2283 827 2342 ciericos,
845 2284 886 2345 qui
899 2299 985 2334 excar-

33 2351 171 2401 dinationis
185 2351 348 2401 beneflciouti
363 2357 487 2413 noqueunt
501 2353 539 2402 rei
551 2354 645 2410 nninut,
660 2353 773 2402 standum
784 2355 982 2416 esse'dispositio.

33 2423 109 2471 nibus
121 2425 198 2472 const.
210 2422 386 2485 speraturos-ee
401 2435 466 2483 quan,
483 2423 544 2472 nituit
554 2425 666 2473 obstamc
678 2425 794 2487 proeocnti
808 2425 910 2492 decreto,
926 2433 984 2478 rator

34 2507 65 2544 ac
80 2493 157 2544 firmae
174 2506 272 2558 sempor
286 2507 386 2543 manere
400 2495 498 2542 debent.
512 2507 527 2542 a

450 2633 568 2650 ἡ

383 2767 557 2825 ΑΡΡΕΝΒΙΧ
583 2770 634 2824 XV

36 2921 116 2960 ctnca
135 2919 343 2963 Expostrtoasstt
357 2921 507 2964 condunato
533 2927 666 2967 conponis
693 2927 815 2970 natscot‘t
836 2929 986 2976 DEEUNETI.

411 3069 456 3134 (ar
484 3082 512 3131 p.
546 3067 622 3130 uer.)
662 3071 677 3152 j

69 3201 131 3247 tuter
147 3201 277 3264 privilegia
291 3203 425 3252 honorifica
441 3203 625 3266 iipiacopornm,
649 3206 709 3255 iliud
727 3211 925 3270 praetereundum
938 3227 987 3262 nnn

36 3274 83 3326 cat,
105 3271 169 3332 quod
187 3271 287 3328 respicit
309 3275 453 3322 eorumdem
482 3275 577 3325 tonora.
604 3276 716 3327 iamuero
735 3280 849 3342 Episcopi
864 3283 987 3338 demortui

38 3355 134 3402 corpas,
148 3343 329 3404 pontificatibus
344 3345 495 3394 ornamentis
507 3347 629 3406 indutum,
643 3352 816 3410 exponendum
834 3357 872 3401 est
884 3353 908 3401 in
920 3356 988 3413 piato-

39 3411 225 3473 tiicpiscopatis
243 3421 300 3462 auto
325 3417 442 3477 maxima,
457 3416 520 3466 iacta
541 3418 657 3467 taeiritats
680 3421 765 3484 piures
791 3423 876 3472 nriasos
892 3425 985 3475 ibidem

41 3497 84 3542 pro
100 3483 207 3532 deiunsti
224 3484 305 3534 anima
322 3487 472 3536 celebrandi.
504 3487 548 3536 Sic
562 3489 629 3538 enim
644 3497 713 3542 sonat
727 3493 854 3544 decretum
871 3495 898 3546 S.
918 3497 941 3546 G.
958 3499 986 3547 it.

41 3555 91 3608 diei
108 3552 290 3617 deperiissent
305 3569 311 3610 t
