2546 3992
514 281 599 326 arnan
622 282 740 332 rarum.
1053 273 1112 332 509

142 376 281 451 Goncilii,
297 381 328 439 et
339 395 375 441 en
387 375 426 439 de
440 379 551 459 quibus
564 375 619 438 snit
641 384 824 444 conventum
839 380 1021 461 Episcopum
1036 382 1113 444 inter

142 469 170 526 ol
184 467 437 547 congregationes
451 465 616 547 religiosas,
631 485 686 546 per
694 468 984 551 approbationemS
1001 472 1110 552 Congr.

143 553 287 631 concilii,
309 571 364 636 pro
387 555 453 637 lege
474 554 590 632 stabili,
611 555 691 618 inter
712 575 765 620 eos
785 567 856 620 sunt
843 557 1031 633 tlrabenda3
1057 578 1112 622 ner

142 601 287 704 liberum
280 652 325 705 est
338 643 502 725 Episcopis,
513 644 602 704 etiam
611 645 850 720 Successoribus,
860 645 929 708 ab'‘
912 664 947 707 ns
962 647 1100 710 recedere

142 731 212 812 Legi
226 737 386 814 potestap
402 731 505 794 instit
522 733 558 793 lt.
573 731 611 794 de
625 733 714 811 Mt
725 739 759 802 2
753 753 806 816 p.
822 737 892 812 287,
909 752 1006 796 unum
1015 753 1102 798 exem

142 819 206 902 plar
233 819 491 884 modificationurn
519 839 594 902 quas
616 821 648 884 S.
674 821 707 885 G.
730 803 888 886 concilii
881 841 913 884 m
940 821 1102 902 hujusmod
1183 879 1189 890 .
1218 899 1220 905 k

142 909 406 990 approbationibus
428 909 541 972 inserit.
558 907 633 974 Vide
647 913 737 975 etiam
753 912 862 986 Bonis,
879 911 924 973 De
946 911 1108 996 Episcopo,

142 1001 214 1058 lom.
231 1002 266 1074 Ξ,
282 1019 312 1080 p.
328 1002 378 1061 73.

181 1089 250 1149 936.
274 1089 395 1159 Quaerit.
413 1089 445 1148 3⁰
456 1086 532 1159 Ouid
545 1087 583 1150 sit
596 1088 785 1150 sentiendum
799 1089 837 1150 de
847 1087 939 1150 modo
953 1107 1014 1169 quo
1025 1088 1113 1152 hodie

144 1173 175 1234 in
190 1174 283 1236 Gallia
295 1221 302 1248 ,
319 1175 485 1236 Seminaria
498 1175 614 1238 soleant
627 1175 846 1238 administrarit

184 1259 272 1344 llesp.
297 1263 393 1324 Hodie
419 1263 449 1324 in
473 1263 566 1325 Gallia
588 1265 650 1326 duo
673 1263 849 1345 regulariter
877 1265 908 1328 in
930 1267 1112 1347 uniquique

146 1349 266 1415 ffioecesi
291 1341 423 1412 exislunt
444 1352 628 1430 Seminaria,
651 1353 777 1413 alterum
800 1352 882 1432 quod
900 1362 1021 1416 vocatur
1049 1373 1111 1414 mu-

96 1449 99 1456 ·
144 1457 249 1520 gnum,
274 1438 389 1520 inquo
413 1441 616 1522 superioribus
639 1440 743 1503 studiis
766 1440 935 1522 Tlreologiae
957 1442 1110 1518 videlicet,

145 1528 306 1610 Scripturas
330 1529 453 1605 Sacrae,
480 1531 545 1592 luri
572 1530 741 1607 canonico,
762 1536 843 1607 etc,
869 1538 1012 1607 vacatur;
1041 1531 1112 1594 alte·

142 1635 210 1680 rum
238 1616 319 1698 quod
344 1617 441 1679 minus
462 1636 517 1682 seu
538 1639 666 1702 pervum
687 1619 887 1682 Seminarium
910 1629 1111 1701 nuncupatur,

144 1704 175 1767 in
190 1725 251 1786 quo
264 1706 462 1770 admittuntur
471 1707 586 1770 alumni
601 1709 810 1771 Grammaticae
820 1708 1110 1782 etHumanitatibus,
1180 1719 1186 1728 “

142 1801 172 1856 et
195 1795 344 1858 interdum
368 1796 458 1858 etiam
479 1797 676 1879 Philosophiae
697 1797 870 1874 studentes,
889 1797 957 1860 licet
976 1797 1112 1860 nondum
1140 1797 1147 1810 ’

142 1880 356 1946 duodecimum
383 1903 500 1948 annum
526 1887 696 1967 attigerint,
721 1893 752 1949 et
777 1886 835 1948 hoc
856 1887 1031 1966 regulariter
1057 1907 1113 1948 noc

142 1971 257 2033 omnino
277 1974 388 2054 protis,
404 1975 458 2036 etsi
478 1975 537 2036 sint
556 1993 718 2056 pauperes,
740 1992 797 2037 nec
815 1975 925 2056 pariter
949 1977 1109 2046 tonsurati,

142 2058 204 2122 imd
226 2059 405 2142 plerumque
427 2061 548 2138 absque
582 2063 791 2140 promissione
816 2069 927 2123 statum
945 2062 1113 2124 clericalem

142 2147 351 2228 amplectendi,
369 2166 424 2208 nec
438 2147 573 2209 habiturn
587 2149 755 2210 clericalem
766 2157 926 2229 gestantes,
938 2150 992 2212 etsi
1003 2158 1111 2213 statum

142 2235 310 2298 clericalem
325 2237 462 2298 animum
477 2235 606 2297 babeant
618 2237 810 2318 suscipiendi.

181 2325 276 2386 Nullae
301 2324 452 2386 ordinarie
481 2323 677 2386 instituuntur
705 2325 954 2400 Commissiones,
979 2344 1036 2388 nec
1059 2345 1113 2406 pro

142 2411 306 2494 spirituali,
322 2432 379 2476 nec
393 2413 617 2494 protemporali
633 2413 796 2494 regimine;
812 2413 865 2475 sed
880 2415 962 2476 solus
975 2413 1115 2476 adminis-

141 2505 199 2562 trat
212 2503 379 2584 Episcopus
393 2520 446 2583 per
460 2519 492 2562 sc
507 2508 537 2562 et
550 2519 603 2582 per
617 2501 705 2577 alios,
721 2503 885 2585 praesertim
897 2502 1071 2584 Superiores
1085 2513 1115 2568 et

140 2589 330 2653 OEconomos
345 2589 516 2667 hujusmodi
531 2589 767 2652 Seminariorum
783 2609 791 2652 :
807 2591 847 2652 ita
860 2591 948 2652 etiam
963 2597 1032 2651 ante
1047 2611 1113 2672 per-

140 2678 341 2742 turbationem
357 2683 433 2742 1789
447 2696 495 2740 res
506 2695 538 2738 se
554 2677 703 2740 trabebant
716 2677 795 2761 apud
812 2697 883 2752 nos,
900 2687 932 2740 ut
944 2687 1060 2740 constat
1078 2700 1114 2744 ex

141 2766 295 2829 Menoires
310 2768 349 2829 du
359 2768 475 2849 Clerpi,
486 2774 515 2829 et
528 2783 565 2827 cx
580 2767 701 2828 Durand
716 2765 754 2828 de
767 2767 905 2830 Maillane
919 2771 977 2848 (ap.
995 2767 1090 2830 Bouix
1105 2819 1111 2847 ‚

140 2855 186 2918 De
200 2855 367 2938 Capitulis,
383 2876 414 2938 p.
429 2859 508 2932 4983
526 2854 656 2916 l’roelert.
673 2855 706 2916 S.
724 2855 871 2937 sulpitii,
887 2867 921 2916 n⁰
937 2859 1017 2935 387).
1035 2859 1114 2920 Solet

140 2950 242 3006 umen
265 2947 493 3026 inculcatque
511 2943 631 3007 dioecesi
646 2942 751 3006 adesse
765 2944 941 3006 commissio
958 2945 1114 3028 Episcopis

142 3033 158 3092 t
174 3035 242 3117 lege
260 3034 337 3097 civili
353 3033 510 3115 imposita,
525 3052 593 3114 quae
612 3033 731 3094 nonnisi
747 3051 801 3115 pro
820 3033 946 3114 negotiis
961 3034 990 3094 in
1005 3035 1115 3115 quibus

143 3141 284 3186 recursus
297 3121 334 3184 ad
349 3122 536 3184 Gubernium
551 3128 595 3183 cst
618 3123 806 3184 necessarius
826 3121 1001 3184 consulitur.
1018 3125 1062 3184 Do
1079 3127 1113 3186 eal

143 3209 523 3273 commissionesiclrabet
543 3211 702 3272 Decretum
724 3213 743 3271 6
762 3227 829 3271 nov.
854 3213 947 3285 t8l3,
965 3215 1021 3271 art.
1045 3215 1111 3272 la:

148 3322 164 3358 ιι
184 3301 204 3360 ll
213 3299 384 3362 seralorme
393 3296 732 3381 pourladmrnrstrauon
744 3297 797 3359 des
807 3298 939 3360 brensdu
948 3300 1113 3361 Seminane

144 3389 221 3451 »de
234 3387 351 3469 chaque
365 3387 507 3458 Diocese
525 3405 566 3450 un
587 3387 701 3449 bureau
715 3388 857 3468 composa
871 3385 908 3448 de
924 3388 985 3448 l'un
1000 3387 1052 3449 dos
1068 3387 1112 3448 Vi·

144 3498 159 3536 n
183 3477 279 3540 caires
293 3478 448 3539 Ge'nc'raux
455 3476 531 3568 ,qui
543 3476 692 3558 prt'sidera
702 3493 741 3536 cn
756 3475 904 3538 l’absence
914 3475 951 3537 de
962 3477 997 3534 l'
982 3479 1110 3556 Estque,

144 3565 226 3628 ndu
241 3565 394 3628 Mirectcur
406 3572 437 3628 ct
448 3551 669 3629 dechonome
678 3563 721 3627 du
730 3563 905 3640 Seminane
920 3563 988 3624 etd'
990 3583 1032 3625 un
1043 3583 1113 3645 qua

145 3675 161 3711 ι
184 3654 291 3716 tribme
312 3653 446 3716 membre
464 3655 654 3734 rempliasant
668 3653 711 3714 les
732 3652 881 3715 fonctions
894 3611 931 3712 dc
951 3654 1111 3721 Tresorier.
