2588 3994
237 308 292 371 too
451 323 587 368 nanuum
606 322 708 368 renus
726 322 808 368 runis
828 321 976 368 canonici.

234 431 276 487 tot
295 423 494 486 Decretalium
516 440 570 504 per
591 420 686 484 multa
703 421 813 486 saecnla
830 439 894 485 non
916 421 1006 485 luerit
1026 419 1206 501 recognita?

272 513 347 576 lllud
362 513 459 575 evenit
475 516 506 574 l⁰
517 513 558 573 Ex
567 529 604 574 eo
613 510 694 593 quod
704 512 797 574 Falsae
805 511 974 574 Decretales
988 517 1073 573 erant
1082 507 1209 590 quidem

235 603 314 666 falsae
328 601 427 684 quoad
441 601 664 664 attributionem
678 599 786 662 factam
804 600 841 662 iis
854 601 911 663 sub
934 617 1065 683 quorum
1082 598 1210 662 nomine

235 692 443 768 intitulantur,
457 692 510 753 sed
524 691 556 752 in
571 689 676 771 seipsis
689 688 764 751 nihil
778 689 846 752 nori
857 697 908 752 aut
917 689 982 752 lalsi
992 687 1209 767 continebant,

235 781 352 844 nullum
371 787 517 862 punctum
536 777 703 860 disciplina
726 778 939 856 immutabant3
962 779 1024 841 imd
1043 779 1106 857 iam
1120 783 1212 841 antea

235 871 414 948 existebant,
435 872 546 952 magno
559 868 663 930 saltem
678 887 715 931 ex
730 877 830 950 parte,
846 867 891 930 vel
905 869 937 930 in
952 867 1090 930 Historiis
1104 866 1211 932 ltulini

236 967 265 1020 et
285 959 470 1035 cassiodori,
489 957 535 1020 vel
556 957 587 1020 in
609 955 702 1020 Libro
724 955 906 1039 pontificali,
933 956 979 1019 vel
1001 956 1212 1041 inscriptura

237 1050 346 1124 Sacrb,
362 1048 394 1108 in
408 1046 559 1124 conciliis,
575 1045 606 1106 in
616 1045 759 1127 operibus
769 1047 821 1108 SS.
834 1047 972 1122 Petrum,
987 1045 1061 1128 quin
1076 1045 1169 1108 etiam
1180 1045 1211 1107 in

237 1136 316 1198 veris
329 1135 532 1198 Decrelalibus
546 1134 746 1198 recentiorum
768 1133 949 1198 Pontificum
963 1154 970 1196 ι
986 1136 1109 1217 alpres
1122 1141 1210 1208 tout,

227 1243 253 1284 u
276 1225 375 1307 inquit
389 1223 533 1307 Phillipps
552 1225 653 1302 (Droit
674 1224 744 1288 eccl.
766 1223 838 1286 dens
857 1244 899 1286 ses
918 1243 1042 1298 sources,
1057 1243 1088 1306 p.
1110 1226 1175 1302 60),
1192 1225 1211 1285 il

238 1336 253 1372 a
277 1315 362 1390 dtait,
378 1333 415 1376 au
431 1314 519 1391 lond,
537 1313 606 1375 bien
622 1313 793 1375 indifferent
806 1331 865 1395 que
879 1312 948 1375 telle
962 1331 1001 1376 ou
1015 1311 1084 1376 telle
1099 1331 1211 1394 propo-

238 1425 254 1463 n
278 1403 366 1466 sition
381 1405 487 1466 ebtetd
497 1402 643 1465 lormulde
653 1402 887 1485 paranacletou
900 1403 998 1481 Le'on,
1014 1403 1211 1484 parllvariste

238 1513 254 1552 a
279 1512 319 1555 ou
334 1494 488 1573 Gre'goire,
505 1512 558 1574 par
571 1492 752 1574 Telesphoro
766 1511 806 1554 ou
821 1490 978 1554 dicolos.»

278 1587 311 1644 2⁰
332 1583 407 1654 Quia
418 1581 463 1643 bis
473 1582 673 1662 temporibus,
688 1589 757 1643 ante
768 1581 972 1644 inventionem
981 1581 1209 1664 typographiae,

240 1689 288 1733 ars
309 1671 347 1732 de
369 1671 486 1751 scriptis
505 1669 687 1750 iudicandi,
717 1670 852 1732 nondum
874 1689 945 1734 suos
969 1675 1147 1754 progressus
1168 1671 1210 1734 lo·

239 1767 338 1835 cerat3
354 1761 519 1840 suspicatus
534 1765 632 1821 tamen
649 1758 704 1820 luit
716 1778 816 1822 error:
837 1762 900 1824 «ut
921 1761 1105 1843 antiquiores
1125 1761 1210 1838 (Vide

239 1871 255 1907 n
279 1849 372 1930 Epist.
397 1848 484 1910 Curd.
501 1847 684 1910 Deus-Dedit
704 1848 742 1910 ad
755 1849 908 1911 Victorem
927 1849 981 1923 lll,
1001 1867 1093 1931 quam
1107 1847 1208 1912 edide-

239 1960 255 1997 n
279 1944 351 2000 runt
365 1937 505 1999 Ballerini
521 1937 551 1998 in
569 1936 743 2019 Appendice
756 1937 793 2000 ad
809 1939 840 2000 S.
862 1939 1009 2014 monem,
1026 1958 1056 2020 p.
1071 1944 1102 2016 l,
1117 1957 1146 2000 c.
1164 1943 1210 2018 ll)

239 2049 255 2086 n
280 2027 401 2089 criticos
428 2027 535 2088 missos
562 2025 718 2103 iaciamus,
743 2026 795 2108 qui
824 2027 856 2089 in
872 2025 1020 2089 isidorum
1044 2029 1210 2092 censoriam

239 2116 428 2197 »virgulam
460 2115 678 2193 distrixerunt‚
700 2117 806 2178 Petrus
833 2117 999 2192 Comestor,
1024 2115 1134 2179 seculo
1160 2119 1211 2182 Xll

240 2225 256 2264 n
282 2205 324 2282 (in
339 2205 422 2267 Hist.
438 2204 539 2267 Soloi.
555 2203 595 2266 od
606 2207 677 2267 Act.
692 2206 809 2288 Apost.)
823 2212 913 2286 atque
927 2205 1036 2267 sucula
1049 2207 1101 2268 XV
1113 2205 1210 2268 (lobe-

239 2317 255 2355 a
279 2293 397 2358 linus...
414 2293 501 2356 Card.
517 2295 653 2357 Cusanns
671 2301 770 2356 eto...
788 2293 938 2358 Isidorum
952 2293 990 2356 de
1004 2293 1068 2357 lalsi
1083 2295 1211 2358 crimine

241 2407 257 2443 n
282 2385 512 2466 postularuntn
539 2383 657 2461 (Politi,
685 2381 859 2466 Jurisprud.
884 2383 999 2447 Erotes.
1016 2383 1208 2456 uniuersalis,

239 2481 261 2535 t.
281 2477 311 2546 l,
324 2474 461 2549 Proeto,
476 2479 581 2554 quaest.
600 2474 641 2549 7).
658 2473 811 2534 Immerito
826 2473 915 2554 igitur
928 2475 1128 2536 Proteslantes
1147 2473 1211 2556 glo-

242 2563 358 2626 riantur
372 2562 457 2644 quasi
471 2563 560 2644 primi
576 2561 774 2644 imposturam
788 2561 964 2624 detexerint.

279 2653 427 2714 Caeterum
448 2650 580 2713 Ecclesia
599 2669 757 2733 nunquam
778 2651 846 2713 tulit
862 2651 1011 2731 judicium
1031 2649 1069 2714 de
1083 2651 1211 2715 authen·

239 2741 350 2803 ticitate
364 2739 552 2803 Collectionis
570 2739 753 2802 isidorianae.
773 2740 931 2804 Attributio
944 2741 1016 2803 verd
1030 2741 1211 2822 scriptorum

239 2829 315 2892 lacta
337 2829 426 2891 alicui
453 2829 567 2892 auctori
595 2847 665 2892 vero
690 2828 738 2892 vel
765 2827 890 2908 fictitio,
920 2848 981 2892 non
1004 2836 1050 2892 est
1071 2829 1146 2911 quid
1174 2831 1211 2894 ad

239 2918 350 3000 dogma
362 2918 408 2980 vel
423 2937 521 2980 mores
536 2919 705 3000 pertinens,
725 2917 847 3000 quando
867 2919 1032 3001 praesertim
1047 2918 1138 2993 nibil,
1155 2939 1210 2984 nec

240 3007 271 3068 in
287 3005 346 3069 fide
360 3008 462 3070 necin
475 3007 634 3088 disciplint
667 3009 835 3070 innovatur.

702 3157 742 3212 lV.

241 3263 275 3306 DZ
298 3262 378 3308 trullo
400 3263 519 3320 brunna,
544 3263 655 3307 SAECULO
679 3263 794 3320 ocrtvu,
819 3265 854 3308 ΕΤ
881 3266 952 3311 ntus
979 3265 1210 3318 cottumuutttus

497 3343 586 3394 USQUE
600 3345 636 3388 uu
655 3345 797 3388 DECRETUM
811 3345 951 3391 uutttttrtt.

280 3450 349 3510 {82
361 3449 394 3508 ln
403 3445 480 3508 libro
492 3447 804 3511 Diumocontinentur
814 3449 901 3513 une
912 3451 1046 3514 l'ormulre
1055 3453 1211 3534 professio

240 3534 364 3598 nisbdei
374 3581 383 3608 ,
395 3534 646 3616 ordinationumd
661 3537 714 3598 SS.
731 3537 1050 3603 Pontificibussaeculis
1061 3543 1110 3619 Vl,
1122 3547 1210 3608 Vllet

239 3625 303 3684 Vlll
323 3623 473 3686 adhibitae.
497 3624 628 3687 Celebris
649 3627 740 3688 evasit
761 3627 809 3689 ille
833 3627 917 3690 Liber
938 3630 1047 3692 saeculo
1068 3633 1160 3704 xvlt,
1175 3637 1209 3696 ed

240 3711 321 3788 qudd
342 3714 446 3778 aona
469 3721 604 3801 repertus
627 3717 646 3776 b
668 3717 811 3805 praeclaro
832 3718 912 3804 Lucl
934 3717 1104 3802 Holstenio,
1126 3729 1157 3785 et
1173 3723 1208 3792 ab
