2546 3992
229 237 288 300 504
475 239 613 304 hunonis
633 259 734 305 nortus
753 257 835 305 runis
855 253 1006 305 cenerici.

229 374 243 410 n
268 352 340 413 citra
360 352 567 416 continentem
588 356 660 417 Novi
678 355 817 418 Orbis...
832 355 935 438 quinto
949 372 1057 418 annor
1080 354 1202 421 Asiatici

229 462 243 498 n
268 442 338 502 uero
352 447 381 504 et
395 444 445 524 qui
462 451 544 505 extra
561 445 660 506 Asiam
675 451 705 506 et
727 444 758 505 in
776 443 843 506 aliis
863 442 948 505 novis
967 443 1054 506 terris
1075 443 1205 508 orientu-

229 551 243 586 ιι
268 528 366 606 libus,
389 531 654 608 meridionniibus,
679 531 915 597 occidentalibus
937 537 968 593 et
987 534 1205 613 septentrione-

229 639 244 676 ι)
269 617 348 680 libus
374 625 436 681 tem
461 621 493 682 in
515 621 625 684 insulis
644 623 736 702 quim
765 621 796 683 in
823 620 1074 697 Continentibus,
1095 619 1205 684 ‹ien‘mo

230 728 245 765 i
268 727 362 782 anno,
379 708 435 770 iter
446 710 630 790 suscipiant,
647 717 675 770 et
689 712 752 772 Deo
766 707 951 772 concedente
962 755 970 786 ,
981 708 1201 790 perficiant...»

272 797 365 858 Porro
379 797 522 866 triennia,
538 796 747 879 quadriennio.
763 805 820 860 etc.
837 795 961 878 praetatn
972 803 1099 860 currunt
1113 798 1205 860 etiam

231 903 286 965 pro
309 885 558 960 Successoribus,
574 887 616 948 its
629 892 664 948 ut
676 887 853 962 Successor,
875 885 983 948 endem
1001 903 1082 948 enno
1104 886 1204 949 visita·

230 972 345 1034 tionem
360 971 457 1034 iecere
470 973 593 1050 debent,
608 994 670 1056 quo
692 993 760 1038 eam
779 973 879 1038 iecere
896 974 1055 1036 tenebatur
1067 981 1204 1038 euneos

232 1077 292 1136 sor,
307 1061 332 1122 si
347 1060 477 1124 vixisset.
493 1064 531 1124 V.
547 1064 698 1142 Ferraris,
713 1072 743 1126 v⁰
757 1063 879 1126 Limina
892 1062 1039 1144 rtpostoi.¹
1057 1073 1093 1124 n·
1104 1067 1162 1141 263
1176 1071 1206 1126 et

232 1147 344 1226 Bouix,
361 1149 405 1212 De
417 1151 583 1234 Episcopo,
598 1159 620 1213 t.
636 1155 666 1228 2,
683 1171 714 1233 p.
730 1157 789 1230 54,
805 1159 862 1216 etc.

271 1239 340 1299 923.
364 1240 466 1311 Qualis
479 1243 549 1304 vero
563 1259 628 1303 esse
641 1241 749 1304 debeat
759 1241 920 1322 deputatus
934 1241 973 1304 eb
984 1239 1039 1322 Epi
1045 1257 1153 1322 scopo,
1174 1241 1205 1302 in

231 1343 304 1389 casu
318 1326 524 1409 impedimenti
536 1377 543 1404 ,
554 1329 613 1391 vid.
630 1348 679 1410 ap.
696 1332 731 1390 D.
749 1331 862 1406 Bouix,
878 1329 919 1390 it.
933 1375 941 1402 ‚
953 1337 1041 1411 etsp.
1052 1329 1203 1402 Ferraris,

233 1414 305 1478 ibid.
323 1419 475 1489 Ounntum
489 1417 552 1480 tieri
563 1425 669 1500 potest,
685 1417 773 1480 debet
783 1437 848 1482 esse
858 1417 1010 1481 saeorriaris
1019 1417 1090 1480 etin
1100 1417 1204 1498 Digni-

235 1510 292 1568 tute
306 1507 503 1582 constitutus,
518 1507 563 1568 ret
578 1506 759 1569 Cononious.

274 1595 339 1664 Oui
348 1601 448 1657 autern
463 1595 559 1656 tormt
568 1596 724 1677 Episcopi,
736 1597 827 1658 sacra
838 1595 958 1658 Limina
970 1595 1137 1668 visitantes,
1151 1597 1207 1658 lie·

234 1681 377 1744 lationem
391 1681 428 1744 de
439 1685 522 1745 Statu
532 1701 655 1746 suerum
666 1685 848 1748 Dioecesium
861 1685 1045 1748 concinnare
1055 1683 1205 1758 debeant,

234 1769 300 1831 vide
314 1773 544 1834 instructionem
566 1774 597 1834 S.
614 1774 762 1854 Congreg.
782 1774 895 1836 Conoii.
909 1775 997 1851 iussu
1012 1771 1126 1834 Bened.
1141 1773 1205 1834 ΧΠ]

234 1855 402 1930 editamad
415 1858 528 1921 onlnem
538 1861 638 1941 operis
644 1860 758 1924 Bened.
769 1865 835 1924 xlv
844 1861 889 1925 De
897 1860 1007 1944 Synod.
1019 1859 1189 1924 Dioecermui
1194 1881 1203 1930 .·

243 1954 272 2005 et
286 1944 339 2025 ap'.
365 1945 399 2007 Ι).
429 1945 538 2023 Bouix,
560 1946 606 2012 Dc
632 1947 789 2027 Episcopo,
817 1956 839 2008 t.
855 1947 886 2020 2,
905 1963 935 2026 p.
951 1945 1002 2026 57,
1020 1965 1146 2010 necnon
1167 1959 1199 2012 ot

242 2050 321 2115 opus
335 2033 454 2109 Lucidi,
471 2034 515 2098 De
529 2037 700 2100 visitatione
710 2035 765 2099 SS.
785 2035 953 2098 Liminum.

707 2168 759 2230 tv.

419 2265 462 2328 De
476 2169 740 2328 administrot÷one
755 2262 1007 2326 Senrinoriorum.

278 2383 351 2446 iiii.
369 2406 385 2440 α
401 2381 578 2462 Sunt,inqu
595 2379 802 2461 tDevotrtliir.
819 2379 850 2456 2,
868 2379 950 2456 titi,
962 2383 976 2456 ἓ
990 2379 1031 2462 i),
1044 2382 1098 2462 qui
1114 2385 1200 2464 epis·

238 2493 254 2531 r
267 2471 426 2552 copaiium
437 2471 684 2534 Seminarimum
697 2478 764 2532 vest
777 2471 825 2550 gia
836 2467 1084 2550 deprehendisse
1092 2489 1125 2533 se
1137 2491 1199 2552 pu-

240 2571 335 2624 »tant
347 2565 376 2622 in
393 2561 519 2642 Synodo
532 2561 655 2624 N-eoent
668 2583 681 2614 r
696 2559 724 2636 (t
737 2558 929 2640 quibusdam
946 2578 986 2622 on
1002 2577 1033 2620 nr
1050 2561 1124 2622 huic
1136 2559 1198 2640 Sy-

238 2651 324 2714 nodo
338 2649 489 2712 tribuitur
506 2667 608 2712 rinnon
623 2648 769 2711 arabicus
789 2648 840 2710 uin
859 2647 1014 2728 jubentur
1028 2647 1200 2730 chorepis-

237 2741 307 2821 copi
325 2765 339 2796 r
357 2739 522 2802 instituere
537 2740 707 2812 ministros,
726 2756 842 2819 eosque
860 2737 1049 2800 disinbuere
1071 2756 1194 2819 perec-
1259 2735 1261 2816 ᾗ

240 2855 254 2885 »
271 2829 421 2891 elusisset
433 2832 620 2891 monasteris
639 2837 670 2890 et
693 2829 855 2910 providere
871 2837 904 2889 ut
919 2825 1052 2903 discant,
1068 2837 1102 2888 ut
1116 2831 1196 2890 red·
1259 2829 1261 2878 i

240 2918 383 2980 »dantur
397 2927 460 2999 epti
478 2926 508 2980 et
523 2919 629 2980 idonei
649 2917 688 2980 ad
715 2916 961 2980 aedifinationem
984 2919 1197 2980 monasterio-

238 3033 251 3063 »
267 3025 338 3068 rum
358 3017 388 3069 et
404 3005 612 3070 ecclesiarum
628 3019 658 3068 et
672 3005 808 3070 aliorum
824 3007 1052 3088 locorumque
1072 3006 1192 3070 horum

238 3121 252 3152 n
268 3097 363 3176 opert
385 3095 598 3176 indigebunt»
611 3115 619 3172 3
635 3094 690 3157 ssd
705 3095 844 3171 rejicitur
859 3095 1023 3158 authentis
1038 3103 1084 3156 tas
1097 3093 1190 3158 ilius

235 3183 390 3265 canonis).
409 3184 668 3260 «suniemirus,
683 3185 737 3264 qui
753 3185 887 3264 primam
903 3201 1014 3245 eorum
1026 3184 1187 3263 originem

237 3297 250 3328 i
266 3272 306 3336 ab
319 3273 598 3356 Augustinorepoti
617 3289 708 3353 posse
721 3273 925 3336 arbitramur.
940 3272 970 3334 S.
980 3272 1192 3352 Augustinus,

236 3387 250 3418 »
268 3379 300 3423 ut
312 3365 379 3443 ipse
396 3371 536 3437 testetur,
552 3371 878 3442 praesertrmsermons
889 3359 1000 3438 ³55...,
1020 3383 1048 3423 ·n
1061 3361 1196 3443 Episco-

235 3451 324 3530 »patr
341 3451 436 3514 domo
451 3461 678 3513 monasterium
696 3449 807 3512 habuit
823 3451 1009 3512 ctericorunr
1027 3475 1058 3512 n.

264 3537 322 3598 Sed
331 3537 620 3601 certissimumSem
634 3539 867 3600 narioruminst
880 3539 1193 3619 tutionisvesig’urn

233 3625 710 3704 reperiturinGoucit.Toletano
721 3624 851 3698 tt,anno
862 3625 932 3702 531,
946 3645 974 3689 c.
989 3627 1017 3688 t.
1034 3643 1042 3688 :
1058 3629 1126 3689 «De
1138 3629 1157 3690 tr
1175 3647 1193 3691 s
