2578 4008
184 275 242 337 312
404 244 664 335 namneticum
684 285 764 334 roars
787 285 936 334 aaronica.

184 386 298 448 tionem
310 391 434 469 propter
446 401 498 448 eas
515 401 620 448 causas
641 401 709 465 quae
727 401 745 446 a
764 381 931 446 canonibus
949 379 1157 446 admittuntur.

185 475 263 537 Huic
277 475 411 538 remedio
424 473 522 537 affinis
538 479 583 535 est
595 471 736 556 oppositio
749 471 899 533 cullitctie
915 471 1078 534 sententie.-

225 565 269 626 De
280 563 326 626 his
335 563 478 626 omnibus
487 562 583 625 lusiirs
594 561 730 624 dicemus
740 561 769 623 in
778 561 854 624 libro
863 561 951 623 tertio
963 562 1067 641 (5971,
1078 560 1158 642 atel.

225 655 296 716 615.
312 652 435 726 Ouaerit.
451 655 485 714 3·
498 651 685 724 Quibusnam
700 650 730 712 in
744 649 863 714 casibus
876 650 964 713 detur
977 649 1160 732 appellatio?

225 743 316 824 Hesp.
328 740 523 818 Generaliter,
539 739 596 802 nisi
606 741 744 822 expresse
755 739 805 819 jus
818 739 951 822 aliquam
965 755 1160 820 personarum

41 845 42 848 ’
187 830 402 893 velcausarum
417 829 548 913 speciem
563 827 818 910 excludat,pctest
830 828 973 911 appellari
987 829 1005 889 a
1018 843 1163 909 quocum-

188 937 247 1000 que
266 919 463 1000 gravamine,
489 918 549 980 sire
568 915 717 998 judiciali,
737 916 798 979 sive
820 917 1051 997 extrajudiciali,
1071 915 1162 978 etiam

188 1005 309 1085 futuro,
332 1007 357 1068 si
380 1007 418 1069 sit
445 1005 686 1086 extrajudiciale;
713 1005 737 1067 si
765 1007 836 1068 verb
860 1007 899 1068 sit
919 1005 1078 1086 judiciale,
1100 1021 1160 1066 non

6 1065 7 1082 ³
59 1129 64 1142 ,.
189 1099 287 1176 potest
301 1095 339 1157 ab
353 1095 546 1178 coappellari
560 1094 617 1156 nisi
630 1095 694 1175 jam
712 1094 750 1157 sit
763 1094 992 1172 comminatum,
1008 1103 1042 1157 ut
1054 1095 1161 1156 dicturi

188 1201 295 1246 sumus
310 1185 424 1266 (5974).
440 1187 474 1247 ln
494 1183 551 1247 hac
571 1183 754 1246 admittenda
774 1185 878 1266 regula
898 1183 1083 1247 concordant
1095 1201 1161 1245 om-

189 1290 243 1335 nes
257 1272 414 1351 doctores,
430 1281 459 1336 et
473 1279 589 1336 constat
602 1291 639 1335 ex
659 1272 738 1335 dioto
759 1273 856 1355 capite
872 1273 945 1336 Clam
958 1273 999 1335 sit
1011 1272 1159 1342 Romana,

189 1367 219 1424 et
232 1381 299 1445 cap.
318 1363 539 1428 Coaeertaticai
558 1365 587 1435 8,
603 1363 648 1424 tit.
666 1366 714 1434 15,
731 1359 782 1424 111).
802 1365 837 1439 2,
854 1364 885 1425 in
899 1366 942 1440 6⁰3
954 1369 984 1424 et
997 1367 1043 1425 est
1054 1362 1157 1424 admit·

189 1451 280 1513 tenda
293 1451 384 1514 etiam
398 1451 430 1516 in
443 1451 542 1514 causis
553 1450 720 1514 minoribus
730 1457 758 1513 et
769 1451 943 1530 levioribus,
959 1469 996 1515 ex
1009 1451 1099 1534 capit.
1113 1451 1158 1530 ll,

190 1539 233 1602 tit.
250 1545 299 1614 18,
315 1541 367 1602 lib.
383 1545 413 1611 2.
425 1540 551 1618 decret,
563 1541 614 1604 ubi
631 1539 798 1603 Alexander
809 1541 849 1603 lli
861 1540 956 1604 dicit:
976 1543 1047 1604 «De
1061 1541 1157 1622 appel·

188 1652 204 1688 n
229 1629 390 1693 talionibus
411 1649 467 1712 pro
489 1630 589 1694 causis
611 1629 745 1692 minimis
769 1629 951 1711 interpositis
972 1630 1113 1694 volumus
1134 1637 1163 1694 te

104 1761 106 1766 -
189 1739 204 1777 r
229 1723 348 1794 tenere,
365 1718 448 1802 quod
467 1718 510 1782 eis
523 1723 594 1801 (pro
612 1717 788 1802 qudcumque
807 1718 865 1781 leci
884 1719 969 1782 cuuad
986 1720 1085 1802 fient)
1101 1737 1163 1782 non

188 1828 204 1866 a
229 1808 332 1870 minda
346 1814 400 1878 est,
411 1808 497 1890 quam
510 1809 539 1870 si
549 1827 606 1890 pro
619 1808 778 1889 majoribus
790 1807 906 1892 fierent,
923 1807 1159 1874 deferendum.»

189 1895 294 1972 Unde,
309 1897 349 1958 ait
360 1899 394 1958 D.
409 1897 503 1958 Bouix
519 1895 564 1976 (de
577 1895 719 1974 dediciis,
736 1905 756 1960 t.
772 1902 803 1976 2,
819 1917 849 1980 p.
862 1899 948 1978 alal:
969 1901 1037 1963 aUt
1047 1905 1165 1962 constet

188 2006 205 2044 a
228 1984 360 2066 aliquem
369 2003 456 2066 posse
467 1985 498 2047 in
508 1985 559 2048 tali
574 2004 645 2049 casu
656 1985 855 2050 determinato
865 1988 1024 2069 appellare,
1041 2007 1163 2054 neeesse

188 2099 204 2132 a
229 2091 291 2135 non
301 2079 386 2136 estut
395 2075 445 2154 jus
459 2077 635 2157 expresse...
652 2075 808 2153 concedat,
821 2075 874 2137 sed
887 2077 1050 2139 satiscstut
1064 2079 1164 2162 appel-

188 2184 204 2222 »
230 2161 348 2225 lationis
361 2163 520 2246 denegatio
533 2213 541 2237 ,
552 2163 653 2247 quoad
666 2163 749 2229 bunc
762 2181 884 2244 casum,
899 2165 930 2228 in
941 2166 1009 2246 June
1023 2185 1163 2250 expressa

188 2272 205 2312 a
229 2271 291 2314 non
306 2252 535 2335 reperiatur...»

229 2345 300 2404 616.
317 2343 410 2404 Porro
419 2341 590 2425 appellatio,
600 2343 661 2406 sive
673 2343 907 2425 judicialis,sive
918 2345 1162 2426 extraJudicialis

190 2431 254 2492 sieri
274 2430 364 2493 debet
377 2429 454 2493 intra
466 2431 663 2508 decendium,
686 2451 723 2496 ex
746 2451 813 2516 cap.
836 2432 1054 2498 Coacertuticar'
1071 2441 1164 2520 supra

190 2521 292 2592 citato,
309 2527 339 2584 et
351 2539 389 2582 ex
402 2539 468 2603 cap.
486 2520 568 2597 (leod
578 2521 619 2584 ad
629 2521 869 2585 consultationem
880 2527 933 2600 15,
948 2525 994 2588 tit.
1010 2529 1059 2604 27,
1075 2525 1127 2590 lib.
1144 2533 1164 2592 2

190 2611 319 2688 Decret.;
333 2627 420 2674 secus
433 2609 597 2674 dicendum
611 2611 649 2674 de
659 2613 782 2696 querela
795 2613 937 2677 nullitatis
951 2633 1020 2697 quae
1034 2617 1164 2699 proponi

190 2699 265 2760 valet
278 2719 332 2783 per
351 2703 392 2763 30
409 2718 505 2762 annos
519 2700 572 2763 sed
594 2719 655 2762 non
675 2701 772 2780 ultra,
787 2704 858 2766 cinn
872 2703 973 2766 omnis
986 2706 1065 2768 aetio
1081 2707 1164 2770 dicto

189 2793 324 2870 tempore
344 2789 554 2871 proscribatur
579 2789 704 2870 (Bouix,
728 2791 884 2855 deludio.
899 2840 907 2868 ,
922 2799 944 2855 t.
971 2797 1009 2872 2,
1025 2813 1056 2876 p.
1078 2800 1162 2876 111).

228 2882 297 2939 617.
314 2879 452 2942 Diximus
472 2879 532 2942 aiei
549 2880 682 2962 expressi
689 2877 743 2962 jus
762 2881 878 2964 aliquus
891 2901 991 2946 causus
1004 2885 1164 2951 recludat:

189 2985 260 3031 narn
275 2969 291 3029 a
303 2967 369 3046 jure
383 2967 530 3050 excipitur
549 2973 579 3030 l·
593 2969 686 3032 Casus
699 2989 760 3053 quo
768 2973 935 3056 Episcopus
951 2973 1166 3056 eatrujudicia·

190 3055 263 3118 liter
284 3054 424 3138 probibet
436 3056 524 3119 alicui
543 3075 703 3121 ascensum
723 3059 761 3122 ad
775 3059 915 3136 ordines,
931 3068 984 3125 aut
1007 3065 1165 3147 suspendit

189 3143 282 3223 ajam
297 3145 460 3226 susceptis,
477 3147 549 3226 quia
562 3149 654 3211 Cone.
670 3149 794 3212 Trident
814 3151 895 3234 (cap.
913 3156 942 3220 t.
959 3169 1032 3216 sess.
1050 3157 1106 3232 11,
1127 3153 1165 3220 de

189 3231 324 3312 referta.)
337 3231 411 3295 dicit
431 3234 514 3316 qudd
528 3233 561 3297 in
581 3235 632 3299 illo
652 3255 724 3301 casu
745 3239 827 3302 nulla
841 3240 961 3304 licentia
974 3241 1072 3305 taliter
1090 3263 1164 3326 pro-

189 3319 284 3383 hibito
298 3321 342 3385 vel
361 3339 508 3405 suspenso
521 3323 685 3407 suffragare
700 3333 815 3408 potest;
831 3329 913 3393 unde
927 3330 956 3394 ei
969 3331 1165 3396 solummodo

190 3411 369 3493 relinquitur
390 3411 428 3474 ad
454 3411 563 3476 Sedena
584 3416 788 3496 Apostolicam
810 3436 960 3483 recursus.
986 3419 1062 3484 Vide
1084 3421 1165 3487 inlra

190 3499 449 3582 dioenormola).
1071 3527 1074 3532 ·

229 3593 299 3651 618.
310 3595 386 3652 -20
407 3591 573 3674 Appellatio
595 3595 614 3655 a
634 3597 770 3658 censuris
784 3595 852 3678 jam
875 3598 1000 3680 inflictio
1018 3599 1164 3665 effectum

192 3677 355 3740 nonhabet
369 3680 578 3763 suspensivum
592 3680 645 3743 sed
658 3682 859 3750 devolutivum
874 3689 1005 3752 tantum.
1021 3690 1065 3754 Ita
1079 3705 1157 3753 com
