2588 3994
499 295 720 345 rnouaoouuux.
1042 284 1100 348 118

126 388 232 453 bonico
246 390 286 453 ad
299 390 496 473 exponendas
509 391 541 452 in
555 409 607 454 sex
621 393 875 475 propositionibus
894 397 1045 461 doctrinas
1062 399 1100 470 iis

125 478 248 557 affines,
264 499 336 562 quae
350 479 491 564 professae
504 479 625 543 luerunt
639 489 741 564 postea
761 485 793 546 in
808 485 1013 551 Declaratione
1027 489 1098 551 anni

125 573 211 633 1682.
229 571 312 643 Quas
326 571 546 652 propositiones
567 572 629 632 ltcx
641 571 730 650 jussit
751 573 912 638 mittendas
933 575 971 638 ad
992 595 1100 640 omnes

126 661 217 740 Regni
240 660 476 736 Universitatca,
499 665 531 721 ut
551 659 583 722 in
606 678 711 724 earum
730 663 845 726 actibus
866 664 1048 728 reserrentur
1070 675 1100 730 et

123 747 361 830 diuulgareutur
378 751 526 830 Suprema
540 757 640 811 autem
655 751 743 814 Curia
756 753 910 835 prohibuit
923 755 954 816 in
968 761 1030 817 toto
1044 773 1099 819 auo

123 836 257 901 districtu
271 838 360 901 aliter
374 839 486 902 doceri.

158 931 229 991 219.
263 929 504 992 contestationes
534 929 605 990 verd
633 929 713 992 circa
738 931 937 1013 quaestionem
968 933 1101 1016 Repello

122 1019 315 1082 occasionem
342 1017 490 1082 dederunt
513 1019 622 1081 celebri
648 1019 845 1083 Declarationi
870 1021 959 1085 1681.
985 1026 1098 1107 Porro,

122 1107 263 1190 Repello,
285 1111 342 1172 ut
331 1127 394 1187 Janr
417 1107 547 1172 vidimus
564 1109 654 1188 (101),
675 1113 759 1171 erat'
749 1129 798 1190 Jus
821 1129 882 1192 quo
900 1130 986 1194 reges
1004 1115 1099 1179 Fran·

121 1215 225 1260 corum
239 1199 494 1270 administrabant
510 1198 688 1280 temporalia
707 1200 887 1262 Dioecesium
907 1205 1097 1285 vacantium,

121 1285 239 1349 illarum
254 1287 393 1350 redditus
413 1287 635 1369 percipiebant,
653 1288 734 1350 varia
746 1289 890 1352 beneticia
905 1291 1099 1358 conterebant

120 1375 217 1440 donec
237 1377 311 1440 noui
326 1376 460 1440 titulares
473 1377 605 1459 Principi
622 1377 828 1457 juramentum
852 1378 1001 1443 fidelitatis
1021 1402 1097 1464 prae-

121 1466 277 1529 stitissent.

160 1556 333 1620 Concilium
356 1555 495 1638 generale
515 1555 718 1638 Lugdunense
738 1557 781 1633 ll,
805 1557 1019 1639 prohibuerat,
1042 1557 1098 1622 sub

121 1649 209 1726 pona
225 1645 561 1722 excommunicationis,
571 1647 799 1728 usurpationem
814 1665 867 1710 seu
882 1648 980 1730 potius
998 1655 1100 1712 exten-

122 1735 239 1798 sionem
254 1737 347 1817 lrujus
359 1737 450 1816 juris,
466 1737 579 1818 quippe
590 1737 654 1816 jam
671 1742 743 1798 tunc
758 1736 788 1797 in
802 1755 896 1818 reguo
912 1739 1097 1802 Francorum

121 1826 281 1902 existeltat;
298 1826 350 1888 sed
366 1825 453 1899 huic,
470 1843 610 1888 successu
624 1831 813 1908 temporum,
830 1827 966 1908 pluribus
981 1830 1099 1909 provin-

122 1917 190 1992 ciis,
211 1915 352 1978 virlelicet
366 1913 566 1996 Delphinatu,
590 1915 746 1977 Provincia
769 1917 960 1996 (Proxence),
981 1919 1095 1982 ticcita-

123 2005 170 2066 niai
193 2005 418 2087 (Languedocl,
447 2004 605 2086 Aquitanit
624 2003 782 2084 (Guienne)
805 2005 930 2083 additis,
953 2007 984 2068 in
1006 2027 1097 2070 novas

123 2093 185 2156 illas
199 2095 371 2178 prouincias
394 2093 581 2156 Gubernium
595 2096 613 2155 t
627 2095 774 2176 Supremb
794 2095 883 2158 Curia
896 2097 1094 2174 concitatum,

123 2185 248 2248 licercto
261 2184 332 2246 anui
349 2187 438 2260 totu,
454 2182 614 2245 extendere
627 2183 721 2246 voluit
741 2183 903 2264 Regaliam.
916 2186 1095 2264 Hujusmodi

121 2275 280 2336 conatibus
311 2275 431 2335 strenue
463 2273 642 2334 obstiterunt
668 2271 729 2334 duo
756 2274 922 2355 Episcopi,
957 2275 1096 2338 Nicotaus

122 2361 254 2424 Parillon
269 2362 433 2426 ‚tlectensis
444 2363 553 2443 nempe
564 2367 593 2423 et
602 2360 772 2442 Stephanus
782 2361 885 2423 Caulet
896 2363 1093 2443 apamiensis

122 2451 319 2534 ipsorumque
329 2469 451 2514 causam
461 2457 573 2513 tutatus
586 2457 631 2512 est
644 2451 676 2512 S.
689 2448 825 2512 Pontifex
837 2453 1031 2514 innocentius
1045 2451 1094 2531 Xl,

122 2541 207 2620 cujus
227 2542 370 2623 rescripta
388 2540 577 2622 supprimere
590 2545 620 2601 et
632 2539 789 2602 annullare
803 2557 876 2602 ausu
890 2547 935 2602 est
949 2541 1097 2622 Suprema

123 2632 210 2694 Curia
225 2631 411 2694 Pariuiensis.

161 2725 231 2784 aab.
256 2719 302 2784 dd
319 2719 504 2782 dirimendas
523 2717 711 2780 difficultates
731 2717 803 2782 hinc
823 2724 958 2790 exortas,
985 2739 1095 2786 convo·

122 2819 206 2874 catus
219 2809 275 2874 tuit
296 2807 550 2880 extraordinarie,
570 2827 652 2871 anno
674 2811 762 2886 1681,
779 2808 882 2872 Clarus
905 2809 1093 2891 Gallicanus,

123 2901 173 2980 qui
198 2900 372 2983 approbavit
404 2898 535 2978 Regaliae
569 2899 776 2959 extensionem
807 2917 878 2961 cum
914 2900 1094 2982 quibusdam

125 2995 223 3052 tarncn
237 2987 511 3052 mcditicationibus
528 2993 558 3049 et
577 2986 824 3050 restrictionibus.
841 2989 906 3051 Hoc
922 2997 1023 3051 autem
1042 2990 1096 3052 im·

124 3079 268 3159 probante
280 3079 312 3140 S.
327 3077 472 3140 Pontilice
482 3125 490 3151 ,
501 3083 697 3157 sequentem,
713 3085 908 3158 promovente
922 3079 1092 3160 Gubernio,

125 3165 354 3231 declarationem
367 3165 460 3228 edidit
473 3165 577 3228 Clerus
592 3165 780 3242 Gallicanus,
793 3167 849 3229 sub
863 3186 944 3229 annu
962 3171 1036 3231 1681
1054 3191 1061 3231 :

165 3279 181 3314 c
202 3257 342 3320 Ecclesiae
360 3255 518 3317 Gallicane
537 3253 657 3318 decreta
671 3263 700 3317 et
719 3256 880 3320 Libertates
898 3260 916 3318 a
931 3260 1094 3338 majoribus

123 3367 138 3407 u
162 3347 272 3409 nostris
284 3353 368 3408 tanto
377 3343 475 3406 studio
486 3353 699 3426 propugnatos,
712 3363 885 3428 carumquae
899 3345 1094 3411 fundamenta

123 3457 138 3496 r
161 3437 254 3498 sacris
263 3433 430 3497 canonibus
439 3440 468 3494 et
479 3434 963 3510 Patrumtraditionenixa,multi
975 3435 1094 3499 diruere

122 3547 138 3585 a
161 3525 343 3597 nroliuntur;
360 3539 416 3584 nec
432 3521 543 3584 desunt
555 3523 606 3604 qui
622 3541 726 3584 carum
740 3523 863 3586 obtentu
879 3523 1041 3603 primatum
1058 3525 1090 3587 B.

123 3634 141 3674 a
161 3614 258 3684 Petri.
273 3615 399 3694 ejusque
412 3629 620 3676 successorum
638 3614 843 3674 Romanorum
860 3610 1059 3688 Pontificum,
1075 3615 1092 3674 t

124 3723 140 3764 a
163 3703 278 3768 Christo
290 3703 471 3776 institutum,
486 3702 566 3791 iisqu
575 3719 591 3764 e
600 3699 733 3762 debitam
742 3700 780 3761 ab
793 3699 936 3761 omnibus
950 3697 1093 3759 Christia-
