2586 3988
469 296 691 344 maironnus.
1035 282 1071 343 ll

90 421 108 464 a
130 401 241 474 iidem,
255 399 359 482 negari
374 417 438 460 nnn
454 397 559 479 possit.
575 419 591 456 a
614 396 659 475 (dc
672 399 760 480 depe,
776 399 797 460 l.
813 403 850 477 l,
866 416 894 461 c.
913 399 960 473 lli,
977 405 1010 457 n·
1029 400 1072 476 2.)

133 512 150 549 a
170 489 301 552 liserail
326 487 530 551 entierement
550 488 698 550 contraire
721 507 778 550 nux
799 486 856 548 lois
873 487 910 547 dc
929 485 957 546 la
977 485 1072 548 sainte

91 601 105 638 a
129 577 316 653 hierarchia,
331 575 434 658 inquit
453 576 594 657 Lequcux
609 575 641 648 (l.
657 581 692 652 l,
709 575 792 638 Hist.
812 575 851 638 da
869 574 950 636 droit
962 593 1069 650 canon,

91 691 106 726 a
131 688 162 750 p.
180 671 250 744 aaa)
265 665 304 728 de
318 665 392 728 laice
406 671 603 748 proprement
616 672 643 726 el
658 663 856 727 directement
875 661 1029 745 dependre
1043 663 1070 724 la

91 779 106 814 a
128 757 213 818 force
221 751 1070 834 decesconstitutionsffis.Pontificum)del'acceplation

92 868 107 904 n
129 843 185 908 des
198 843 325 927 peaples
337 850 367 906 et
381 845 482 905 meme
496 839 534 904 de
547 842 622 905 celle
636 827 850 923 nescioquas.
865 863 881 902 a

131 933 222 995 Solus
241 933 338 1012 llajor
350 930 468 994 videtur
487 936 590 994 contra
609 932 720 994 sentire
732 927 1070 1010 ,dicendorEcclesiam

94 1041 156 1084 esse
171 1039 266 1104 supra
272 1021 407 1102 Papam,
444 1025 474 1082 et
487 1018 556 1082 ideo
567 1019 592 1081 si
606 1019 740 1083 Ecclesia
755 1037 816 1081 uon
825 1023 959 1102 acceptat
974 1018 1070 1100 legem

96 1133 111 1168 a
131 1111 241 1192 Papae,
264 1127 327 1170 non
348 1125 436 1189 posse
455 1126 510 1191 per
529 1107 612 1170 illam
632 1108 757 1190 obligari
771 1127 779 1186 ;
795 1129 810 1168 a
828 1107 880 1188 (ih.
898 1117 931 1169 n⁰
947 1108 976 1186 l)
990 1106 1071 1189 quod

96 1199 272 1260 damnatum
286 1197 402 1260 uidetur
425 1196 464 1258 ah
485 1196 652 1260 alexandro
665 1199 716 1259 Vll
731 1198 762 1260 in
787 1197 923 1279 sequenti
940 1198 1072 1280 proposi-

94 1289 197 1350 tione:
222 1285 387 1368 «Populus
409 1303 471 1346 non
492 1293 610 1368 peccat,
632 1287 750 1348 etiamsi
771 1285 884 1368 absque
902 1285 964 1348 ulla
981 1287 1069 1348 carisa

94 1398 108 1434 a
133 1395 197 1438 non
212 1376 338 1456 recipiat
352 1373 450 1456 legem
461 1368 629 1457 aprincipe
644 1375 876 1457 promulgatam.
893 1397 908 1433 a

133 1467 187 1527 llis
206 1463 399 1547 prenotatis,
420 1463 513 1526 rhesis
533 1463 576 1526 sie
598 1465 742 1546 probatur
768 1462 868 1547 quoad
892 1461 1071 1545 quaestiones

92 1571 191 1634 juris:

134 1647 165 1704 l⁰
186 1643 232 1704 Ex
246 1640 425 1724 praecedenti
436 1639 1069 1724 propositione,RomanusPontiiexpoles·

92 1738 184 1794 tatem
199 1730 397 1811 legislativam
410 1746 511 1792 veram
530 1735 560 1791 et
582 1731 734 1812 propriam
749 1729 855 1807 hahet3
871 1729 942 1807 sed,
962 1731 987 1792 si
1008 1749 1069 1792 non

92 1827 195 1903 posset
214 1819 310 1900 ligare
328 1818 385 1880 nisi
407 1823 615 1900 acceptantes,
636 1837 738 1882 veram
762 1837 796 1882 ac
819 1819 940 1902 proprio
959 1817 1069 1880 dictam

94 1927 156 1970 non
170 1908 296 1970 haberet
315 1913 491 1990 polostatem
508 1906 589 1989 leges
603 1907 773 1970 condendi:
792 1908 840 1970 lex
854 1907 937 1970 enim
951 1925 1012 1968 non
1026 1914 1071 1969 est

93 1997 176 2081 quod
192 2016 254 2060 non
269 1997 361 2078 ligat,
379 2013 435 2057 nec
447 2001 629 2078 pracceptum
642 2045 650 2072 ,
665 1998 713 2060 oui
729 1997 839 2059 subditi
855 2015 916 2058 nou
929 2003 1070 2060 tenentur

92 2087 303 2169 obtemperare
315 2131 323 2163 ,
335 2085 392 2147 nisi
402 2084 503 2168 velint,
518 2087 553 2146 ln
568 2084 644 2148 lacta
658 2085 814 2168 hypothesi
824 2087 979 2148 Romanus
994 2087 1066 2147 Pon

91 2175 162 2238 tiieu
179 2193 241 2237 non
255 2177 401 2254 maiorem
425 2173 547 2236 haberet
568 2175 773 2237 auctoritatem
789 2193 881 2256 quam
895 2173 992 2236 fidelis
1006 2175 1071 2256 qui·

92 2263 176 2339 libet,
192 2265 256 2325 imb
275 2271 306 2326 et
324 2261 517 2340 muliercula,
533 2264 550 2324 h
565 2263 675 2344 quihus
696 2281 803 2326 omnes
824 2263 908 2345 ligari
929 2270 1068 2344 possent,

91 2353 115 2414 si
130 2353 253 2414 uellent.
271 2353 366 2414 Porro
380 2351 449 2432 quis
461 2351 584 2414 auderet
598 2352 669 2414 talia
683 2352 850 2414 sustinere?

129 2441 228 2521 Objici
246 2441 371 2523 quidem
394 2448 491 2522 polest
513 2440 613 2522 quod,
628 2441 711 2522 juxta
732 2439 862 2512 multos,
878 2441 916 2502 de
939 2440 1016 2504 iacto
1036 2448 1070 2508 ut

92 2529 172 2594 inira
184 2530 324 2594 dicemus
334 2532 403 2610 (35),
421 2527 502 2610 leges
516 2529 677 2610 pontificiae
690 2529 842 2592 ordinarie
862 2548 922 2592 non
936 2529 1070 2612 obligent

90 2620 148 2682 nisi
161 2626 366 2702 acceptentur.
382 2617 513 2700 Ergoda
527 2619 654 2680 essentia
678 2619 751 2700 legis
773 2637 834 2681 non
849 2623 893 2681 est
913 2619 994 2704 qubd
1009 2620 1068 2684 vim

89 2706 199 2770 haheat
225 2707 337 2789 ligandi
363 2713 431 2770 ante
457 2708 704 2789 acceptationem.
730 2739 768 2754 —
792 2707 851 2770 Sed
870 2709 1069 2791 respondetur

89 2795 172 2878 leges
185 2797 357 2880 pontificias
376 2797 406 2858 in
429 2795 488 2858 hoc
506 2815 597 2858 sensu
620 2815 682 2858 non
705 2815 771 2859 esse
793 2796 984 2878 obligatorias
999 2805 1068 2862 ante

89 2885 330 2967 acceptationem
353 2883 435 2966 qubd
462 2887 542 2966 Papa
563 2891 635 2948 tunc
655 2886 806 2967 permittat
826 2886 983 2969 Episcopis
1006 2907 1067 2951 non

89 2991 198 3056 urgere
211 2974 331 3036 illarum
340 2973 569 3056 obligationem,
583 2974 606 3036 si
619 2975 706 3052 justae
720 2975 850 3037 rationes
861 2975 1067 3056 locales,judi·

88 3064 135 3126 cio
150 3065 182 3125 S.
199 3063 287 3126 Sedis
304 3069 378 3124 tunc
391 3061 589 3144 exponendae,
604 3061 635 3124 id
658 3063 819 3145 postulent.
836 3066 903 3126 Nou
918 3069 988 3127 verb
1002 3086 1068 3149 per-

96 3153 213 3215 uittum
235 3151 301 3213 illas
321 3151 464 3231 rejicere,
488 3151 577 3214 etiam
597 3152 663 3214 sinc
681 3156 786 3228 causa,
802 3158 832 3215 et
851 3173 906 3236 pro
920 3155 1067 3238 cujusque

87 3241 320 3325 appretiatione.
346 3241 381 3301 ln
408 3239 458 3302 lali
481 3240 564 3301 enim
590 3239 767 3322 hypothesi,
797 3242 879 3324 leges
905 3243 1067 3326 pontificiae

87 3331 217 3406 merito,
233 3336 268 3391 ut
281 3347 358 3392 rcrae
381 3327 464 3410 leges
482 3347 544 3390 non
562 3337 663 3392 essent
682 3330 842 3408 habendae,
859 3335 930 3395 chm
952 3333 1066 3399 nullam

88 3417 305 3500 obligationem
316 3417 504 3488 inducerent,
516 3424 545 3480 ct
558 3419 598 3480 sil
609 3417 647 3480 de
661 3422 790 3482 essentia
804 3421 878 3502 logis
887 3421 968 3502 quod
983 3424 1063 3504 ligat.

125 3511 157 3569 2·
181 3508 226 3569 llx
246 3506 378 3569 textibus
403 3505 558 3588 scripturae
577 3525 668 3589 supra
690 3508 814 3570 relatis:
834 3531 849 3568 u
869 3509 968 3592 Super
992 3511 1067 3572 halac

90 3617 102 3655 a
109 3605 239 3677 ρεέναηι,
247 3595 496 3658 eto-Posceoues
504 3597 823 3678 meas.-Quorcumqae
830 3597 979 3678 lipnveria,
986 3605 1062 3660 etc.»

91 3683 249 3748 ltomanus
262 3683 414 3752 Pontifex,
429 3693 532 3750 urnote
545 3703 701 3748 successor
714 3686 816 3765 Petri,
830 3695 875 3746 est
888 3684 1066 3745 fundamen·
