2586 3988
186 240 223 301 to
403 249 543 298 uxxuxxa
565 249 668 297 uorrus
688 247 769 293 rums
790 246 940 294 oenomai.

184 378 199 415 a
223 355 365 418 Ecclesia
375 343 444 416 s'unt
454 353 595 432 subjecte
604 359 634 414 et
643 353 777 433 ipsarum
785 349 901 414 Praelati
915 350 1119 414 obedientiam
1129 353 1160 416 el

184 467 199 504 n
222 444 421 506 reverentiam
435 442 476 504 illi
490 441 573 503 dant.
589 464 604 501 a

225 532 411 614 Principatus
427 549 518 613 super
538 532 711 594 universam
726 531 892 594 Ecclesiam
906 530 954 593 cui
978 549 1096 593 annexa
1113 535 1158 595 est

184 621 339 705 plenitudo
359 620 528 702 potestatis,
544 621 592 682 cui
612 620 871 682 omnesEcclesiae
889 625 959 681 sunt
974 619 1115 700 subjeclae
1129 621 1158 682 et

185 710 440 792 ipserumPralati
455 709 657 772 obedientiam
666 717 818 790 praestant,
832 707 870 771 ad
880 726 971 789 quem
980 715 1076 790 polest
1089 725 1158 789 gra·

185 808 268 862 iratus
277 798 402 880 quilibet
411 797 576 880 appellare,
587 798 653 859 talis
668 798 852 880 principatus
866 796 993 860 includit
1006 796 1158 860 evidenter

186 896 359 970 potestatem
375 888 568 968 legislativum
583 887 614 948 in
628 889 784 950 universos
798 886 912 948 fideles.
928 887 1022 948 Porro
1034 886 1101 949 talis
1114 893 1158 948 est

186 979 369 1059 principatus
393 977 520 1038 Romani
540 977 695 1038 Pontilicis
717 995 755 1038 ex
777 975 906 1038 concilio
929 975 1062 1057 generali
1076 977 1160 1057 Lug·

185 1067 258 1129 dun.
277 1069 312 1128 ll.
330 1069 426 1148 Erue,
442 1073 499 1127 elc.

224 1160 256 1218 2⁰
279 1155 446 1217 Concilium
461 1161 560 1216 aulem
576 1155 716 1236 generale
730 1154 938 1216 Florentinum
952 1155 996 1217 sic
1008 1153 1116 1216 habet:

229 1243 433 1306 ubrelinimus
455 1250 588 1306 sanctam
611 1244 805 1324 apostolicam
828 1243 930 1306 sedem
945 1250 974 1305 et
989 1245 1161 1306 Romanum

186 1357 200 1393 a
225 1333 1162 1414 Pontificeminuniversumorbemtenereprimatumetipsum

186 1447 201 1482 a
225 1422 402 1484 Pontificem
413 1424 582 1484 Romanum
593 1439 797 1484 successorem
808 1421 1004 1484 esseB.Petri
1015 1421 1163 1502 principis

186 1537 201 1571 a
227 1511 439 1594 Apostolorum
470 1517 500 1572 et
526 1528 631 1574 rerum
662 1510 768 1572 Christi
799 1511 979 1586 Vicarium,
1008 1511 1162 1590 totiusque

187 1626 201 1659 n
226 1601 368 1662 Ecclesiae
390 1605 500 1680 caput,
520 1606 549 1661 et
575 1601 715 1661 omnium
737 1599 973 1662 Christianorum
995 1606 1109 1680 patrem
1130 1605 1163 1661 et

187 1715 201 1749 a
226 1689 379 1752 doctorem
395 1689 536 1764 existere,
548 1693 577 1750 et
591 1689 646 1770 ipsi
663 1689 694 1750 in
710 1691 743 1750 ll.
760 1691 849 1750 Petro
861 1687 1001 1770 pascendi
1016 1687 1161 1768 ,regendi

188 1787 255 1840 net
283 1776 470 1860 gubernandi
496 1778 695 1840 universalem
726 1777 887 1840 Ecclesiam
914 1779 932 1838 a
959 1779 995 1838 Ι),
1021 1777 1057 1838 Ν.
1087 1779 1162 1840 lesu

187 1893 201 1926 »
227 1867 343 1928 Clnislo
363 1865 483 1946 plenam
508 1873 682 1947 potestatem
698 1867 836 1928 traditam
855 1883 931 1928 esso.
949 1864 1052 1946 (labb.
1069 1871 1090 1926 t.
1109 1870 1160 1928 l3.

188 1982 201 2014 o
225 1956 283 2018 eol.
302 1953 978 2038 lllll.)›>-Plenapotestasregendialiquam
987 1957 1163 2020 societatem

187 2045 339 2106 evidenter
353 2043 495 2119 supponit
511 2043 713 2117 legislativum.
730 2048 828 2113 Erue.
842 2051 901 2108 ete.

215 2133 335 2184 Probatur
343 2129 497 2184 etiamConc.
506 2127 593 2186 latio..
601 2139 662 2176 sess.
671 2123 708 2184 ll,
718 2138 740 2173 c.
748 2121 773 2172 3.
784 2139 795 2170 ι
807 2121 833 2170 Si
841 2133 938 2184 narrem.
949 2116 1149 2196 dixerit'ltomun.

185 2223 198 2252 a
214 2202 560 2268 Pontrbccrn...non(baberel
570 2197 666 2261 planam
675 2187 1150 2266 etsupremampotestatemjunsdrctro-

187 2276 252 2326 ruis
271 2279 295 2328 in
312 2276 451 2327 universam
475 2270 641 2324 Ecclesiam...
661 2267 687 2316 in
705 2265 809 2316 rebus...
834 2277 888 2326 quae
910 2261 941 2310 ad
956 2259 1109 2324 disciplinam
1125 2261 1151 2306 et

188 2365 198 2395 ι
216 2351 324 2413 regimen
338 2345 452 2400 Ecclesiae
463 2359 506 2408 per
517 2350 595 2392 totum
612 2339 695 2389 orbem
707 2336 802 2385 diffusae
815 2333 953 2411 pertinent:
967 2337 1038 2380 aut...
1055 2331 1148 2378 lianc...

188 2439 197 2465 ι
217 2435 265 2470 non
278 2436 331 2471 esse
342 2417 489 2470 ordinarium
507 2421 532 2464 el
545 2411 743 2464 immediatam...
759 2407 892 2458 urratbcnra
929 2407 971 2452 srt.
990 2417 1001 2448 a

230 2509 279 2568 29.
306 2506 472 2587 Propositio
494 2511 536 2567 2⁸.
561 2537 596 2548 -—
625 2506 751 2568 Romani
778 2505 937 2569 Pontifices
963 2507 1165 2589 possunt,si

191 2594 301 2672 velint,
329 2594 445 2675 legibus
471 2595 533 2657 suis
560 2593 716 2657 universos
743 2595 847 2658 fideles
873 2595 1023 2659 devincire
1050 2595 1166 2678 absque

191 2685 407 2764 cujuscumque
421 2683 635 2764 acceptatione.

231 2807 348 2890 Duplex
370 2809 495 2889 quaestio
518 2808 549 2869 in
577 2808 635 2871 hoc
657 2814 770 2891 puncto
792 2815 838 2872 est
857 2808 1086 2892 distinguenda:
1106 2810 1165 2874 alia

193 2915 302 2978 nempe
317 2897 404 2959 lacti:
422 2899 524 2958 utrlrm
538 2897 650 2961 seilicet
669 2899 750 2978 leges
771 2899 931 2980 pontificiae
945 2917 1013 2982 quae
1028 2897 1165 2962 nondum

192 2985 313 3050 fuerunt
339 2993 483 3067 accepite,
504 2986 654 3068 obligent3
679 2987 710 3048 id
733 2995 778 3048 est
800 2991 901 3050 ritrlrm
926 2990 978 3051 SS.
1003 2987 1166 3051 Pontilices

194 3075 349 3137 intendant
371 3073 463 3156 ligare
488 3077 706 3150 conscientias,
727 3077 904 3158 priusquam
928 3079 1063 3160 ipsorum
1083 3078 1165 3162 leges

193 3162 303 3226 luerint
323 3172 467 3246 acceptae:
484 3163 521 3226 de
535 3183 596 3245 quo
616 3165 693 3228 licite
715 3167 944 3229 controvertitur
958 3168 1036 3229 inter
1049 3167 1111 3229 DD.
1131 3173 1165 3231 ut

193 3253 252 3331 jam
267 3252 399 3314 diximus
414 3255 476 3334 (Ἢ)
491 3261 520 3315 et
534 3253 708 3336 probabitur
722 3254 797 3316 inira
812 3257 939 3333 (35-39).

235 3342 334 3403 ΛΙῑθπει
344 3343 441 3422 juris,
457 3344 559 3404 utrlrm
583 3346 692 3424 nempe
711 3345 764 3405 SS.
782 3343 941 3406 Pontitices
959 3347 1074 3427 possint
1091 3345 1165 3409 obli-

193 3448 264 3511 gare
273 3447 436 3512 antequam
450 3431 584 3512 ipsorum
596 3431 675 3512 leges
685 3431 795 3494 luerint
804 3441 948 3514 acceptae:
960 3435 990 3495 in
1001 3434 1165 3516 quodubio

194 3518 552 3581 allirmatixaestonmino
564 3529 664 3592 certa,
680 3521 742 3582 imd
755 3522 793 3584 de
811 3521 870 3583 lide
885 3529 948 3597 est,
961 3525 1043 3602 juxta
1059 3525 1165 3588 Suara-

194 3607 273 3669 zium
298 3607 349 3689 qui
374 3609 415 3668 ait
436 3627 443 3670 :
471 3607 578 3670 clllibi
603 3608 719 3672 ridetur
740 3617 802 3674 um
821 3619 904 3675 certa
925 3620 976 3694 ut,
996 3614 1164 3678 secundum
