2546 3992
187 389 202 426 s
227 369 289 446 44),
305 364 392 428 annis
414 363 541 446 singulis
551 363 659 445 (Cone.
674 361 824 439 trident,
838 377 912 424 sess.
930 362 981 436 El,
995 375 1063 439 cap.
1079 359 1115 432 3,
1130 351 1170 418 da

187 478 203 515 r
227 455 374 536 resonat
387 472 517 536 quaque
531 445 572 516 ibi
586 452 707 516 decreta
720 457 791 516 sunt
807 449 999 530 obstringunt
1010 444 1168 508 dioeccsim

187 566 203 604 u
228 545 413 608 universam.
428 545 470 606 Ea
485 541 591 606 indicit
603 543 771 624 Episcopus
783 542 896 604 electus
908 547 938 603 et
950 535 1163 605 confirmatus,

187 657 203 694 a
228 633 308 696 haud
323 634 394 696 verd
416 632 666 714 Archiepisoopus
678 640 841 712 antequam
856 629 984 692 Pallidm
998 625 1165 707 acceperit,

188 745 203 783 s
229 741 330 804 neque
347 723 516 804 Episcopus
538 720 689 798 titularis,
718 738 817 802 neque
836 719 973 782 Vicarius
995 713 1165 791 Generalis,

188 834 202 869 n
230 811 286 874 nisi
302 809 484 894 peculiarem
503 813 540 874 ed
552 808 591 874 de
607 828 640 872 re
658 815 836 892 potestatem
854 808 892 872 ab
908 808 1058 892 Episcopo
1072 803 1169 886 impe-

188 924 203 958 n
228 902 362 974 traverit,
379 918 479 981 neque
493 899 631 962 Vicarius
650 897 838 981 capitularis,
854 898 912 960 nisi
928 902 996 979 post
1012 910 1130 956 annum
1147 894 1167 955 a

188 1013 203 1046 n
228 990 367 1071 proxima
381 987 482 1051 habitt
496 987 639 1070 synodo,
659 1004 759 1068 neque
776 987 901 1050 demum
914 985 1051 1048 Viearius
1069 985 1166 1065 Apos-

190 1100 205 1135 s
230 1077 356 1152 tolicus,
371 1095 434 1139 non
449 1077 607 1159 impetrata
619 1077 707 1139 venia
721 1078 738 1138 i
753 1077 785 1140 S.
800 1075 958 1138 Pontifice.
974 1096 989 1133 n

229 1169 299 1228 944.
318 1165 494 1228 Sacerdotes
518 1165 615 1229 vocati
642 1165 681 1228 ad
700 1165 857 1247 Synodum
878 1183 939 1226 non
959 1163 1072 1226 habent
1090 1161 1167 1225 inibi

189 1271 295 1317 vocem
308 1253 531 1318 deliberativam
545 1261 576 1318 et
592 1254 773 1330 decisivam,
789 1254 851 1316 imd
866 1254 980 1334 neojus
992 1251 1030 1315 ad
1043 1251 1166 1314 oonsul-

190 1343 321 1406 tntiram.
342 1343 418 1406 Vide
432 1345 544 1407 Concil.
565 1347 658 1406 Aren.
680 1348 758 1406 4849
773 1345 828 1423 (tit.
847 1347 877 1420 6,
893 1361 960 1424 cap.
985 1345 1034 1420 43,
1049 1360 1080 1423 p.
1098 1344 1165 1419 72);

190 1435 306 1495 eruitur
318 1451 354 1496 ex
369 1435 513 1516 proposit.
529 1437 561 1496 9·
576 1440 606 1495 et
620 1437 668 1496 40·
683 1433 832 1495 damnatis
850 1451 904 1514 per
918 1431 1035 1494 Bullam
1056 1433 1167 1494 Aucto-

190 1515 251 1584 rem
266 1521 350 1605 fidei:
359 1529 389 1584 et
404 1524 443 1584 ita
452 1521 562 1585 decidit
572 1525 603 1585 S.
619 1523 729 1604 Congr.
746 1520 882 1600 concilii,
898 1539 966 1603 quae
979 1537 1059 1602 saepe
1070 1519 1167 1580 inter-

191 1619 295 1692 rogata
321 1614 424 1674 utrium
457 1610 496 1674 ad
527 1611 659 1674 valorem
691 1613 944 1674 constitutionum
969 1608 1168 1690 synodalium

190 1701 393 1780 requireretur
406 1699 582 1780 approbatio
596 1699 802 1775 sacerdotum,
823 1706 994 1763 constanter
1012 1697 1168 1780 respondit

190 1788 339 1868 nepotiud.
355 1787 556 1848 nonobstante
572 1788 650 1870 pudd
662 1789 693 1849 t'a
713 1789 809 1869 [mand
825 1787 1007 1864 Pontificulr's
1021 1787 1149 1850 Runmar'
1157 1835 1165 1864 ,

186 1895 244 1957 pro
256 1874 428 1938 celebrundci
437 1875 556 1957 Synodo
565 1877 733 1951 diocesanei,
742 1878 875 1959 expresse
885 1877 1066 1938 habeaturut
1076 1876 1100 1938 C
1101 1896 1165 1937 ons·

192 1964 344 2026 tr'tutr'ones
366 1963 590 2046 promulpcndoe
608 1986 666 2048 per
687 1967 805 2029 uerbum
826 1983 936 2028 aarum
954 1965 1164 2048 approbentur.

191 2053 265 2115 Vide
280 2053 370 2114 etiam
383 2053 569 2117 decisionem
583 2055 683 2118 datam
697 2055 736 2118 ad
748 2055 930 2138 archiepisc.
942 2056 1165 2137 Hispalensem,·

190 2142 355 2224 Epistulam
369 2142 407 2205 ad
429 2143 591 2207 Patriarch.
606 2143 723 2224 Venet,
739 2149 776 2208 37
791 2163 856 2227 apr.
874 2149 970 2222 1592,
986 2143 1067 2207 etad
1084 2145 1169 2208 Orio-

190 2230 333 2294 lanum...
348 2231 429 2314 apud
449 2233 560 2296 Bened.
577 2237 654 2312 XIV,
670 2235 715 2296 De
727 2233 854 2317 Synod,
869 2233 921 2296 lib.
946 2237 994 2312 43,
1009 2253 1077 2318 cap.
1094 2237 1168 2297 l.-

191 2320 266 2382 Vide
281 2321 406 2404 insuper
421 2321 540 2404 Confer.
555 2321 712 2404 dAnpers,
724 2321 906 2407 Spnodes,p.
922 2327 992 2401 343,
1008 2327 1078 2401 363,
1092 2332 1165 2404 eto.;

191 2409 350 2490 Lequeux,
365 2419 443 2487 eto.;
458 2411 569 2486 Bouix,
589 2413 634 2474 De
649 2412 810 2495 Episcopo,
825 2419 900 2475 tom
915 2417 948 2484 2,
967 2433 996 2496 p.
1017 2416 1164 2478 384-399.

230 2501 301 2561 949.
314 2501 353 2563 Ut
362 2505 463 2562 autem
477 2499 610 2582 obligare
625 2501 771 2583 incipiant
784 2504 897 2566 statuta
910 2501 1090 2584 synodalia,
1102 2521 1166 2566 non

190 2585 247 2648 alid
274 2587 411 2669 indigent
441 2589 683 2670 promulgatione
714 2597 822 2672 praeter
850 2609 918 2654 enm
945 2610 1014 2673 quae
1041 2592 1072 2653 in
1100 2593 1168 2676 ipss

191 2675 314 2756 Synodo
326 2676 360 2738 lit
369 2677 493 2756 (Bened.
505 2679 583 2754 XIV,
594 2677 759 2760 DeSynod.
773 2679 909 2758 Dioeccs,
919 2679 972 2744 lib.
984 2683 1032 2756 43,
1043 2699 1110 2764 cap.
1123 2685 1163 2765 lp,

189 2781 254 2826 non
281 2765 370 2828 debet
382 2768 453 2828 vero
472 2767 639 2848 Episcopus
661 2786 697 2830 ea
711 2768 742 2829 in
761 2768 916 2850 publicum
934 2770 1042 2847 edere,
1057 2771 1165 2836 incon·

191 2853 268 2914 sulto
282 2853 428 2935 capitulo,
443 2857 487 2917 lta
501 2857 533 2918 S.
549 2857 643 2938 Gong.
660 2857 751 2920 Cone.
767 2857 834 2937 (aa,
849 2858 890 2920 n¹⁸
904 2863 941 2921 l3
955 2867 986 2922 et
997 2863 1055 2940 46).
1074 2899 1079 2908 ·

230 2945 299 3003 943.
314 2942 424 3006 Carere
437 2943 525 3006 debet
538 2945 705 3027 Episcopus
719 2965 775 3026 ne,
790 2948 822 3009 in
832 2949 955 3010 Statutis
964 2949 1166 3030 synodalibus

190 3037 242 3091 cut
254 3029 335 3102 aliis,
349 3029 468 3094 decidat
486 3035 668 3114 quaestiones
689 3034 796 3099 dubias
812 3043 902 3120 atque
922 3039 1000 3099 inter
1022 3041 1167 3106 Doctores

189 3125 403 3182 controversas.
427 3120 542 3185 Bened.
562 3125 641 3202 XlV,
661 3123 714 3188 lib.
729 3131 760 3205 ’4,
780 3144 848 3209 cap.
872 3131 903 3188 V.
924 3127 1011 3190 Ratio
1029 3135 1074 3192 ast
1092 3131 1163 3213 quia

190 3224 252 3269 non
267 3214 311 3269 est
324 3207 498 3272 infallibilis.

228 3295 309 3358 Nota
328 3297 410 3380 qudd
435 3317 498 3361 non
524 3299 612 3364 liceat
632 3303 782 3388 Episcopo
808 3306 928 3372 mulctis
951 3315 1003 3372 aut
1025 3313 1164 3378 censuris

187 255 245 316 sta
406 268 546 314 nanuum
565 266 666 314 rorrus
685 266 767 311 runis
788 263 945 312 canentur.

1266 3023 1267 3058 i

1266 3065 1267 3092 l

74 3407 75 3410 ¹
189 3383 324 3466 singulos
348 3387 539 3468 presbyteros
561 3409 670 3471 cogere
694 3393 732 3456 ad
757 3394 813 3457 sibi
836 3397 1002 3461 emendum
1024 3401 1162 3465 codicem
1266 3409 1267 3414 ’

75 3507 85 3511 1-
99 3511 102 3518 a
191 3474 441 3537 Constitutionum
455 3477 664 3558 synodalium.
678 3483 794 3546 Pluries
807 3485 942 3549 decisum
956 3489 974 3550 a
986 3489 1018 3550 S.
1034 3490 1068 3552 G.
1082 3491 1163 3554 Cou-

189 3561 270 3638 cilii,
289 3563 356 3626 vide
378 3582 427 3646 cp.
453 3565 565 3627 Bened.
585 3569 662 3645 XIV,
682 3569 727 3632 De
746 3573 872 3655 Syrou,
893 3575 952 3638 litu
971 3579 1020 3654 43,
1041 3596 1108 3661 cap.
1130 3585 1159 3656 s,

190 3658 223 3717 u⁰
239 3652 365 3714 lt.Vide
379 3653 533 3739 etaliaap.
549 3657 585 3720 ll.
601 3656 708 3738 Bouix,
724 3660 769 3726 De
782 3662 899 3749 Epire,
914 3671 987 3728 tom.
1003 3670 1033 3740 2,
1046 3685 1078 3750 p.
1088 3671 1157 3732 399.
1266 3643 1267 3694 ¹
