2570 4006
535 349 620 398 araca
641 350 760 400 ramos.
1074 336 1131 398 345

198 447 232 506 t·
245 444 287 506 dd
303 445 523 509 Cardinalatum
538 449 707 526 promoveri
719 465 780 509 non
790 446 901 510 debent
910 447 1068 528 illegitimi,
1079 446 1131 510 etsi

160 529 315 614 legitimati
328 535 452 598 luissent
465 552 518 612 per
533 535 757 598 Matrimonium
773 535 961 616 subsequens
975 535 1052 614 (ib).

199 624 232 683 5⁰
248 623 320 704 Eligi
337 641 399 685 rron
412 622 543 699 debent,
559 624 610 704 qui
623 623 759 687 nondum
769 631 841 686 sunt
853 623 953 686 clerici
965 624 1044 704 (ib).

125 734 129 742 ¹
199 713 233 771 6ο
247 713 308 773 Nec
321 714 391 792 qui,
408 712 506 795 primo
523 711 569 774 vel
584 711 718 775 secundo
733 713 1001 792 consanguinitatis
1016 711 1131 792 gradu,

159 797 248 862 alicui
260 799 409 862 Cardinali
419 799 518 862 adbuc
530 801 639 863 viventi
654 807 725 863 sunt
737 801 905 881 cunjuncti,
921 819 977 862 nec
991 801 1043 883 qui
1056 799 1132 862 tilios

157 885 269 950 babent
284 891 373 950 etiarn
388 909 422 952 ex
439 889 571 970 legitimo
585 890 778 952 matrimonio
792 889 991 968 ortostidid.).

199 983 231 1036 7⁰
254 980 312 1039 Nec
328 977 436 1058 bigami
453 978 614 1056 (Ferraris,
630 984 664 1040 ut
678 996 785 1060 supra,
798 987 832 1040 n⁰
847 977 911 1057 34).

198 1070 230 1128 8⁰
244 1065 347 1137 Quoad
361 1072 479 1127 totalem
500 1065 693 1147 requisitam,
709 1067 733 1128 si
755 1073 860 1147 agatur
873 1065 911 1128 da
926 1065 1132 1128 cardinalibus

158 1153 310 1229 diaconis,
336 1153 444 1216 sufficit
467 1159 537 1216 aetas
558 1158 597 1216 ⁶22
618 1173 791 1230 annorum,
815 1161 849 1218 ut
871 1156 1010 1236 expressc
1032 1155 1133 1218 statuit

158 1243 258 1305 Sirtus
273 1245 315 1320 V,
331 1235 364 1304 in
377 1244 478 1305 Const.
495 1243 633 1325 superibs
644 1244 743 1306 citatd.
768 1245 850 1305 lutra
862 1261 978 1304 annum
992 1243 1131 1306 ordinem

157 1333 338 1394 Diaronattrs
347 1333 483 1413 accipere
493 1331 615 1408 debent,
627 1332 700 1394 alits
711 1339 814 1395 carent
828 1350 900 1394 voce
914 1332 1025 1407 activa,
1040 1332 1131 1393 etiarn

158 1420 188 1482 in
204 1421 386 1484 electioneS.
403 1420 562 1484 Pontinas.
580 1421 654 1482 Vide
668 1421 746 1484 dicta
760 1421 899 1502 superibs
909 1423 1002 1499 (424).
1015 1420 1045 1482 Si
1062 1421 1133 1482 verd'

157 1518 263 1590 agatur
277 1510 316 1572 de
329 1510 444 1573 caeteris
458 1510 685 1586 Cardinalibus,
706 1510 869 1590 requiritur
889 1515 960 1571 ratas
980 1512 1020 1571 30
1033 1527 1128 1571 anno-

156 1617 225 1660 rum
239 1646 246 1674 ‚
258 1607 346 1680 prnnt
359 1598 466 1661 deduci
482 1615 569 1681 posse
583 1599 699 1662 videtur
713 1616 749 1661 ex
762 1615 827 1679 cap.
847 1602 875 1674 4,
887 1615 960 1659 sess.
972 1603 1023 1674 24,
1035 1598 1126 1660 conc.

156 1688 304 1760 Trblent„
320 1689 370 1750 ubi
393 1688 507 1750 eaedem
531 1689 687 1769 qualitates
701 1688 895 1770 requiruntur
913 1704 967 1768 pro
987 1685 1129 1749 cardina·

157 1775 236 1838 libus
250 1777 397 1857 eligendis
411 1779 501 1858 quam
514 1796 568 1858 pro
583 1778 749 1859 Episcopis.

196 1869 265 1927 708.
289 1866 410 1937 Quaerit.
427 1870 459 1926 4ο
473 1868 550 1938 Quot
567 1884 693 1928 numero
707 1883 772 1928 essa
786 1867 901 1948 possint
915 1865 1086 1928 Cardinales
1100 1873 1129 1928 ct

157 1953 190 2016 in
204 1961 276 2034 quot
289 1955 398 2017 classes
411 1953 601 2016 dividantur?

198 2047 286 2125 ltesp.
301 2049 376 2106 Ante
391 2043 464 2105 Sixti
480 2046 505 2103 V
520 2042 748 2124 pontificatum,
764 2063 909 2108 numerus
923 2043 1128 2108 Cardinalium
1214 2113 1218 2120 ,

156 2133 255 2194 varius
269 2131 325 2195 tuit
339 2150 394 2213 pro
407 2140 579 2212 temporum
592 2131 780 2194 diversitate:
796 2135 837 2195 ita
852 2141 895 2205 ut,
910 2139 1047 2214 tempore
1057 2135 1127 2196 Pas-

156 2219 296 2297 cbalisll,
309 2221 515 2284 adnumerum
525 2224 563 2284 90
574 2221 853 2302 pervenerintJ'uxta
863 2221 1041 2297 cobellium,
1052 2224 1126 2284 etad

157 2327 319 2373 numerum
332 2315 351 2373 8
364 2307 575 2371 descenderint
588 2317 724 2390 tempore
738 2310 851 2372 Nicolai
866 2311 915 2371 Ill.
936 2309 1047 2372 Paulus
1058 2313 1128 2373 verd

156 2400 194 2460 llt
217 2417 378 2461 numerum
396 2401 435 2461 rb
453 2399 621 2480 praenxerat
640 2398 678 2460 ad
692 2399 889 2460 imitationem
910 2403 949 2460 ‘lc
972 2399 1127 2460 seniorum

157 2487 209 2567 qui
225 2488 318 2568 Moysi
338 2487 515 2549 assistebant
527 2493 557 2549 et
569 2491 608 2548 72
622 2487 728 2548 Christi
742 2487 968 2569 discipulorum.
986 2484 1043 2548 Sed
1057 2488 1126 2549 cum

156 2573 220 2638 haec
239 2575 447 2638 determinatio
469 2573 604 2638 nonfuit
625 2575 734 2640 deinde
754 2575 907 2638 obseruata
926 2577 1090 2658 praesertim
1110 2580 1127 2640 a

157 2665 210 2726 Pio
225 2667 261 2726 lV
276 2667 328 2746 qui
343 2669 381 2727 'ld
405 2663 576 2727 cardinales
599 2664 717 2744 babuit,
739 2665 862 2727 tandem
881 2665 913 2727 in
934 2668 988 2727 sud
1002 2663 1125 2728 Constit.

156 2755 326 2833 Postquam,
338 2753 470 2816 SixtusV
485 2771 648 2816 numerum
659 2753 899 2816 loretinendam
915 2751 1059 2823 delinivit,
1073 2773 1127 2819 neo

156 2841 174 2902 b
188 2841 441 2922 subsequentibus
458 2842 654 2904 Pontificibus
667 2842 728 2904 buc
742 2861 838 2924 usque
853 2843 884 2903 in
898 2841 956 2904 hoc
970 2840 1026 2903 luit
1039 2843 1127 2903 inno-

156 2937 256 2992 vatum
271 2929 349 3008 (vid.
374 2931 461 3008 last,
476 2933 512 2992 Η.
529 2931 567 2994 de
581 2933 634 3007 M.,
649 2951 680 3012 p.
701 2934 781 3011 272).
795 2933 840 2992 Ex
849 2931 896 2993 his
909 2937 1010 2994 autem
1025 2931 1127 2993 cardi-

157 3019 276 3082 nalibus
289 3037 341 3082 sex
363 3025 434 3082 sunt
449 3019 621 3082 cardinales
641 3019 799 3101 Episcopi,
823 3020 1042 3102 quinquaginta
1057 3023 1126 3082 car-

153 3105 271 3170 dinales
284 3108 447 3190 presbyteri
460 3155 468 3186 ,
479 3107 707 3190 quatuordecim
720 3109 791 3170 verd
805 3109 977 3170 cardinales
991 3109 1125 3186 Diaconi,

156 3203 187 3258 et
208 3197 331 3260 cuilibet
355 3198 439 3278 juxta
463 3214 554 3260 suum
576 3195 714 3259 ordinem
742 3196 912 3280 assignatur
941 3197 1127 3280 particularis

156 3283 309 3362 Ecclesia,
323 3285 427 3349 titulus
440 3286 486 3348 vel
499 3285 647 3349 diaconia.

196 3373 337 3437 Ecclesia
369 3374 570 3440 cardinalium
602 3373 821 3458 Episcopnrum
856 3378 927 3439 sunt
958 3374 1124 3452 Ostiensis,

155 3463 349 3539 Parmensis,
373 3466 563 3542 maurane,
591 3467 784 3540 sabinensis,
808 3465 993 3528 Praenestina
1015 3509 1023 3540 ,
1042 3463 1127 3525 Alba-

158 3551 277 3630 nensis,
292 3569 361 3632 quaa
372 3559 517 3616 vocantur
530 3552 670 3615 Ecclesiae
683 3551 914 3615 Suburbicariae.
937 3550 1042 3613 Catari
1056 3552 1126 3614 aero

157 3639 234 3702 tituli
257 3638 460 3702 cardinalium
486 3638 733 3721 Presbyterorum
754 3646 786 3702 et
807 3641 1010 3702 Diaconorum
1033 3637 1096 3701 vida

158 3737 285 3812 possunt
298 3727 378 3816 apud
392 3727 544 3808 Ferraria,
557 3735 588 3791 r⁰
598 3725 787 3797 Car-dinatio,
804 3732 860 3790 art.
873 3728 910 3804 4,
926 3743 959 3787 m
973 3730 1025 3788 44.
