2496 3992
205 242 264 306 dne
409 255 549 304 uruurrr
569 255 674 302 rorrus
693 255 776 302 runis
798 255 955 301 rrnourcr.

205 387 262 424 sum
279 392 284 424 :
302 377 427 436 quaesunt
447 375 532 422 contra
546 371 669 422 licentiam
682 370 822 435 principum
839 373 932 436 populo
958 373 1028 423 maie
1041 375 1168 423 consulen-

206 449 264 496 tium
275 447 367 494 utiliter
378 445 494 494 institutae
513 461 519 493 :
536 457 592 506 quae
603 457 723 492 summam
740 445 920 505 rempublicam
937 451 1027 494 vetant
1044 447 1073 494 iu
1090 448 1167 495 muni-

206 520 318 582 cipalem,
330 517 367 566 rel
385 517 544 566 domesticam
556 529 607 565 rein
623 515 787 578 importunius
804 515 924 565 invadere
939 532 945 564 :
966 530 1027 578 quae
1038 517 1126 566 valent
1141 532 1167 566 a:

206 594 288 652 decus,
300 591 331 640 ad
349 603 478 651 personam
493 588 608 645 hominis,
623 591 654 636 ad
668 588 861 649 aequabilitatem
875 589 939 650 juris
956 589 981 636 in
993 589 1107 652 singulis
1117 592 1168 639 riri

206 667 253 714 bns
264 661 464 717 conservandam,
478 674 563 710 earum
585 673 668 708 rerum
681 659 794 708 omniurn
810 659 946 709 Ecclesiam
960 661 1121 710 catholicam
1133 665 1167 710 ret

206 733 372 790 inventricem,
385 732 423 780 vei
437 730 571 792 auspicem,
590 731 628 779 vel
641 731 769 778 custodem
787 743 888 788 semper
910 732 990 780 inisse
1012 733 1166 794 superiorum

207 811 305 856 astutum
323 806 613 852 monumentatcstnntur
650 801 699 850 Sibi
718 801 793 864 igitur
810 807 929 864 perpetuo
950 805 1125 860 consentiens,
1149 807 1166 853 si

207 895 236 928 cx
248 879 323 926 altera
342 881 408 936 parte
424 874 561 923 libertatem
579 875 673 933 respuit
687 872 844 921 immodicam
859 887 915 935 quae
931 877 956 922 et
969 875 1078 936 privatis
1092 881 1117 926 rt
1131 891 1168 938 pe

208 951 272 1014 pulis
288 952 313 997 in
330 946 456 996 licentium
476 947 513 994 vel
530 945 703 994 inservitutcm
724 945 797 1001 cadit,
810 959 842 992 ex
855 947 932 994 altera
948 947 1037 995 volens
1054 948 1166 998 etlibens

207 1021 362 1086 amplectitur
378 1033 417 1068 res
443 1017 566 1071 meliores,
590 1031 651 1078 quas
675 1015 728 1064 dies
752 1015 848 1072 afferat,
865 1017 887 1064 si
909 1031 965 1065 vere
980 1019 1167 1080 prosperitatem

208 1093 351 1143 contineant
367 1091 439 1150 huJus
456 1088 520 1148 vitre,
538 1102 592 1148 quae
607 1089 730 1150 quoddam
743 1091 779 1137 cst
794 1087 860 1136 reiut
882 1089 991 1136 stadium
1009 1090 1041 1137 ad
1065 1091 1167 1139 alteram

208 1178 310 1226 eantque
321 1168 437 1224 perpetuo
451 1173 601 1208 mansuram.

240 1237 302 1298 Ergo
317 1234 381 1294 quod
394 1231 509 1294 inquiunt
525 1231 662 1280 Ecclesiam
677 1229 807 1278 recentiori
822 1230 950 1279 civitatum
963 1229 1084 1281 invidere
1101 1235 1169 1283 dicri-

208 1310 289 1373 pliuae.
300 1311 495 1367 ciquaecumquc
509 1305 597 1351 horrrm
605 1307 742 1364 temporum
757 1301 883 1365 ingenium
898 1305 1004 1363 peperit,
1020 1305 1107 1352 omnia
1120 1321 1169 1368 pro

210 1381 302 1430 misene
317 1377 458 1439 repudiare,
470 1374 550 1422 inanis
568 1378 605 1422 est
631 1380 654 1422 et
668 1372 755 1434 jejuna
770 1373 904 1421 calumnia.
922 1373 1051 1422 insaniam
1069 1377 1168 1437 qui-lem

209 1451 321 1514 repudiat
342 1448 483 1510 opinionum
500 1445 642 1504 :improbat
659 1444 756 1492 nelarie
773 1443 924 1492 seditionum
943 1445 1025 1492 studia
1047 1447 1169 1508 iilumque

210 1519 355 1570 nominatim
371 1517 637 1570 liabitumanimorum,
648 1515 672 1562 in
687 1529 735 1576 quo
750 1515 820 1564 initia
836 1515 1020 1577 perspiciuntur
1033 1517 1169 1568 voluntarn

210 1593 332 1641 discessus
346 1605 360 1638 a
373 1593 422 1638 lieo
437 1604 442 1637 :
461 1589 504 1637 sed
521 1587 579 1648 quin
593 1601 674 1643 omne,
692 1587 757 1647 quod
778 1599 863 1634 rerunt
880 1591 926 1644 cst,
950 1601 964 1633 a
978 1587 1028 1634 beo
1043 1603 1075 1650 pr
1088 1590 1169 1645 oficio

211 1679 241 1712 ue
257 1667 371 1720 esseest,
390 1659 517 1721 quidquid,
533 1658 683 1720 indagando.
701 1655 751 1704 veri
766 1657 907 1720 attingatur,
919 1657 1036 1720 agnoscit
1061 1660 1172 1708 Ecclesia

210 1737 276 1783 velut
289 1734 412 1795 quoddam
423 1731 513 1779 dirime
529 1731 618 1778 mentis
635 1727 778 1791 uestigium.
795 1727 905 1788 Cumque
919 1729 980 1776 nihil
995 1728 1028 1776 sit
1043 1729 1072 1778 in
1093 1747 1171 1779 rerum

211 1813 299 1855 umora
312 1804 371 1858 reri,
387 1803 450 1863 quod
468 1800 587 1850 doctrinis
604 1799 722 1848 divinitus
743 1799 838 1847 traditis
853 1798 928 1847 iidem
948 1801 1062 1864 abroget,
1089 1805 1170 1850 multai

211 1890 266 1939 quae
281 1877 410 1937 adrogent.
422 1873 551 1934 omnisque
567 1873 642 1934 possit
656 1871 765 1918 inventio
780 1869 831 1918 veri
844 1872 874 1918 ad
892 1871 967 1918 licum
982 1872 1066 1934 ipsum
1083 1876 1122 1922 rel
1135 1889 1171 1922 eo·

214 1949 381 2014 gnoscendum
403 1945 441 1996 vel
457 1943 605 1993 laudandum
632 1943 769 2004 impellere,
782 1941 877 1990 idcirco
888 1941 1011 2003 quidquid
1023 1951 1129 1994 accedat
1144 1948 1171 1994 sd

212 2019 371 2070 scientiarum
385 2016 447 2065 lines
467 2016 633 2078 proterendos,
648 2015 772 2078 gaudente
793 2015 817 2062 et
834 2013 927 2062 libente
942 2013 1054 2064 Ecclesia
1076 2031 1173 2080 senrpm

213 2093 312 2142 accedet
338 2105 344 2138 :
369 2091 505 2150 cariemque
522 2087 638 2144 studiose,
661 2089 689 2133 ul
705 2086 776 2144 solet,
800 2087 863 2133 sicut
878 2085 938 2133 alias
961 2085 1121 2149 disciplinas,
1139 2091 1173 2136 ita

212 2167 268 2213 illas
285 2163 357 2211 etiam
374 2161 502 2210 lovebitac
513 2159 637 2220 provehet,
653 2170 709 2218 quae
725 2155 811 2218 positre
828 2160 885 2204 sunt
901 2155 927 2204 in
943 2157 1114 2215 explicatione
1134 2175 1175 2208 na-

212 2243 282 2286 turae.
301 2237 394 2294 tinibus
406 2235 431 2283 in
444 2233 540 2292 studiis,
558 2246 606 2280 non
621 2233 765 2280 adversatur
775 2229 887 2279 Ecclesia
895 2227 916 2278 si
929 2228 987 2290 quid
1011 2245 1085 2282 ruens
1102 2247 1176 2296 repe·

213 2311 273 2358 rerit
285 2309 340 2356 novi
359 2323 364 2355 :
380 2319 427 2354 non
443 2307 563 2368 repugnat
581 2304 640 2364 quin
654 2304 724 2362 plura
738 2307 880 2363 quaerantur
892 2302 921 2348 ad
941 2301 1018 2350 decus
1036 2305 1176 2352 commodi·

213 2387 337 2441 talemque
350 2378 405 2426 vitae
431 2379 528 2426 :immo
545 2375 639 2423 inertiae
660 2373 813 2434 desidiaeque
825 2371 934 2422 inimica.
954 2387 1108 2434 magnopere
1126 2377 1176 2423 ruh

213 2459 239 2501 ut
251 2451 376 2500 hominum
390 2447 489 2510 ingenia
505 2449 593 2494 uberes
608 2446 685 2493 lerant
699 2443 876 2493 exercitatione
895 2453 919 2494 et
934 2447 1035 2492 cultura
1051 2447 1151 2496 tructus
1171 2465 1176 2496 :

213 2525 373 2572 incitamenta
390 2521 483 2584 praehet
496 2521 525 2566 ad
539 2531 610 2566 omne
624 2531 701 2580 genus
712 2516 800 2564 artium
817 2520 889 2575 alque
900 2529 1000 2576 operam
1018 2531 1023 2564 :
1039 2517 1177 2579 currusque

213 2596 299 2642 hurum
314 2606 394 2642 rerum
411 2591 492 2639 studia
513 2591 542 2638 ad
561 2591 713 2637 honestatem
728 2587 881 2647 salutemque
895 2587 986 2634 virtute
1004 2600 1050 2634 sua
1061 2587 1176 2652 dirigens

213 2667 333 2715 inu-edire
346 2664 442 2720 nititur,
455 2662 587 2724 quominus
604 2673 617 2706 a
633 2660 682 2707 lieo
699 2657 821 2719 bonisque
835 2657 975 2706 coelestibus
990 2671 1036 2706 sua
1046 2657 1178 2710 homiuem

214 2735 377 2799 intelligentia
392 2732 596 2796 atqueindnstrin
611 2731 725 2779 delectat.

243 2809 290 2857 Sed
308 2811 358 2856 haec
380 2806 476 2854 tametsi
499 2803 571 2866 plena
590 2801 695 2850 rationis
710 2804 734 2850 et
748 2799 857 2858 consilii,
879 2799 953 2848 nimie
968 2803 1110 2862 probantur
1131 2805 1178 2853 hor

213 2883 332 2938 tempore,
349 2891 404 2925 cum
422 2876 532 2924 civitates
556 2887 604 2921 non
630 2872 703 2920 modo
722 2875 836 2919 recusant
853 2883 907 2918 sese
931 2871 961 2918 ad
977 2871 1123 2922 christianas
1137 2890 1179 2923 sa·

214 2949 315 3012 pientius
329 2949 420 2996 reterre
442 2947 554 3003 lormam,
571 2944 612 2992 sed
627 2943 703 2992 etiam
717 2941 830 2990 videntur
850 2940 959 3002 quotidie
978 2941 1082 3004 longios
1102 2945 1136 2992 ab
1151 2961 1180 2994 en

213 3021 277 3070 relic
290 3020 424 3067 discedere.
440 3043 471 3054 -
485 3015 649 3064 Nihilominus
670 3013 729 3076 quia
746 3013 771 3060 iu
794 3013 876 3061 luceru
888 3012 980 3074 prolata
1000 3013 1094 3063 veritas
1111 3017 1182 3066 solet

214 3107 258 3142 sua
279 3095 365 3153 sponte
378 3091 426 3136 late
451 3090 535 3146 liuere,
556 3087 731 3147 hominumque
748 3087 843 3132 mentes
865 3082 956 3130 sensim
974 3087 1124 3145 pervadere.
1145 3090 1182 3136 id-

214 3165 279 3212 circo
296 3163 345 3210 lios
360 3159 515 3209 couscientia
532 3157 632 3206 maximi
652 3155 849 3215 sanctissimique
865 3151 949 3208 oillcii,
964 3153 1012 3201 boc
1024 3159 1062 3203 est
1079 3166 1184 3218 aposto·

215 3236 270 3287 lica.
287 3247 336 3296 qua
348 3233 474 3294 fungimur
496 3232 626 3292 adgentes
644 3229 782 3280 universus,
800 3224 923 3287 legatione
941 3225 1053 3284 permoti,
1078 3241 1110 3275 ea
1122 3245 1183 3290 quae

214 3321 276 3356 vera
290 3309 355 3354 sunt.
370 3303 458 3356 libere.
475 3308 501 3349 ut
513 3302 645 3360 debemus,
663 3297 820 3359 eloquimur;
846 3309 896 3344 non
909 3296 972 3356 quod
996 3309 1044 3344 non
1060 3311 1184 3361 perspec-

215 3383 265 3428 tam
287 3379 420 3425 habeamus
438 3373 558 3421 rationem
577 3379 724 3432 temporum.
747 3373 789 3417 aut
814 3366 967 3428 repudianda
984 3367 1066 3416 aetatis
1084 3379 1185 3421 nosti-a

216 3451 321 3500 honesta
336 3451 408 3507 atque
426 3443 497 3492 utilia
517 3445 666 3491 incrementa
684 3445 805 3501 putemus,
823 3441 865 3486 scd
889 3437 951 3499 quod
965 3451 1047 3486 rerum
1065 3443 1185 3496 pubisce-

217 3533 271 3568 rum
280 3517 369 3566 tutiora
382 3517 413 3564 ab
423 3515 598 3562 offensionibus
606 3513 695 3560 itinera
708 3525 738 3558 ac
748 3509 857 3558 lirnrioru
864 3509 1023 3558 fundamenta
1032 3508 1166 3560 vellemus
1176 3531 1182 3564 :

217 3587 293 3651 idque
310 3585 427 3636 incolumi
443 3585 584 3646 populorum
600 3595 717 3642 germana
734 3581 848 3630 libertate
860 3591 868 3641 ;
882 3580 909 3629 in
932 3576 1079 3629 nominibus
1105 3583 1181 3634 enim
