2586 3988
195 192 235 253 sl
415 204 557 252 uernans
576 203 683 252 norma
708 205 792 252 cnara
812 205 959 254 maerin.
1016 268 1020 277 Ι

197 313 339 388 guantur.
352 305 383 370 Si
397 312 519 369 careant
528 305 575 368 his
584 305 811 369 conditionibus
823 306 997 370 authentica
1007 327 1071 372 non
1086 317 1172 390 sunt3

196 401 323 478 possunt
335 394 434 458 valere
447 402 549 458 tamen
564 414 619 477 pro
628 395 823 458 conscientia.

236 487 280 546 De
301 484 403 565 gratiis
424 487 441 546 a
461 486 492 546 S.
512 484 659 546 Pontiticc
677 485 830 547 concessis
843 485 1061 550 attestationem
1077 487 1175 553 lacere

198 579 323 656 possunt
336 590 373 634 ex
387 573 504 636 allicio:
522 577 552 636 1ο
568 572 741 635 Cardinales
756 573 866 654 quibus
881 573 911 634 id
929 573 1174 640 luerii'commis-

198 679 281 738 sum;
297 665 328 723 2⁰
343 661 444 742 Legati
459 669 489 724 ct
503 661 616 738 Nuntii,
633 662 745 724 Notarii
760 661 927 743 apostolici,
941 663 1056 727 Praelati
1071 683 1172 730 came·

197 749 283 826 rarii,
300 749 459 812 auditores
473 751 555 812 Sacri
570 749 673 812 Palatii
691 757 720 812 et
734 749 890 812 Secretarii
905 749 1071 815 litterarum
1085 773 1175 836 apos·

195 837 366 900 tolicarum.
382 838 521 903 Praleet.
533 837 566 901 S.
585 837 716 920 sulpitii
729 838 773 918 (n⁰
789 844 828 900 rt
842 839 874 900 in
889 837 960 917 line)
975 839 1026 902 ubi
1040 842 1174 905 citantur

197 925 350 988 Reiil'enst.
371 927 433 1005 (lib.
451 930 482 988 5.
497 927 542 998 tit.
558 931 609 1006 33,
625 927 687 1010 §R
704 937 737 990 n⁰
754 929 1174 1010 rra-rar),Fenaris,ve1-oo

201 1016 329 1078 Oracala
344 1015 417 1078 vives
430 1015 517 1078 uocis.

674 1125 704 1184 ll.

518 1249 553 1294 or
568 1247 726 1292 assumaris
740 1249 764 1292 s.
781 1248 868 1298 annis.

238 1379 289 1439 dl.
315 1373 406 1438 Modo
433 1373 565 1438 diximus
594 1375 669 1453 (48)
698 1374 771 1456 quid
798 1375 837 1438 sit
863 1373 1094 1457 intelligendum
1119 1395 1176 1459 per

199 1463 366 1548 Rescripta.
382 1465 503 1537 Ouaerit.
521 1469 552 1526 l⁰
566 1467 672 1528 Utrum
687 1464 747 1526 vim
761 1463 836 1544 legis
849 1463 1000 1528 habeant-‘l

196 1571 197 1582 ¹
238 1553 328 1634 Resp.
345 1552 497 1632 Rescripta
518 1553 579 1616 vim
601 1553 676 1633 legis
699 1551 809 1615 habere
828 1553 908 1614 inter
922 1563 1046 1636 portes;
1065 1553 1176 1616 dicitur

200 1641 278 1704 inter
291 1647 399 1722 partes.
417 1639 466 1702 Sic
479 1660 545 1723 cap.
562 1641 632 1704 ade
646 1641 754 1703 metuis
766 1641 969 1723 petitionibus,
984 1641 1175 1724 Rescriptum

200 1747 378 1792 concessum
392 1727 484 1792 actori
505 1737 537 1792 ut
551 1730 607 1792 sibi
619 1731 732 1810 iustitia
746 1729 816 1807 liat,
832 1731 1031 1812 appellatione
1041 1733 1174 1810 remota,

200 1818 290 1882 ctiam
313 1817 435 1900 prodest
455 1836 507 1880 reo
524 1827 656 1881 actorem
679 1819 915 1882 reconvenienti.
936 1818 997 1881 Sed
1014 1819 1074 1880 vim
1100 1819 1177 1901 logis

201 1906 377 1968 universalis
392 1924 454 1968 non
469 1907 605 1968 obtinent
623 1908 694 1988 quia
713 1925 775 1970 non
790 1907 926 1970 seruntur
942 1925 997 1989 pro
1015 1909 1076 1969 tota
1090 1925 1176 1969 corn·

201 1995 358 2071 munitate,
375 2013 431 2056 nec
445 1995 683 2076 promulgantur.
702 1995 786 2073 (Vide
800 1995 899 2057 adhuc
913 1995 990 2057 inira
1004 1997 1101 2068 Quaer.
1118 1997 1174 2078 δ”).

239 2087 291 2146 52.
314 2084 435 2156 Quaerit.
448 2088 478 2146 2⁰
494 2085 661 2166 Quotuplca
676 2084 713 2146 sit
726 2083 936 2166 Rescriptum?

241 2172 331 2255 Resp.
355 2177 384 2236 l⁰
398 2173 551 2256 Rescripta
573 2173 630 2234 alia
652 2179 722 2235 sunt
743 2179 844 2234 contra
869 2172 972 2255 lepore,
988 2173 1045 2234 alia
1062 2182 1177 2254 praeter

204 2259 307 2344 lepem,
322 2261 380 2328 alia
393 2261 546 2324 secordiam
562 2261 653 2342 tepeat
667 2281 679 2324 .·

243 2348 355 2413 Contra
371 2349 461 2433 lepem
477 2356 548 2413 sunt
561 2351 611 2412 illa
626 2349 737 2432 quibus
750 2348 926 2413 conceditur
946 2349 1058 2431 aliquid
1073 2357 1178 2413 contra

204 2457 382 2503 communes
406 2439 491 2521 juris
517 2439 655 2520 regulas,
676 2445 710 2501 ut
733 2438 767 2500 iit
790 2439 821 2501 in
853 2437 1129 2521 dispensationibus
1148 2447 1179 2501 et

205 2528 376 2610 privilegiis.
394 2533 513 2595 prater
531 2526 619 2608 tepora
640 2525 762 2609 quando
780 2525 890 2590 duntur
905 2545 960 2608 pro
981 2526 1017 2592 iis
1031 2545 1098 2608 quae
1109 2528 1179 2607 jure

204 2616 304 2678 decisa
315 2635 376 2678 non
391 2622 481 2693 sunt,
496 2621 530 2677 ut
543 2622 633 2693 sunt,
648 2634 675 2676 v.
692 2635 722 2696 g.
738 2615 843 2678 litterae
856 2613 1058 2677 beneficiales.
1072 2614 1179 2676 Seran-

205 2705 272 2766 dinn
286 2706 357 2768 verd
372 2704 463 2786 tepent
479 2710 566 2780 sunt,
577 2703 700 2786 quando
713 2701 921 2766 conceduntur
935 2703 971 2765 ad
985 2703 1061 2782 juris
1075 2703 1178 2765 obser-

208 2793 373 2867 vationem,
389 2812 417 2856 v.
440 2813 471 2873 g.
491 2794 516 2854 si
536 2793 617 2875 Papa
637 2792 799 2874 respondet
819 2791 857 2854 ad
876 2791 1129 2871 consultationes,
1142 2791 1178 2854 ·si

65 2899 71 2910 ·
124 2951 129 2960 ,
208 2881 323 2962 delegat
334 2881 471 2961 judices,
486 2889 544 2944 etc.

245 2966 336 3052 Resp.
357 2976 389 3032 2⁰
404 2969 556 3052 Rescripta
574 2968 748 3033 dividuntur
760 2970 793 3032 in
808 2969 961 3053 Rescripta
978 2968 1088 3052 pratia
1105 2973 1136 3031 ct
1148 2965 1181 3031 in

209 3059 364 3140 Rescripta
372 3059 528 3139 justitiae:

247 3149 401 3229 Rescripta
416 3148 518 3229 gratiae
531 3165 585 3210 seu
599 3147 636 3208 ad
654 3145 801 3210 beneficia
814 3145 956 3210 dicuntur
969 3164 1005 3209 ea
1024 3165 1092 3228 quar
1105 3145 1181 3209 dan-

210 3240 258 3300 mr
278 3235 316 3298 ad
336 3235 500 3298 obtinenda
514 3235 660 3298 beneficia
674 3237 874 3298 ecclesiastica
888 3238 929 3316 {ct
949 3243 1021 3298 tunc
1040 3234 1184 3298 dicuntur

210 3325 322 3386 litteras
336 3323 530 3405 beneficiales,
548 3323 687 3384 mandata
706 3324 863 3406 apostolica
876 3323 915 3386 dc
924 3321 1122 3406 procidendo,
1136 3323 1183 3387 vel

210 3413 318 3497 pratia
336 3415 556 3494 expectatiuae);
568 3411 614 3474 vel
637 3412 796 3475 conferunt
816 3411 938 3493 aliquod
953 3413 1004 3493 jus
1021 3411 1182 3494 operandi;

211 3509 244 3565 ut
256 3501 496 3582 dispensationes
509 3507 540 3564 et
557 3499 722 3585 privilegia.
738 3503 786 3579 (V.
804 3502 959 3581 Reiffenst,
974 3500 1027 3564 lib.
1043 3500 1136 3580 l,tit.
1153 3503 1183 3578 3.

16 3665 25 3672 ..
46 3665 55 3670 ,Ἴ
76 3665 89 3674 ,.
212 3598 245 3654 11⁰
259 3591 351 3674 932).
