2546 3992
180 289 237 352 lta
398 306 536 356 annulus
555 304 656 356 rorans
675 307 758 356 suars
779 307 929 356 eruantur.

180 407 372 467 constatcan.
385 411 415 484 ’1,
427 425 501 469 sess.
514 410 553 470 23
567 454 574 484 ,
587 407 680 470 Gonc.
690 406 837 484 Trident,
849 408 1012 490 multisque
1020 408 1158 471 aliismo·

180 494 576 559 numentistroditionisaD.
589 497 683 558 Bouix
702 496 1052 578 relatis,id.,p.35,etc.
1070 497 1158 560 Suffi-

177 585 236 646 ciat
246 586 519 650 htcannotareideo
526 585 748 646 ordinationem
758 585 974 648 Ischiraefuissc
981 585 1115 648 habitam
1124 595 1157 649 ut

179 677 293 740 nullam
312 675 477 741 edonoilio
506 674 710 736 Alexandrino
731 680 762 736 et
788 676 805 736 a
829 676 860 737 S.
885 674 1064 751 Athanasio,
1083 677 1157 757 quia

178 767 333 850 presbyter
342 767 438 829 lueret
448 765 604 825 ordinatus
617 763 782 826 aCollutho
795 764 846 845 qui
857 764 1013 846 presbyter
1022 767 1154 838 tantbm,

177 872 208 915 se
236 856 362 918 finxerat
385 855 578 935 Episcopum.
598 855 671 914 ltem
688 855 718 913 S.
739 851 890 933 chrysost.
907 851 1030 930 (Hamil.
1050 857 1099 930 11,
1123 853 1154 916 in

181 943 278 1025 Epist.
295 946 335 1006 od
357 944 383 1007 Τ
380 942 517 1016 dimoti,
534 961 567 1002 no
585 939 617 1020 l)
632 940 670 1003 de
684 941 840 1023 Episcopis
855 941 896 1004 sic
910 941 1014 1004 habet:
1035 943 1156 1004 «0161-

176 1054 190 1092 a
216 1035 337 1097 natione
356 1034 420 1096 solat
440 1030 610 1113 superiores
624 1035 696 1092 sunt
709 1049 717 1090 τ
732 1037 823 1113 utque
843 1030 916 1094 hino
933 1032 1052 1094 tantum
1072 1039 1156 1114 patet

176 1145 191 1181 n
216 1141 268 1184 cos
279 1122 460 1206 presbyteris
474 1127 626 1202 preestare.
642 1142 656 1178 a

215 1212 318 1284 Quoad
326 1209 697 1292 jurisdictionem,patebit
707 1208 888 1273 exdiccndis
898 1211 1155 1293 inquaestionilus

175 1301 441 1384 subsequentibus
454 1298 619 1380 Episcopos
634 1298 726 1360 luisse
740 1298 851 1381 pariter
865 1319 880 1361 a
901 1299 1017 1364 Christo
1034 1301 1155 1364 institu-

175 1397 221 1452 tos
243 1397 276 1452 ut
294 1390 480 1472 simplicibus
498 1387 680 1470 presbyteris
702 1387 819 1451 clericis
839 1405 875 1450 ac
895 1389 979 1452 laicis
1000 1389 1154 1454 ordinarie

174 1489 346 1562 preessent.

214 1573 281 1632 862.
308 1568 430 1643 Quaerit.
446 1569 480 1630 3ο
494 1569 542 1628 An
556 1569 586 1628 et
601 1570 750 1647 quatenus
763 1565 905 1650 Episcopi
923 1567 984 1645 sint
997 1568 1152 1650 Apostolo

174 1676 242 1721 rum
257 1656 477 1721 Successores‘l

212 1749 302 1830 Hesp.
321 1753 351 1809 1ο
365 1749 487 1808 Certum
510 1763 576 1807 esso
599 1745 765 1826 Episcopus
789 1745 820 1807 in
842 1745 944 1826 aliquo
968 1764 1058 1809 sensu
1081 1749 1153 1812 verb

175 1837 325 1917 Apostolis
344 1835 537 1899 successisse:
554 1841 671 1895 constat
684 1853 720 1896 ex
736 1853 808 1896 sess.
825 1837 882 1912 23,
897 1853 965 1917 cap.
980 1839 1018 1913 t,
1033 1837 1148 1900 Gonoil.

172 1925 318 2000 Trident,
335 1933 365 1986 et
378 1923 515 2006 pluribus
531 1923 596 1984 aliis
615 1923 817 2003 argumentis,
835 1940 884 2008 ap.
911 1925 948 1985 D.
972 1924 1067 1987 Bouix
1082 1927 1147 2005 (ld,

174 2033 203 2096 p.
213 2015 263 2092 ll)
278 2015 414 2076 evolutis.

211 2105 280 2166 863.
304 2105 394 2184 Resp.
415 2105 447 2164 2⁰
467 2103 506 2167 Ut
529 2101 710 2182 intelligatur
733 2119 868 2183 quonam
890 2119 982 2166 sensu
1011 2104 1144 2187 Episcod

173 2193 324 2276 Apostolis
346 2191 564 2266 successerint,
587 2190 808 2252 observandum
830 2195 876 2253 est
896 2190 1031 2272 singulos
1052 2197 1149 2276 Apos-

170 2283 247 2344 tolos
269 2281 408 2344 habuisse
421 2284 439 2342 a
452 2280 570 2342 Christo
592 2297 663 2341 cum
685 2279 874 2359 plenitudine
889 2280 1044 2344 sacerdotii
1056 2285 1149 2362 J'uris-

171 2371 332 2434 dictionem
353 2370 573 2444 universalem,
595 2369 684 2429 Petro
704 2375 805 2430 tamen
829 2376 974 2450 tanquam
994 2373 1149 2436 Suueriori

171 2463 347 2542 subjectam.
370 2460 463 2522 lllulta
477 2465 631 2520 momenta
645 2457 676 2517 in
690 2457 898 2538 probationem
913 2458 1010 2521 afferri
1025 2471 1151 2542 present

172 2556 209 2628 (v.
224 2551 336 2627 Bouix,
346 2547 453 2628 ibid.);
470 2545 597 2610 sufficiat
606 2545 736 2626 allegare
745 2545 835 2608 verba
845 2547 876 2608 S.
888 2547 992 2610 ltlatth.
1002 2550 1079 2631 (cap.
1090 2555 1147 2630 t8,

170 2659 197 2701 u.
210 2643 275 2718 l8):
293 2661 308 2698 n
324 2641 421 2700 Arnen
435 2636 503 2700 dico
517 2635 601 2698 vobis
615 2653 817 2715 quaecumque
831 2635 1032 2716 alligaveritis,
1047 2647 1146 2715 neto.;

171 2728 259 2790 rerba
280 2729 311 2790 S.
331 2726 423 2790 Marci
446 2726 523 2808 (cap.
550 2727 605 2800 16,
621 2743 649 2785 ν.
676 2724 742 2800 l5):
770 2744 785 2780 n
800 2725 914 2786 Euntes
936 2725 968 2788 in
995 2727 1149 2791 mundum

170 2841 184 2878 a
210 2819 400 2892 universum,
416 2815 574 2898 praedicate
584 2812 668 2875 omni
677 2818 836 2890 creeturae;
847 2835 862 2874 n
875 2820 905 2876 et
918 2814 1043 2898 insuper
1056 2817 1148 2880 rerba

170 2909 201 2970 S.
217 2911 326 2970 Joann.
343 2907 420 2986 (rap.
444 2907 496 2974 20,
512 2923 541 2966 v.
562 2905 626 2982 Et),
646 2907 677 2964 et
694 2903 726 2963 S.
747 2902 850 2964 Mutth.
868 2905 945 2986 (cap.
961 2907 1015 2980 28,
1033 2925 1061 2968 r.
1083 2911 1144 2988 18).

173 3021 229 3055 -n
249 2997 363 3057 Omnes
380 2993 531 3075 Apostoli,
548 2991 646 3072 inquit
660 2993 788 3070 Suarez,
803 2996 1014 3072 acceperuntd
1030 2993 1147 3058 Christo

170 3109 184 3145 a
208 3081 1148 3162 Dominojurisdictionemetspiritualcrnpotestatemintotam

170 3197 183 3235 a
208 3174 373 3237 Ecclesiam
400 3178 430 3234 et
449 3171 480 3232 in
504 3169 601 3231 mlum
623 3169 740 3230 orbem.
768 3169 927 3232 Conclusio
947 3178 992 3233 est
1011 3179 1093 3234 certa
1114 3182 1147 3236 ot

168 3288 183 3324 a
208 3263 391 3327 communis.
407 3283 423 3320 a
440 3259 555 3340 (Troet.
570 3257 606 3320 de
620 3257 717 3336 Fide,
728 3265 804 3338 part.
818 3264 846 3337 l,
861 3259 939 3341 disp.
953 3265 1010 3336 to,
1026 3269 1098 3323 sect.
1113 3267 1142 3341 1,

170 3357 203 3414 n⁰
216 3353 257 3434 1.)
271 3351 346 3412 Vide
360 3351 450 3412 etiam
465 3348 621 3424 Bellarm.,
646 3345 689 3407 De
712 3345 842 3409 dentone
858 3349 1020 3432 Pontifice,
1036 3349 1087 3412 lib.
1104 3355 1142 3431 1,

169 3462 234 3525 cup.
251 3445 300 3502 12.
318 3441 383 3502 Hoc
396 3443 582 3521 praenotato:

207 3535 277 3594 861.
302 3527 471 3592 Dicendum
486 3534 530 3588 est
546 3530 576 3587 p
589 3527 701 3587 Praeter
714 3527 887 3590 Romanum
901 3527 1097 3602 Pontificem,
1113 3538 1147 3596 et

171 3621 350 3702 Episcopum
375 3615 701 3696 Hierosolymitanum,
725 3615 843 3676 nullum
864 3617 1049 3699 Episcopum
1076 3637 1144 3685 esse

169 3711 378 3771 Successorem
402 3704 631 3788 Apostolorum,
655 3721 692 3766 eo
719 3721 808 3767 sensu
831 3706 913 3791 quod
933 3707 1026 3770 Sedes
1048 3727 1145 3790 quam
