2570 4006
512 185 598 234 tinen
620 183 736 232 reiron.
849 155 853 159 ’

560 340 641 401 litt.
664 339 699 401 ll.

502 483 539 530 nc
560 481 747 528 rnrnerrnns.

176 610 246 670 825.
269 606 325 679 Qui
353 603 433 688 apud
457 605 577 666 Graecos
590 600 749 664 Eccrcln'¹
773 598 845 665 dicti
863 607 948 678 sunt,
963 601 1109 662 Primetes

1 734 6 745 ·
42 773 44 777 Ι
138 695 217 776 apud
232 697 353 756 Latinos
366 693 461 756 vocati
476 691 571 755 luere.
817 747 826 759 ‚

182 808 196 842 r
217 787 260 847 De
273 784 397 864 antique
416 783 583 844 Primatum
601 779 746 862 dignitate
764 797 800 844 ao
818 784 979 862 potestate,
1000 795 1111 858 magna

138 895 153 932 n
178 872 255 934 inter
268 872 399 935 eruditos
412 871 575 953 disputatio
588 875 643 932 est.
664 871 741 932 Sunt
754 869 838 931 enim
851 868 904 950 qui
918 886 971 930 eos
982 865 1110 930 Patriar-

138 985 153 1019 o
178 961 266 1038 obas,
282 968 353 1024 sunt
365 961 417 1043 qui
432 957 734 1042 Metropolitesluisse
744 964 866 1040 putant,
881 965 911 1020 et
924 964 994 1020 sunt
1006 956 1059 1038 qui
1073 955 1112 1018 ab

138 1057 154 1108 'n
179 1051 313 1131 utrisque
333 1047 646 1130 distinguuntuVidc
659 1047 840 1128 quibusnam
855 1045 1060 1125 monumentis
1070 1044 1113 1106 ni·

139 1147 241 1202 tantur
251 1139 309 1200 iltae
318 1140 406 1202 varie
421 1138 580 1221 opiniones
590 1155 639 1218 ap.
652 1135 755 1198 Devoti
765 1185 773 1207 ,
784 1137 836 1198 lib.
855 1141 883 1213 l,
894 1137 938 1200 tit.
952 1139 988 1214 3,
1001 1141 1069 1198 sect.
1080 1138 1110 1207 3,

139 1227 157 1308 ξ
174 1233 233 1302 38,
249 1234 319 1289 nota
334 1231 367 1304 l;
384 1234 472 1309 ctap.
489 1227 601 1296 Bonis,
619 1226 662 1288 Dc
675 1225 840 1308 Episcopo,
856 1231 930 1288 tom.
947 1229 977 1302 l,
991 1244 1023 1306 p.
1040 1227 1110 1286 tar.

184 1340 198 1375 c
217 1319 254 1378 ln
271 1315 371 1378 Africa
384 1323 428 1378 tot
444 1323 531 1378 erant
543 1316 689 1377 Primates
703 1321 776 1396 quot
790 1314 972 1377 Provinciae:
988 1314 1113 1375 Provin-

140 1429 155 1465 o
180 1406 259 1469 ciam
273 1403 402 1486 quisque
425 1423 511 1468 suam
525 1403 772 1480 administrabat3
788 1402 1014 1485 Carthaginensi
1030 1420 1112 1483 pare·

140 1519 155 1554 n
180 1494 252 1556 bant
265 1511 383 1556 omnes.
399 1493 523 1557 Illorum
535 1494 604 1574 jura
617 1493 723 1555 eadem
737 1491 859 1556 luerunt
869 1511 938 1574 quae
947 1490 1028 1573 apud
1041 1490 1114 1554 alies

140 1607 154 1643 r
180 1590 285 1665 gentes
306 1583 657 1666 metropolitanorumzr
679 1600 749 1645 oum
770 1585 925 1644 ettamen
947 1579 1116 1643 differentia

141 1673 222 1756 qnod
238 1673 262 1734 is
277 1673 393 1735 Primos
407 1691 527 1754 semper
541 1671 706 1734 habebatur
719 1671 772 1753 qui
782 1678 845 1734 erat
853 1670 1005 1753 antiquior
1018 1672 1049 1732 in
1061 1671 1116 1731 sua

140 1763 269 1843 quisque
284 1761 460 1838 Provincia,
476 1762 629 1844 antiquior
641 1761 783 1844 equidem
798 1779 860 1823 non
874 1769 959 1823 aetate
972 1759 1025 1823 sed
1039 1757 1118 1821 ordi·

142 1851 273 1914 natione.
288 1850 364 1912 Vide
378 1851 526 1930 Ferraris,
538 1869 568 1912 vo
578 1851 749 1927 primatus,
762 1853 824 1913 n⁰2
834 1869 843 1927 ;
854 1885 893 1897 -
902 1849 990 1913 Gard.
1003 1847 1114 1932 Soglia,

141 1941 215 2004 loct.
225 1939 292 2022 jor.
303 1939 390 2022 pub,
405 1939 424 2020 ᾖ
438 1941 487 2002 lo.

181 2031 252 2092 826.
276 2031 333 2090 Per
351 2030 500 2090 Primates
517 2027 609 2089 hodie
627 2028 828 2091 communiter
841 2027 1050 2108 intelliguntur
1064 2026 1117 2108 qui

142 2124 276 2200 praesunt
291 2117 426 2198 pluribus
440 2115 653 2196 Metropolitis,
666 2118 734 2196 jure
748 2123 850 2179 tamen
860 2115 929 2179 Sedi
940 2115 1117 2196 allixo(nem

142 2208 167 2268 si
192 2223 328 2288 personae
350 2206 467 2266 tantirm
496 2203 556 2266 hoc
569 2204 620 2283 jus
636 2210 838 2286 competeret,
853 2212 941 2286 prout
955 2205 1028 2268 olim
1040 2224 1069 2268 v.
1085 2224 1115 2285 g.

142 2294 332 2376 competebat
344 2292 502 2376 Episcopis
517 2293 740 2354 arelatensibus
753 2293 784 2355 in
799 2299 893 2355 totam
904 2293 1040 2368 Galliam,
1055 2310 1117 2354 non

143 2383 265 2447 Primos
294 2383 362 2446 telis
395 2389 474 2446 esset
499 2381 665 2460 dicendus,
691 2381 743 2444 sed
764 2381 898 2444 Vicat-ier
923 2380 1116 2464 Apostolicos.

143 2473 255 2547 Bouix,
272 2472 317 2536 oe
336 2471 494 2554 Episcopo.
512 2479 534 2534 t.
552 2475 582 2550 l,
598 2492 629 2554 p.
644 2473 727 2550 435).
748 2469 952 2550 «Hujusmodi
971 2477 1042 2533 sunt
1060 2471 1121 2531 An·

141 2585 157 2623 e
181 2563 288 2625 tistites
303 2561 513 2640 Bituricensis,
527 2561 769 2642 Lugdunensis',
785 2561 958 2634 Toletanus,
969 2559 1120 2622 Salisbur-·

142 2676 157 2713 r>
182 2653 283 2734 gensis
304 2650 517 2733 (saltatore-9),
538 2652 683 2728 Pie-nnus,
708 2650 819 2733 aliique
838 2649 949 2732 quibus
970 2667 1119 2712 concesse

142 2765 158 2802 e
182 2741 397 2823 appellationes
411 2747 439 2802 et
451 2741 502 2819 jus
515 2739 717 2802 anteferendae
726 2739 825 2802 crucis
834 2738 948 2802 datum.
963 2737 1022 2801 Sed
1031 2737 1120 2800 hodie

142 2853 159 2892 r
181 2832 299 2892 tantum
313 2829 436 2891 Primati
452 2829 646 2911 lugdunensi
661 2828 801 2892 relictum
819 2835 864 2892 est
874 2829 926 2908 jus
943 2827 1119 2912 appellatio·

174 2967 182 2996 ⁸
202 2981 212 3011 r
225 2963 286 3014 Troe
299 2962 323 3013 in
334 2963 443 3014 Ecclesia
457 2963 574 3016 Orientali
585 2963 688 3016 Exarchi
701 2965 862 3018 exstiterunt:
877 2965 1026 3032 Ephesrnus,
1039 2965 1118 3018 llere-

146 3054 157 3085 ι
175 3035 279 3086 cluensis
288 3042 312 3085 et
320 3035 484 3086 cesariensis.
484 3036 588 3118 Εἰπὲ
601 3035 683 3086 omnia
693 3036 889 3088 Petriercbarum
903 3037 959 3104 jura
973 3037 1121 3089 exercebant

145 3106 248 3174 opaulb
265 3107 365 3172 quidem
384 3107 529 3158 Patriarcms
553 3106 698 3170 inferiores,
721 3107 882 3176 Metropolitie
901 3115 983 3160 umen
998 3109 1120 3172 llipnitrle

145 3197 156 3228 ι
174 3177 376 3244 eriperiores3ced
386 3179 533 3245 jamdudum
544 3177 698 3230 interierunt.
710 3179 744 3232 Ex
756 3195 842 3231 eorum
856 3179 998 3246 provinciis,
1011 3181 1118 3231 Patriae-

146 3249 259 3300 relictus
273 3248 549 3316 Constantinopolitano
563 3249 679 3302 Ecclesia
702 3258 799 3302 creatus
823 3251 877 3303 l'uit.
899 3271 911 3300 a
930 3251 1001 3306 Cerd.
1020 3251 1117 3318 Soglie,

143 3323 202 3374 lost.
211 3323 265 3386 jor.
276 3322 355 3388 publ,
370 3320 382 3389 R
395 3323 434 3372 td.

175 3395 185 3424 ¹
201 3394 308 3444 Praeerat
325 3391 459 3444 Provinciis
477 3393 651 3460 lugdunensi,
667 3394 805 3448 Turonensi
835 3401 861 3448 et
879 3393 1033 3456 Senonensiz
1052 3394 1120 3460 quod

143 3463 183 3532 jus
195 3479 339 3516 conoessum
353 3463 390 3514 vel
408 3463 518 3530 agnitum
532 3464 578 3516 luit
593 3466 606 3516 l
620 3465 646 3517 S.
660 3467 778 3532 Gregorio
797 3467 836 3518 vlt
848 3467 953 3530 (Andre,
966 3479 994 3516 v⁰
1006 3466 1120 3532 Primatb

145 3534 248 3596 Quinam
261 3535 352 3587 luerint
364 3533 408 3586 alii
424 3535 544 3588 Primctee
559 3537 583 3588 in
597 3537 687 3600 Gallia,
703 3553 759 3606 qun
773 3538 874 3590 illorum
886 3537 1041 3605 jurisdictio,
1058 3535 1122 3586 limt-

145 3610 191 3667 tes,
205 3612 262 3669 etc,
274 3605 330 3658 vide
342 3607 407 3672 apud
420 3607 535 3674 bequeux
545 3646 551 3666 ‚
563 3620 592 3657 no
603 3607 660 3660 231.
