2546 3992
219 239 277 304 dlti
437 217 698 302 uanuanfronus
717 253 799 300 sonis
818 249 968 300 canonici.

218 374 233 411 c
257 352 414 415 emerserit
426 369 515 434 grave
527 351 672 430 dubium,
688 349 779 430 nihil,
795 347 967 413 inconsulto
978 349 1012 412 S.
1031 345 1200 422 Pontifice,

218 463 233 502 a
258 461 370 505 novum
390 449 441 505 aut
462 441 493 503 in
513 442 637 506 ccclesia
654 441 801 504 hactenus
823 438 1000 501 inusitatum
1022 443 1067 499 est
1087 435 1203 498 decer·

218 551 234 594 ι
259 531 412 606 nendum,
433 538 516 595 textu
539 549 717 614 expresso...
742 528 868 592 Concilii
888 526 971 589 lrid.
994 527 1062 589 loco
1086 525 1199 600 citato,

218 643 234 682 n
259 619 291 682 in
306 619 376 684 lina.
400 643 416 680 u
434 622 586 698 Ferraris,
602 619 656 696 ia,
677 627 710 681 n⁰
725 623 782 695 57,
802 623 861 680 cto.
877 616 952 680 Vide
973 615 1064 678 etiam
1081 614 1199 676 Bened.

220 711 297 787 XIV,
310 710 355 773 Dc
369 709 507 792 Beatific.
523 718 553 772 et
567 709 678 774 Canon.
694 706 768 783 SS.,
784 706 876 782 lib.l,
887 723 957 786 pars
970 701 998 774 2.
1015 723 1044 766 o.
1060 707 1160 779 2l,n⁰
1169 709 1200 766 8.

261 803 348 862 1029.
374 801 411 864 Ut
420 805 535 862 constet
545 799 583 861 de
596 798 750 860 identitate
760 797 813 858 SS.
829 796 998 877 Corporum
1008 793 1203 874 etReliquia·

221 907 306 964 rum,
320 906 380 950 non
388 888 551 966 requiritur
560 887 709 950 evidentia
720 883 922 967 metaphysica
932 889 985 945 aut
993 882 1133 965 physica,
1152 883 1201 943 in-

219 977 292 1058 quid
308 976 420 1038 Bened.
436 978 501 1038 XIV
516 976 582 1056 (ila,
597 986 630 1038 n⁰
640 979 680 1057 9),
697 973 749 1037 sed
760 975 881 1036 moralis
891 971 1009 1048 sufficit,
1025 972 1086 1034 sire
1097 989 1202 1054 quaes-

220 1067 261 1126 tio
275 1065 313 1126 sit
326 1084 427 1126 coram
443 1065 615 1140 ordinario,
630 1065 690 1128 sive
704 1081 807 1127 coram
819 1064 910 1125 Sacra
928 1064 1108 1144 congregat.
1133 1080 1140 1122 :
1160 1062 1201 1122 ita

222 1153 1203 1238 Suar.‚Sanchez,etc.;quamuismaj0rrequiraturooramS.Con-

222 1263 305 1326 greg.
334 1246 407 1323 itit,
436 1264 472 1309 eo
499 1246 580 1327 qudd
611 1243 780 1326 apostolica
805 1242 980 1325 approbatio
1008 1241 1044 1302 sit
1074 1241 1201 1321 majoris

223 1335 367 1396 momenti
380 1337 472 1416 quam
488 1335 663 1416 approbatio
674 1333 859 1416 Episcopalis
871 1331 967 1413 (idid).
983 1333 1050 1393 Non
1061 1327 1200 1393 sufficere

223 1432 323 1486 autem
346 1425 436 1488 unius
456 1425 660 1486 testimonium
683 1423 721 1486 ad
742 1422 929 1485 statuendam
948 1421 1030 1482 illam
1051 1421 1199 1482 morulam

223 1514 420 1592 evidentiam,
445 1515 596 1577 concludit
620 1513 731 1576 Bened.
757 1513 842 1589 XIV,
872 1529 908 1574 ex
934 1529 996 1574 uno
1022 1509 1145 1573 decreto
1165 1513 1196 1572 S.

224 1604 318 1682 Cong.
336 1603 394 1664 Rit.
413 1607 448 1666 13
460 1603 516 1682 jul.
534 1606 611 1665 troo
625 1601 689 1682 (ld,
705 1621 733 1665 o.
749 1605 806 1676 25,
823 1612 857 1664 n⁰
871 1604 911 1682 l).

265 1695 351 1753 1030.
367 1693 487 1763 Orraarit.
508 1697 539 1754 2⁰
555 1695 623 1769 An,
643 1691 811 1754 inconsulta
832 1689 909 1753 Sede
928 1688 1115 1774 apostolica.
1131 1687 1197 1752 fieri

224 1780 338 1860 possint
351 1781 558 1841 translationes
571 1781 777 1862 Reliquiarum
792 1779 979 1861 insignium?

263 1867 343 1928 Νοία
361 1867 440 1948 quod
456 1868 600 1950 Reliquiae
618 1870 752 1950 insignes
770 1871 830 1931 sint
848 1887 957 1951 corpus
974 1869 1128 1952 integrum
1145 1873 1197 1931 aut

224 1973 333 2036 magna
354 1975 422 2038 pars
441 1957 574 2035 ejusdem
588 2007 595 2036 ,
611 1977 721 2040 nempe
735 1965 840 2040 caput,
857 1957 1013 2021 brachium
1028 1959 1196 2039 integrum,

223 2064 307 2122 orus,
321 2051 372 2108 aut
386 2065 454 2128 pars
466 2047 514 2108 illa
528 2047 662 2128 corporis
675 2048 705 2108 in
721 2051 781 2128 qut
795 2049 906 2128 Martyr
916 2065 1021 2128 passus
1035 2053 1094 2124 est,
1106 2047 1197 2109 modd

224 2135 262 2199 sit
272 2136 386 2218 integra
396 2142 427 2198 et
440 2155 502 2198 non
518 2155 618 2218 parva.
633 2136 720 2201 Unde
735 2155 796 2198 non
811 2143 882 2199 sunt
894 2135 1038 2220 Reliquias
1051 2135 1183 2217 insignes

225 2245 343 2304 manus,
355 2245 407 2308 pes
418 2233 469 2289 aut
483 2225 562 2288 aliud
573 2225 716 2301 frustum,
729 2226 786 2288 nisi
796 2227 826 2287 in
840 2227 902 2288 istis
912 2245 1017 2308 passus
1026 2226 1065 2289 sit
1074 2227 1192 2308 Martyr.

224 2318 263 2380 Ut
279 2335 349 2380 crus
364 2323 394 2378 et
409 2315 564 2379 brachium
583 2323 762 2378 censeantur
780 2315 912 2397 integra,
932 2316 1043 2378 debent
1059 2325 1195 2380 constare

224 2405 345 2472 duobus
371 2407 489 2470 ossibus
521 2405 691 2488 praecipuis.
713 2405 787 2467 Vide
815 2404 902 2467 Sacr.
931 2406 1053 2488 Liturp.
1083 2405 1196 2486 (lierdt)

225 2503 299 2560 tom.
315 2501 351 2575 2,
367 2515 436 2579 pars
449 2499 488 2572 3,
505 2512 537 2557 n·
551 2499 599 2568 21,
621 2497 665 2555 Vl.
682 2495 782 2556 -His
796 2495 949 2577 explicatis
966 2515 973 2556 ε

265 2594 353 2673 ltesp.
372 2595 402 2653 l⁰
422 2593 552 2672 Corpora
570 2591 623 2651 SS.
645 2595 675 2650 et
689 2589 822 2670 insignes
842 2609 948 2653 orcum
969 2591 1115 2674 Reliquiae
1134 2611 1195 2656 non

225 2687 352 2763 possunt
373 2679 525 2742 transferri
557 2675 595 2740 de
618 2677 743 2741 ecclesia
762 2679 800 2740 ad
828 2680 1003 2758 ecelesiam,
1029 2683 1195 2746 inconsulta

226 2769 302 2831 Sede
318 2769 496 2850 apostolica.
513 2770 556 2830 lta
569 2768 682 2830 Bened.
699 2770 763 2830 XIV
780 2767 836 2846 (lle
851 2769 989 2850 Bectifio.
1005 2779 1035 2832 ct
1056 2769 1193 2836 Cononis.

225 2857 304 2927 SS.,
323 2856 375 2918 lib.
389 2863 419 2934 l,
437 2875 506 2938 pars
520 2861 553 2932 2,
571 2875 636 2938 cap.
653 2861 702 2933 22,
720 2856 760 2918 η’·
778 2859 899 2939 ll-2ll),
914 2861 966 2940 qui
981 2859 1066 2922 affert
1079 2862 1193 2926 Declar.

227 2947 258 3010 S.
275 2947 385 3027 Congu.
402 2947 493 3008 Cone.
510 2945 728 3028 inquadioitur
744 2967 751 3008 :
767 2948 1195 3033 «Sanctissimus..·respondit

226 3058 242 3096 a
266 3034 476 3097 transferentes
484 3053 544 3097 non
555 3054 620 3098 esse
633 3038 922 3113 excommunicatam
933 3039 986 3101 sed
998 3045 1097 3102 umen
1109 3041 1194 3105 hodio

227 3147 242 3186 a
266 3141 302 3186 ex
323 3124 415 3205 stylo,
430 3125 521 3185 talem
541 3125 767 3186 translationem
786 3144 847 3188 non
865 3145 931 3190 esse
948 3127 1133 3208 taciendam,
1149 3132 1193 3193 in-

227 3235 242 3274 u
266 3213 402 3274 consulta
416 3211 493 3274 Sede
504 3214 684 3294 apostolica.
701 3215 824 3278 »Secus
834 3223 934 3279 tamen
949 3218 1083 3281 sentiunt
1096 3219 1194 3302 plures

228 3301 383 3366 abeodem
400 3301 511 3363 Bened.
527 3305 592 3364 xlv
613 3303 707 3382 citati,
724 3305 885 3384 Fagnanus
898 3309 1025 3390 nempe,
1042 3309 1190 3394 Pirrhiug,

227 3393 379 3469 Delbene,
399 3398 471 3468 etc,
490 3392 542 3474 qui
556 3393 661 3455 dicunt
682 3393 713 3455 id
733 3394 796 3456 lieri
812 3414 899 3478 posse
919 3399 1093 3464 auctoritate
1111 3402 1191 3484 Epis·

227 3481 1189 3568 copi,pirardoassensucapiruti;secusparitersenntsteinensi,

228 3567 279 3630 lib.
290 3573 320 3644 3,
330 3570 372 3630 tit.
381 3572 430 3644 43,
441 3578 473 3628 η’
482 3572 529 3636 32,
543 3569 595 3648 qui
608 3568 638 3627 in
649 3569 1044 3654 probationemallegatoan.
1054 3575 1188 3658 Corpora,

230 3655 264 3714 de
285 3658 447 3730 t'oacecr..,
469 3655 537 3714 dist.
560 3659 592 3730 l,
612 3663 776 3718 extractum
801 3677 837 3719 ex
857 3662 988 3722 Concilio
1006 3665 1188 3744 lloguutino.
