2578 4008
494 285 581 334 arasa
600 283 723 340 narnus:
1035 277 1093 341 355

71 418 78 431 -·
161 387 194 446 20
211 381 377 447 infallibilia
397 389 441 446 est
458 386 539 466 Papa
560 386 594 450 ia
617 383 848 450 canonizatione
867 385 1044 449 Sanctorum
1065 399 1095 453 et

70 478 80 523 Γ
142 473 338 556 pprobatione
352 472 500 536 Ordinum
523 474 733 556 religiosorum
754 495 761 535 ε
782 475 848 538 haec
871 476 953 536 enim
973 475 1034 540 duo
1057 477 1093 541 ad

59 594 66 619 ;
128 598 155 624 .
172 562 347 624 Pontificem
367 561 536 644 specialiter
556 564 717 644 pertinent.
745 563 841 626 Porro
866 563 1029 627 infallibilis
1051 573 1095 630 est

50 650 88 719 ἰὴ
125 651 256 716 Ecclesia
279 651 310 712 in
333 652 450 713 Sanctis
473 651 686 714 canonizandis
713 659 743 714 et
755 652 962 732 Religionibus
986 672 1094 736 appro-

125 739 240 818 bandis,
259 746 291 802 ut
304 739 527 803 demonstratur
541 741 572 802 in
598 741 737 803 Tractatu
759 741 793 804 de
810 739 954 804 Ecclesia.
972 744 1051 823 Ergo
1068 751 1096 807 et

47 832 54 903 ξ’
124 829 204 913 Papa
217 835 263 891 est
280 829 370 892 etiam
391 831 423 891 in
441 829 488 892 his
505 829 624 892 duobus
649 830 823 894 infallibilis.
843 865 883 877 -
896 831 1001 904 Quoad
1021 832 1096 894 facta

64 994 67 997 ¹
125 916 312 1001 dogmatica,
327 918 395 982 vide
407 918 586 1000 Theologcs.

68 1028 73 1047 ²
163 1035 234 1094 688.
258 1029 458 1094 corollarium
485 1031 549 1093 III.
571 1066 611 1077 -
639 1035 794 1096 Romanus
828 1033 966 1096 Pontifex
1001 1037 1099 1116 potest

126 1118 193 1270 frltloi
209 1119 328 1182 decreta
341 1119 430 1184 edere
450 1126 480 1183 ct
493 1120 624 1184 condere
637 1121 719 1204 leges
733 1141 802 1204 quae
819 1130 945 1186 cunctos
965 1123 1099 1205 obligent

126 1228 141 1271 c
154 1210 316 1272 uastianos.

168 1322 238 1383 Hmc
252 1320 417 1404 propositio
429 1320 586 1384 manifeste
601 1320 667 1384 lluit
680 1321 770 1383 exhls
783 1321 903 1384 duobus
916 1323 1072 1406 principiis
1089 1345 1096 1387 :

127 1409 248 1491 t⁰qucd
258 1413 337 1492 Papa
346 1409 453 1472 habeat
463 1413 628 1472 Primatum
636 1411 851 1490 jurisdictionis
861 1412 1099 1476 inuniversalem

127 1500 309 1575 Ecclesiam
333 1503 366 1561 2⁰
388 1499 469 1580 quiid
488 1501 525 1561 sit
541 1507 679 1562 centrum
702 1500 927 1564 communionis
947 1502 1098 1566 catholicae

129 1590 331 1652 necessarlum
352 1608 360 1651 ε
381 1589 452 1652 huic
468 1588 631 1652 conformis
651 1595 697 1651 est
716 1589 816 1671 praxis
837 1589 978 1654 Ecclesiae
999 1610 1017 1653 a
1037 1594 1099 1654 suis

128 1678 299 1761 primordiis
312 1697 408 1760 usque
423 1677 461 1740 ad
475 1677 555 1740 diem
570 1677 764 1756 hodiernam,
780 1685 814 1740 ut
826 1685 942 1741 constat
955 1683 1099 1762 perpetui

127 1769 266 1830 ornantium
281 1769 460 1831 saeculorum
481 1767 651 1831 traditione.
673 1767 748 1830 Vide
771 1768 895 1850 insuper
913 1767 992 1832 dicta
1010 1789 1099 1852 supe·

146 1857 192 1920 ius
206 1861 276 1935 (28,
292 1862 348 1936 aa,
364 1859 444 1938 etc).

169 1975 236 2034 689.
263 1970 459 2035 corollarium
479 1971 500 2034 I
506 1969 539 2032 V.
557 2003 593 2018 ·-
608 1973 762 2033 Romanus
782 1971 918 2034 Pontifex
940 1972 990 2050 jus
1011 1971 1100 2036 habet

162 2060 260 2123 ncilla
284 2061 373 2122 etiam
401 2059 589 2123 oecumenica
614 2059 821 2140 convocandi,
844 2061 881 2122 iis
904 2061 1097 2142 praesidendi,

136 2192 138 2199 Α
172 2147 450 2212 ucconfrnnandi.

190 2269 203 2295 ⁰
220 2261 275 2322 lus
291 2258 463 2322 convocandi
473 2258 540 2320 :Ad
559 2277 652 2340 quem
672 2258 755 2320 enirn
773 2258 866 2321 alium
880 2259 1031 2340 pertinere
1045 2280 1099 2342 po-

138 2362 142 2399 i
179 2357 233 2412 set
249 2347 321 2412 illud
339 2351 389 2430 jus
410 2348 467 2411 nisi
487 2347 525 2410 ed
550 2367 621 2411 aum
638 2347 689 2430 qui
709 2348 874 2409 Primatum
885 2347 1100 2426 Jurlsdictionis

136 2464 140 2469 ·
205 2439 327 2521 plenam
351 2443 381 2502 el
398 2455 572 2521 supremam
587 2437 793 2500 auctoritatem
813 2435 904 2498 habet
921 2435 953 2497 iu
966 2439 1029 2499 tota
1042 2440 1101 2500 Ec-

170 2529 245 2590 stat

171 2623 203 2679 9⁰
223 2619 278 2680 dies
299 2619 338 2680 iia
360 2617 538 2702 praesidendi
558 2638 569 2679 :
588 2615 737 2680 Eumdem
760 2615 842 2678 enim
861 2613 1025 2676 Praesidem
1048 2633 1101 2680 seu

155 2715 227 2790 »put
249 2707 359 2771 trabere
381 2707 470 2770 debet
489 2705 622 2770 Ecclesia
641 2711 822 2786 congregata
840 2722 875 2766 ac
889 2703 1022 2767 Ecclesia
1044 2705 1101 2767 dis·

159 2816 236 2876 rsa,
256 2799 328 2860 cum
348 2797 452 2860 eadem
470 2796 666 2877 ejusdemque
683 2791 865 2857 conditionis
886 2793 925 2854 sit
944 2793 1097 2871 alterutra;

132 2887 265 2970 alloquin
275 2895 455 2968 congregata
469 2885 667 2968 nonperfecte
683 2888 910 2964 representaret
923 2883 1098 2964 dispersam.

132 2977 212 3056 Ergo
226 2976 302 3040 sicut
315 2980 470 3038 Romanus
481 2975 615 3037 Pontifex
625 2973 652 3036 vi
665 2973 711 3034 sui
727 2973 874 3034 Primatds
888 2974 1102 3054 praecstEccle-

132 3065 184 3127 siau
205 3065 362 3148 dispersae,
388 3073 476 3147 prout
497 3071 641 3144 tanquam
665 3061 703 3123 de
722 3059 781 3123 fide
801 3079 891 3143 supra
910 3060 1101 3144 probavimus

17 3150 21 3175 ³
133 3156 219 3231 (675,
234 3157 322 3234 etc),
338 3155 381 3218 sic
395 3155 534 3218 Ecclesiae
552 3158 741 3234 congregatae
754 3169 807 3214 seu
822 3150 955 3213 Concilio
969 3169 1100 3214 oecume·

25 3414 27 3417 ι
135 3241 668 3416 nrgpppupees‘secpppppzrapppestbmd
684 3337 829 3411 tanquam
848 3337 964 3394 certum
984 3331 1023 3393 de
1043 3329 1101 3392 fide

22 3450 24 3453 .
134 3421 236 3484 halreri
257 3423 361 3500 debet,
379 3424 464 3503 juxta
486 3423 596 3483 Suarez
615 3419 663 3503 (de
685 3419 780 3494 Fide,
798 3425 874 3500 part.
893 3424 928 3492 l,
945 3421 1022 3501 disp.
1047 3423 1097 3498 ll,

24 3530 26 3533 ·
134 3517 205 3573 sect.
221 3515 256 3590 3,
273 3525 306 3574 n⁰
320 3515 380 3592 lt).
397 3546 435 3557 -
449 3510 516 3572 Vid.
535 3511 643 3580 Boulx,
663 3509 705 3571 De
718 3509 881 3590 Episcopo,
899 3514 921 3569 t.
938 3511 1013 3588 t,p.
1032 3511 1099 3570 tac.

53 3614 55 3617 ·
174 3603 259 3665 Ratio
281 3610 326 3666 est
349 3601 419 3684 quia
442 3600 559 3664 decreta
589 3599 792 3662 conciliorum
820 3596 1005 3678 generalium
1032 3603 1102 3658 sunt

134 3701 218 3756 actus
231 3693 321 3756 totius
333 3693 469 3772 corporis
482 3691 622 3754 Ecclesia
635 3689 786 3765 docentis,
801 3686 846 3746 vel
861 3685 959 3762 legem
972 3683 1102 3748 conden-
