2570 4006
159 249 219 314 lto
385 250 523 317 aaronis
543 269 644 317 roaros
664 271 746 318 roais
767 270 913 318 cauomcr.

158 373 279 454 Legati3
295 373 326 436 in
349 373 534 455 quibusnam
556 378 659 437 autem
672 371 813 436 differant
823 369 907 449 ‚vide
919 371 1037 436 dictum
1052 375 1132 457 apud

159 460 247 524 Card.
264 459 379 543 Soglia‚
394 461 471 524 lust.
480 461 550 544 jur.
562 462 646 544 pub„
658 481 689 544 p.
704 465 775 536 286,
791 466 850 525 etc.

198 549 276 622 Ouid
291 557 390 614 autem
407 551 475 630 iure
497 550 649 613 ordinario
665 550 790 633 praecise
812 549 930 614 valeant
947 551 1049 633 Legati
1072 553 1135 614 tim

158 639 177 702 cl
200 639 294 702 loterr
314 642 406 722 quim
430 639 477 702 alii
500 659 555 703 seu
573 639 694 715 Nuntii,
718 639 844 720 longum
866 646 946 703 esset
965 659 1133 703 recensere.

159 727 233 791 Vide
246 728 285 791 de
298 729 344 791 his
361 729 468 804 Bouix,
484 729 528 791 De
542 727 636 792 Curio
652 727 801 804 Rotnani,
824 749 854 810 p.
871 731 947 806 6403
967 729 1087 804 Andre,
1106 739 1136 792 r·

159 817 279 899 Legae,
294 825 324 881 et
338 817 412 880 last.
428 819 463 879 ll.
479 817 581 895 deM.‚
597 837 627 899 p.
643 819 713 880 307.
731 819 796 879 lmo
806 817 961 880 facultates
974 817 1047 900 ipsis
1060 837 1136 881 con·

159 925 264 984 oessae,
279 905 396 969 Nuntiis
408 906 533 982 saltem,
549 907 645 988 magis
658 925 696 969 ex
705 906 822 969 Litteris
836 925 899 970 suae
914 905 1137 970 commissionis

161 997 252 1077 quim
266 1013 302 1056 ex
313 993 383 1074 jure
395 993 498 1077 aliquo
512 993 609 1058 lixoct
621 996 769 1059 constanti
780 995 965 1058 aestimandae
974 996 1138 1058 sunt.Vide

141 1084 280 1162 ,Devoti,
295 1083 348 1145 lib.
366 1087 378 1146 l
393 1131 402 1161 ‚
420 1083 466 1146 tit.
487 1087 521 1155 3,
538 1091 611 1148 sect.
627 1089 665 1159 Ξ,
680 1085 698 1166 ἓ
714 1087 754 1148 30
766 1091 797 1146 et
810 1087 864 1160 3t;
884 1083 960 1146 last.
976 1085 1012 1146 ll.
1029 1084 1067 1147 dc
1080 1087 1136 1156 M„

161 1193 192 1255 p.
208 1176 276 1237 309.
296 1173 334 1234 Et
346 1171 427 1236 idem
440 1174 547 1236 asserit
560 1176 593 1235 ll.
618 1174 731 1250 Boulis,
752 1172 787 1235 de
807 1173 927 1255 Legotis
945 1172 1070 1236 clarere
1083 1175 1139 1253 (De

163 1259 256 1324 Cario
272 1263 369 1341 Rom,
385 1282 416 1346 p.
432 1266 491 1326 ott
504 1270 535 1326 et
546 1266 628 1343 648).

205 1373 221 1411 n
240 1353 302 1415 Nec
315 1370 352 1415 ex
370 1351 579 1435 (modicatur,
595 1351 678 1436 quod
692 1351 795 1415 Nuntii
814 1359 844 1415 et
858 1352 961 1433 Legati
977 1351 1093 1434 possint
1107 1354 1138 1416 in

161 1442 265 1506 »suis
293 1442 458 1506 Provinciis
480 1442 582 1505 omnia
605 1461 673 1524 quae
700 1447 828 1524 possunt
856 1441 993 1524 Episcopi
1021 1442 1052 1503 in
1076 1443 1140 1506 suis

162 1555 177 1591 n
202 1531 403 1608 circensibus,
419 1533 555 1613 sequitur
568 1531 650 1612 quod
664 1531 780 1612 possint
793 1531 896 1594 omnia
915 1530 1089 1612 simpliciter
1110 1539 1141 1594 et

162 1643 178 1679 u
203 1619 339 1682 absolute
349 1629 551 1703 quapossum
565 1621 706 1702 Episcopi
718 1640 725 1680 :
737 1621 807 1701 quia
822 1621 880 1682 hoc
894 1638 955 1681 non
968 1619 1141 1684 verificatur

163 1733 178 1769 n
203 1709 234 1770 in
250 1709 285 1772 iis
298 1728 367 1791 quae
381 1713 399 1770 t
414 1711 506 1771 sacris
525 1709 692 1772 canonibus
705 1715 735 1772 et
753 1709 886 1772 Concilio
900 1709 981 1771 Trid.
998 1713 1140 1792 expresse

163 1821 179 1857 a
204 1800 327 1880 proprio
344 1797 501 1861 Ordinatio
519 1806 667 1860 reservata
687 1805 795 1861 sunt...
815 1800 883 1861 Non
902 1805 1018 1862 constat
1038 1807 1140 1862 autem

164 1909 179 1946 a
204 1886 332 1948 Nuntios
345 1885 455 1948 habere
472 1886 662 1968 privilegium
676 1887 862 1969 approbandi
881 1887 1095 1964 confessarios,
1110 1895 1142 1951 et

165 1999 180 2034 a
205 1975 327 2038 ordines
335 1975 550 2038 conterendiin
559 1979 614 2039 sut
627 1976 916 2059 provinciarumque
926 1977 1046 2039 licentia
1061 1977 1140 2043 uioe-

165 2087 181 2124 a
204 2064 316 2127 cesani.
332 2085 348 2124 r>
366 2063 510 2144 Ferraris,
525 2077 556 2128 v⁰
570 2064 771 2148 Approbatio‚
786 2072 842 2127 art.
858 2069 886 2141 l,
902 2065 943 2126 n¹⁸
956 2069 1057 2128 32-35.

205 2153 307 2217 Nuntii
322 2153 428 2234 mojori
441 2155 608 2236 generatim
622 2157 715 2235 quim
729 2153 906 2216 Internuntii
921 2155 1073 2217 donantur
1086 2176 1142 2237 po-

167 2249 291 2319 testate3
307 2262 364 2306 nec
376 2243 445 2306 raro
456 2243 486 2306 in
497 2243 685 2307 facultatibus
695 2243 813 2306 Nuntiis
826 2244 988 2320 concessis,
1003 2243 1142 2323 adjicitur

167 2336 232 2398 haec
245 2333 378 2397 clausula
392 2332 417 2396 C
418 2334 466 2394 lam
473 2339 615 2415 potestate
626 2332 734 2413 Legati
742 2332 759 2394 ἀ
770 2330 879 2409 tatere,
892 2332 974 2414 quod
988 2333 1063 2396 solet
1077 2332 1141 2397 lieri

167 2423 290 2507 quando
304 2421 406 2486 Nuntii
420 2421 596 2486 mandatum
612 2421 686 2484 rivae
699 2421 780 2484 vocis
793 2421 947 2485 oraculol
967 2425 1047 2504 Papa
1065 2422 1141 2486 reci-

191 2514 256 2578 iunt
270 2513 333 2594 (it).

168 2535 189 2596 p
208 2606 320 2685 Legato
333 2603 419 2664 misso
438 2620 500 2664 non
524 2599 681 2664 adhibetur
694 2599 781 2674 tides,
797 2599 856 2663 nisi
873 2600 1008 2683 primum
1030 2599 1142 2664 litteras

170 2711 240 2758 suas
254 2693 411 2774 protulerit
423 2693 550 2770 (Devoti,
567 2689 621 2768 ita,
633 2701 666 2753 n⁰
683 2693 742 2768 31).

209 2781 364 2864 Legatusd
374 2781 465 2843 tatere
479 2786 575 2862 potest
588 2780 688 2842 divina
701 2798 841 2843 exercerc
850 2778 882 2840 in
895 2779 1031 2841 Ecclesit
1042 2779 1144 2843 Archi-

170 2872 301 2957 episcopi
325 2871 440 2952 absque
462 2871 528 2949 ejus
550 2869 698 2933 licentia:
723 2867 754 2932 id
773 2869 845 2931 vcro
869 2868 976 2950 nequit
997 2867 1139 2933 Nuntius.

171 2963 283 3038 Bouia,
299 2958 445 3024 Decumo
460 2958 600 3030 Romano,
614 2979 643 3040 p.
660 2963 729 3022 648.

210 3054 280 3114 810.
304 3049 425 3132 Quaerit.
442 3051 473 3110 3⁰
487 3049 580 3128 Cujus
594 3051 713 3130 generis
722 3049 783 3110 sint
791 3046 896 3110 Nuntii
909 3047 960 3128 qui
968 3065 1063 3130 prope
1072 3067 1144 3113 nos·

171 3149 252 3204 uum
267 3138 455 3202 Gubernium
469 3137 587 3199 Parisiis
600 3137 752 3200 residenti

212 3228 385 3310 Respondet
399 3228 540 3309 Lequeux
550 3228 669 3304 (mtto)
681 3227 761 3306 ipsos
774 3223 866 3288 videri
881 3244 946 3289 esse
953 3229 1077 3310 Legatos
1088 3248 1144 3291 non

166 3319 381 3407 judicest804).
393 3317 515 3378 Nullum
526 3316 627 3392 enim,
643 3314 847 3397 inquit‚apud
862 3333 917 3377 nos
928 3316 1146 3395 jurisdictionis

173 3417 274 3475 ectum
288 3413 439 3482 exercent,
451 3411 575 3486 excepto
586 3421 728 3484 casuquo
737 3404 906 3485 peragenda
916 3413 961 3467 est
974 3403 1145 3469 informatio

173 3499 318 3563 canonico
332 3498 412 3561 circa
426 3495 596 3557 nominatos
609 3495 626 3554 t
641 3493 792 3554 Gubernio
806 3493 844 3554 ad
858 3494 1080 3574 Episcopatum.
1100 3495 1146 3558 Ad

174 3590 232 3652 hoc
241 3588 392 3670 precipue
406 3583 573 3646 inserviunt
585 3587 618 3641 ut
632 3580 752 3661 negotia
766 3581 919 3643 Porrtiticis
932 3582 1012 3663 apud
1027 3589 1145 3646 nostros

78 3693 82 3695 ·
176 3679 327 3762 principes
337 3679 487 3748 tractent,
503 3668 659 3749 invigilent
672 3669 832 3748 integritati
845 3670 915 3734 fidei
929 3689 1146 3753 canonumque
