2578 4008
520 273 606 320 arsen
627 275 745 323 remus.
1067 259 1122 322 ddi

152 365 385 449 temporalibus,
409 374 479 429 ato·
497 368 603 430 llillles
633 369 766 432 Ecclesia
792 371 925 432 exercuit
954 368 1127 450 hujusmodi

151 459 329 538 potestatem
343 455 580 538 intemporalia,
596 462 630 518 ut
644 475 680 520 ex
694 456 818 520 historia
830 458 1030 522 ecclesiastica
1043 477 1127 521 corn·

152 551 341 627 pertumest:
359 544 485 607 sufficiet
494 563 530 607 ex
545 545 714 609 innumeris
726 547 905 610 testimoniis
919 565 987 628 quae
1000 547 1126 629 prolerri

152 640 291 716 possent,
308 633 369 696 duo
387 635 508 696 maximi
523 633 665 715 ponderis
677 644 875 700 monumenta
888 636 938 699 hic
951 654 1102 718 exponere
1117 656 1126 700 :

195 727 224 783 l·
238 724 271 784 ln
283 721 416 784 Concilio
430 721 619 784 Lateranensi
635 725 685 802 lV,
696 725 778 805 quod
793 726 871 788 inter
884 727 1070 787 aecumenica
1080 744 1127 788 ve-

152 816 304 889 censetur,
316 811 552 874 Innocentiuslll
563 811 1125 894 RaymundumTolosanumComitem,

153 900 363 964 hoereticorum
379 899 525 963 fautorem
539 899 724 964 obstinatum
737 903 891 985 deposuit;
903 909 934 965 et
947 901 977 966 id
987 901 1126 984 quidem,

153 1008 238 1052 sacro
252 989 387 1052 Concilio
405 989 534 1052 consulto
544 1038 551 1068 ,
562 1011 613 1053 nee
625 1011 682 1052 non
695 999 725 1053 et
737 991 928 1074 approbante,
947 1011 1003 1074 pro
1018 991 1128 1073 majore

152 1087 240 1160 parte
254 1079 416 1156 eleccione,
427 1087 606 1142 sacrosancte
617 1080 760 1144 Concilio.
775 1085 808 1142 2⁰
818 1083 852 1142 ln
867 1080 1001 1144 Concilio
1011 1081 1126 1162 Lugdu-

156 1167 242 1230 nensi
252 1168 265 1230 l
275 1169 473 1245 oecumenieo,
484 1169 678 1232 innocentius
689 1171 728 1232 IV
738 1169 878 1252 deposuit
887 1173 905 1232 a
915 1189 1011 1253 regno
1024 1169 1127 1234 Fride·

154 1259 253 1320 vicum
266 1259 292 1319 ll
306 1259 520 1322 Germanicum
533 1260 748 1340 Imperatorem
764 1277 773 1320 r
792 1280 808 1319 a
822 1263 883 1322 Nos
897 1260 1013 1340 itaque,
1030 1259 1129 1339 inquit

154 1369 169 1408 o
194 1346 349 1423 Pontifex,
370 1346 595 1410 cumfratribus
613 1348 723 1410 nostris
740 1354 770 1410 et
783 1365 868 1410 sacro
888 1347 1042 1422 Concilio,
1057 1347 1128 1409 dali-

154 1459 169 1496 o
195 1436 347 1500 beralione
361 1435 526 1518 praehabita
539 1435 712 1518 diligenti...
726 1439 797 1500 cum
807 1439 835 1500 J.
847 1437 880 1498 G.
895 1435 975 1498 vices
987 1436 1127 1498 immeriti

154 1549 169 1584 n
194 1533 351 1589 teneamus
365 1526 501 1602 interris,
512 1525 666 1608 Nobisque
680 1525 711 1588 in
722 1528 755 1586 Β.
766 1523 846 1588 Petri
858 1525 989 1606 Apostoli
1001 1525 1128 1606 persona

154 1637 169 1674 u
195 1615 352 1677 sitdictunr
364 1635 372 1676 :
383 1613 577 1698 quodcumqae
588 1613 728 1697 ligaveris
739 1633 827 1698 saper
837 1619 1051 1684 terramala...
1063 1630 1127 1676 me·

154 1727 169 1763 n
197 1716 348 1767 moratum
363 1705 544 1787 prinoipem,
560 1706 612 1786 qui
632 1723 698 1766 sese
719 1704 846 1787 imperio
859 1709 889 1766 et
904 1703 1043 1784 regnis...
1059 1701 1127 1765 red-

154 1816 169 1854 »
195 1794 269 1855 didit
277 1801 338 1855 tem
352 1793 645 1875 indignum,quique
653 1801 773 1876 propter
784 1811 854 1856 suas
862 1792 1030 1875 impietates
1042 1789 1127 1854 dlleo

155 1907 169 1942 o
195 1903 231 1945 oe
245 1891 346 1964 regnet
354 1882 400 1945 acl
413 1884 538 1965 imperet
550 1881 741 1963 estabjectas,
754 1882 816 1945 suis
826 1882 950 1964 ligatum
961 1881 1089 1962 peccatis
1098 1886 1128 1943 at

155 1997 170 2033 u
196 1973 357 2052 objectum,
370 1973 515 2053 omnique
524 1971 647 2042 honore,
660 1971 805 2053 dignitate
814 1973 961 2053 privatum
971 1973 988 2031 a
999 1971 1127 2032 Domino

155 2086 170 2122 u
196 2059 395 2136 ostendimus,
417 2060 630 2123 denuntiamus
651 2079 685 2122 ac
708 2059 899 2122 nihilominus
919 2058 1127 2121 sententiando

155 2177 170 2212 u
197 2153 349 2234 privamus
365 2171 372 2212 :
388 2149 562 2231 omnesqui
582 2151 609 2211 ei
628 2150 800 2228 juramento
822 2147 971 2210 fidelitatis
989 2155 1128 2210 tenentur

156 2267 171 2302 o
197 2241 339 2316 adstricti,
351 2243 365 2302 a
375 2241 546 2320 juramento
560 2237 730 2318 hujusmodi
747 2239 891 2319 perpetuo
900 2237 1123 2299 absolventes.»

160 2356 176 2392 a
189 2335 221 2394 ln
238 2331 312 2400 hoc,
334 2330 434 2411 inquit
449 2327 629 2391 Fenelonius
642 2327 700 2407 (De
713 2325 748 2388 S.
765 2327 897 2406 Paetis„
914 2333 936 2387 t.
953 2329 982 2399 i,
999 2345 1029 2408 p.
1046 2328 1126 2402 387),

156 2445 171 2482 n
196 2420 391 2484 innocentius
408 2423 526 2482 exercet
545 2422 722 2500 potestatem
736 2418 754 2478 d
768 2414 882 2477 Christo
899 2414 998 2477 delam
1016 2433 1023 2474 ι
1038 2413 1127 2495 qaod·

156 2535 171 2572 »
196 2530 315 2594 eamque
330 2509 479 2590 ligaveris,
494 2515 579 2570 etc...
595 2513 742 2568 asseverat
752 2504 782 2566 id
796 2507 856 2567 ase
868 2503 931 2566 lieri
943 2524 1006 2565 eam
1017 2503 1127 2584 [rotri-

156 2624 171 2658 u
199 2600 249 2661 bras
269 2607 298 2662 et
317 2598 410 2661 Socra
425 2597 558 2660 Concilio
571 2595 780 2658 deliberatione
795 2592 963 2676 praelabiti
976 2591 1124 2672 diligenti.

157 2713 171 2749 n
197 2691 299 2770 ltaque
321 2686 494 2750 deliberavit
515 2692 544 2748 et
569 2686 676 2748 annuit
695 2683 874 2747 Concilium.
898 2683 963 2744 lioc
981 2688 1128 2742 asseverat

157 2803 171 2838 u
197 2777 353 2854 Pontifex,
372 2795 471 2858 neque
488 2775 630 2837 diffitetur
644 2773 822 2836 Concilium.
846 2773 913 2852 lpse
932 2769 1077 2832 sententio
1096 2770 1127 2831 in

158 2893 172 2930 u
200 2867 332 2932 Caecilio
346 2866 405 2928 lata
418 2872 464 2927 est
478 2885 486 2941 ;
501 2883 582 2927 sacro
597 2871 741 2946 praesente
756 2860 889 2925 Concilio
903 2859 1045 2942 inscripta
1059 2865 1103 2922 est
1117 2879 1125 2935 ;

157 2981 172 3018 o
199 2975 300 3038 neque
320 2955 505 3032 reclamavit,
530 2954 593 3015 imd
622 2951 769 3014 sententia
795 2949 869 3012 actis
894 2949 1006 3012 inserta
1027 2955 1082 3010 est.
1108 2969 1124 3007 u

160 3049 242 3128 Ergo
261 3045 366 3107 saltem
380 3043 525 3107 indirecte
540 3041 685 3112 Ecclesia,
702 3037 829 3122 proinde
844 3041 875 3101 S.
889 3037 1026 3102 Pontifex
1039 3036 1129 3100 habet

158 3141 334 3218 potestatem
352 3134 383 3195 in
397 3131 583 3216 temporalia.

199 3227 268 3286 700.
292 3223 386 3302 Objici
402 3229 498 3304 potest
507 3226 536 3283 t⁰
549 3220 699 3282 TextusS.
710 3219 799 3280 Lucae
809 3219 886 3298 (cap.
899 3220 984 3294 izv.
998 3216 1062 3298 rt),
1076 3215 1127 3279 ubi

159 3313 293 3376 Christus
312 3313 414 3393 juveni
436 3310 552 3393 roganti
574 3315 608 3372 ut
631 3309 791 3390 imperaret
816 3305 897 3368 tratri
918 3325 974 3370 suo
995 3304 1129 3367 dividere

159 3421 263 3466 secum
278 3401 494 3475 haereditatem,
503 3397 683 3482 respondit:
700 3398 823 3458 «Homo
837 3395 905 3476 quis
919 3414 967 3456 me
976 3394 1129 3456 constituit

161 3513 176 3554 n
191 3492 387 3572 judieemaut
397 3490 557 3552 divisorem
567 3486 763 3570 supervosio
775 3520 814 3532 -
825 3484 884 3548 Sed
898 3483 1129 3564 explicationem

161 3581 251 3660 hujus
261 3585 359 3643 textus
368 3585 397 3642 et
405 3579 582 3660 objectionis
591 3577 769 3640 solutionem
779 3571 1001 3637 dabimusinlre
1011 3573 1124 3650 (5504).

202 3673 233 3730 2⁰
248 3671 335 3748 Saepe
346 3669 484 3748 objicitur
496 3676 594 3731 textus
607 3669 639 3728 S.
656 3663 782 3728 ioannis
796 3666 876 3744 (cap.
900 3664 948 3736 la,
963 3677 991 3720 v.
1013 3661 1082 3736 36)Γ
