2588 3994
211 227 266 293 rto
380 305 390 320 ¹
424 243 561 290 ussurus
581 215 785 296 rorrrii'iltnts
804 223 955 296 etlumen

208 368 224 407 ι
247 342 407 422 tutionem,
423 344 619 426 sequentibus
638 345 737 408 verbis
753 363 952 427 expressum:
974 344 1041 426 Epo
1049 342 1138 424 jum,
1155 351 1187 406 et

209 457 224 496 n
243 435 407 518 promitto,
422 433 462 494 ool
479 443 579 496 sauetu
590 435 648 496 oet
662 434 848 514 Erroupelio,
865 435 1057 496 obedientium
1068 441 1097 494 el
1109 433 1187 516 fide-

210 547 225 578 n
251 525 366 586 litatem
389 522 536 587 meanto
553 543 611 608 per
631 526 865 586 constitutionem
889 523 1051 587 Gallienum
1073 523 1187 605 Reipu-

210 637 225 676 n
251 613 333 676 blico
345 621 465 676 statuto.
478 613 554 676 Item
563 613 709 695 prmuitto
717 633 762 675 me
775 611 887 674 mullum
897 613 1188 675 communicationem

210 727 226 764 ι
250 703 437 774 habiturum,
454 701 533 764 mulli
546 692 665 764 coasilio
678 700 919 783 interfuturum,
935 699 1103 782 nullamque
1122 721 1188 762 sem-
1284 761 1285 766 ,

211 815 226 854 u
247 801 362 876 pectam
380 793 513 854 unionem
527 811 618 874 oeque
632 792 810 874 intimaeque
824 798 911 852 ectr-u
929 799 1165 852 emmerammum
1177 839 1187 868 ,

211 903 227 942 s
251 901 317 964 peuce
338 881 556 963 tranquillitati
573 880 702 962 publiea
723 887 844 952 noceat:
870 887 899 941 et
915 879 958 951 si,
985 887 1045 941 tam
1066 880 1098 940 in
1116 879 1189 942 elice-

212 993 228 1032 u
252 971 309 1034 cesi
327 969 405 1047 raeci,
420 971 507 1054 quim
521 969 610 1041 alili,
627 970 756 1032 nouerim
770 967 889 1053 aliquid
899 968 932 1031 ia
944 968 1038 1031 statis
1050 969 1189 1030 manuum

212 1081 228 1120 n
253 1060 398 1134 tractari,
418 1057 564 1122 mooun
577 1058 780 1141 manifestabo.

251 1179 268 1220 u
293 1161 357 1221 Art.
372 1163 402 1219 7.
418 1157 617 1221 Ecclesiastici
627 1157 752 1220 secunffi
761 1157 875 1221 ordinis
888 1156 969 1221 idem
981 1158 1190 1238 juramentum

212 1270 228 1308 u
253 1249 390 1312 emittent
399 1265 501 1310 coram
509 1247 734 1311 auctoritatibus
742 1247 1061 1310 civilibusouollicano
1071 1247 1189 1310 Guber-

213 1357 229 1398 »
254 1336 488 1420 niodesignatis.

252 1457 268 1496 ι
295 1439 358 1500 Art.
373 1441 403 1500 8.
414 1438 485 1499 Post
494 1434 759 1511 divineofficla‚in
770 1434 911 1498 omnibus
920 1433 1073 1498 catholicis
1085 1435 1191 1499 Galliae

214 1545 229 1590 o
253 1526 391 1607 templis,
408 1527 452 1588 sic
473 1525 630 1588 orabitur:
656 1525 796 1595 Domine,
818 1525 930 1586 solvam
948 1526 998 1608 sac
1017 1524 1190 1607 llempulli·

213 1631 230 1674 o
254 1634 327 1676 cam.
345 1615 486 1689 Doruiue,
503 1613 596 1676 saluos
610 1614 660 1696 fec
671 1613 818 1676 Consules.

253 1735 270 1772 u
296 1715 356 1774 Art.
375 1716 405 1775 9.
421 1713 560 1795 Episcopi
576 1713 607 1774 in
622 1715 676 1775 sut
692 1713 820 1794 quisque
833 1711 970 1790 dioecesi,
987 1729 1186 1796 novesperoe·

214 1823 231 1862 u
254 1802 315 1864 cius
328 1801 590 1878 circumscribent3
607 1821 675 1884 qum
689 1801 926 1883 circumscriptio
942 1819 1032 1865 suum
1047 1820 1108 1864 non
1123 1822 1187 1866 sor·

215 1891 343 1954 otietur
370 1890 533 1968 effectum,
562 1891 620 1954 nisi
656 1896 816 1973 postquam
843 1889 987 1954 Gubernii
1020 1909 1189 1956 consensus

213 1982 427 2044 successerit.

256 2099 271 2138 s
297 2081 360 2140 Art.
378 2082 426 2142 10.
442 2077 538 2141 Iidem
550 2077 690 2160 Episcopi
705 2076 743 2141 ad
753 2076 897 2159 pnroecies
907 2075 1120 2157 nominabunt;
1133 2097 1188 2144 nec

216 2190 232 2230 n
256 2185 398 2251 personas
407 2167 534 2250 seligent
548 2167 604 2229 nisi
620 2167 772 2230 Gubernio
789 2174 937 2249 acceptes.

256 2287 271 2326 s
297 2268 360 2328 Art.
379 2269 427 2328 ll.
450 2267 594 2328 Poterant
608 2264 700 2326 iidem
715 2264 854 2346 Episcopi
869 2263 979 2328 hebere
989 2284 1086 2328 unum
1101 2269 1187 2350 Cepi·

216 2379 232 2415 o
256 2353 353 2419 tulum
371 2355 403 2416 in
419 2354 584 2416 Culhedrali
606 2354 754 2430 Ecclesie‚
771 2359 861 2434 elque
879 2371 977 2416 unum
991 2357 1187 2421 seminarium

216 2467 232 2506 n
256 2445 288 2506 in
303 2447 356 2506 sut
371 2445 498 2526 quisque
519 2443 659 2521 discessi,
684 2444 749 2505 sine
764 2441 926 2506 dotationis
948 2443 1130 2527 obligatione
1151 2467 1186 2511 ex

216 2556 232 2594 u
257 2541 340 2616 perte
355 2532 510 2595 Gubernii.

257 2653 272 2690 u
298 2634 361 2693 Art.
386 2635 433 2693 tu.
457 2629 566 2692 Omnis
587 2629 700 2712 templa
713 2628 958 2711 Metropolitum,
980 2631 1185 2714 ostreorum,

216 2741 233 2782 r
255 2719 454 2796 Perochialia,
479 2725 568 2801 etque
586 2718 644 2780 alia
665 2738 734 2800 quae
755 2737 816 2780 non
830 2719 958 2783 alienato
980 2727 1069 2800 sunt,
1093 2724 1185 2788 cultui

217 2831 233 2870 u
258 2809 442 2881 necessario,
458 2809 675 2890 Episcoporum
690 2807 878 2890 dispositioni
892 2809 1058 2874 tradentur.

257 2932 272 2971 n
299 2913 362 2972 Art.
379 2913 428 2972 13.
452 2911 598 2973 Sanctitas
612 2910 684 2988 Sua,
699 2929 755 2993 pro
764 2912 846 2993 pacis
861 2911 952 2992 bono,
968 2914 1108 3000 felicique
1120 2919 1187 2982 reli·

217 3022 233 3062 u
258 2999 356 3082 gionis
370 2999 571 3077 restitutione,
587 2998 717 3062 declarat
727 3018 790 3077 eos,
805 3002 858 3082 qui
870 3002 949 3066 bono
963 3005 1103 3069 Ecclesire
1116 3009 1185 3071 elic·

218 3111 233 3150 u
259 3095 326 3150 netu
340 3087 573 3169 acquisiverunt,
585 3088 752 3150 molestiam
774 3090 887 3152 nullom
902 3091 1072 3172 habituros,
1089 3117 1185 3182 neque

217 3200 233 3240 u
258 3180 275 3239 u
290 3195 338 3254 se,
354 3193 453 3258 neque
467 3177 484 3239 e
498 3177 642 3240 Romanis
656 3177 852 3242 Pontificibus
865 3186 1089 3250 successoribus
1103 3189 1183 3268 suis,

217 3290 233 3328 u
258 3285 294 3329 ec
307 3274 527 3348 consequenter
536 3268 702 3350 proprietas
716 3268 893 3353 corumdem
909 3271 1074 3354 bonorum,
1091 3277 1186 3342 reddi·
1288 3333 1289 3352 ,

217 3364 306 3419 ntus
325 3363 355 3419 el
374 3357 442 3436 jura
465 3356 501 3418 iis
528 3357 719 3434 inhumatis,
751 3358 950 3424 immutabilis
983 3367 1077 3445 penes
1104 3369 1183 3452 ipsos
1288 3401 1289 3404 ¹

218 3469 234 3510 a
259 3452 358 3525 erunt,
374 3452 464 3527 utque
478 3446 516 3524 sb
530 3446 602 3527 ipsis
615 3463 737 3509 causam
752 3445 907 3512 hebentes.

258 3570 273 3607 n
297 3549 358 3610 Art.
383 3553 431 3610 lt.
456 3547 643 3610 Gubernium
658 3548 817 3610 Gallicane
832 3548 1013 3633 Reipulslicae
1027 3556 1057 3618 in
1073 3577 1105 3620 se
1119 3577 1182 3622 sus-

217 3659 233 3700 ι
256 3637 399 3718 cipittum
408 3635 659 3717 Episcorumtum
670 3635 886 3720 parochorum,
904 3643 1182 3724 quorumdioecesee
