<?xml version="1.0" encoding="UTF-8"?>
<!DOCTYPE html PUBLIC "-//W3C//DTD XHTML 1.0 Transitional//EN"
    "http://www.w3.org/TR/xhtml1/DTD/xhtml1-transitional.dtd">
<html xmlns="http://www.w3.org/1999/xhtml" xml:lang="en" lang="en">
 <head>
  <title>
</title>
<meta http-equiv="Content-Type" content="text/html;charset=utf-8" />
  <meta name='ocr-system' content='tesseract 3.04.00' />
  <meta name='ocr-capabilities' content='ocr_page ocr_carea ocr_par ocr_line ocrx_word'/>
</head>
<body>
  <div class='ocr_page' id='page_1' title='image "./manualetotiusju03craigoog_0118.png"; bbox 0 0 2588 3994; ppageno 0'>
   <div class='ocr_carea' id='block_1_1' title="bbox 450 189 1048 256">
    <p class='ocr_par' dir='ltr' id='par_1_1' title="bbox 450 189 1048 256">
     <span class='ocr_line' id='line_1_1' title="bbox 450 189 1048 256; baseline 0.017 -18"><span class='ocrx_word' id='word_1_1' title='bbox 450 189 672 248; x_wconf 80' lang='lat' dir='ltr'>rnouscoauaa.</span> <span class='ocrx_word' id='word_1_2' title='bbox 1012 197 1048 256; x_wconf 74' lang='lat' dir='ltr'>ua</span> 
     </span>
    </p>
   </div>
   <div class='ocr_carea' id='block_1_2' title="bbox 552 355 603 418">
    <p class='ocr_par' dir='ltr' id='par_1_2' title="bbox 552 355 603 418">
     <span class='ocr_line' id='line_1_2' title="bbox 552 355 603 418; baseline 0.039 -2"><span class='ocrx_word' id='word_1_3' title='bbox 552 355 603 418; x_wconf 93' lang='lat' dir='ltr'>lll.</span> 
     </span>
    </p>
   </div>
   <div class='ocr_carea' id='block_1_3' title="bbox 146 484 1005 649">
    <p class='ocr_par' dir='ltr' id='par_1_3' title="bbox 146 484 1005 649">
     <span class='ocr_line' id='line_1_3' title="bbox 146 484 1005 564; baseline 0.035 -37"><span class='ocrx_word' id='word_1_4' title='bbox 146 484 180 528; x_wconf 71' lang='lat' dir='ltr'>un</span> <span class='ocrx_word' id='word_1_5' title='bbox 204 485 313 534; x_wconf 82' lang='lat' dir='ltr'>tsloottt</span> <span class='ocrx_word' id='word_1_6' title='bbox 344 492 530 542; x_wconf 73' lang='lat' dir='ltr'>HERCATORlS</span> <span class='ocrx_word' id='word_1_7' title='bbox 561 501 764 564; x_wconf 76' lang='lat' dir='ltr'><strong>COLLECTIONE‚</strong></span> <span class='ocrx_word' id='word_1_8' title='bbox 788 507 824 551; x_wconf 78' lang='grc' dir='ltr'>ΕΤ</span> <span class='ocrx_word' id='word_1_9' title='bbox 849 510 887 554; x_wconf 82' lang='lat' dir='ltr'>DE</span> <span class='ocrx_word' id='word_1_10' title='bbox 909 512 1005 556; x_wconf 73' lang='lat' dir='ltr'>rtusls</span> 
     </span>
     <span class='ocr_line' id='line_1_4' title="bbox 333 589 808 649; baseline 0.034 -16"><span class='ocrx_word' id='word_1_11' title='bbox 333 589 550 641; x_wconf 74' lang='lat' dir='ltr'>DECllll&#39;thlllUS</span> <span class='ocrx_word' id='word_1_12' title='bbox 571 600 649 643; x_wconf 80' lang='lat' dir='ltr'>NONO</span> <span class='ocrx_word' id='word_1_13' title='bbox 679 603 808 649; x_wconf 76' lang='lat' dir='ltr'><strong>SAECULO.</strong></span> 
     </span>
    </p>
   </div>
   <div class='ocr_carea' id='block_1_4' title="bbox 86 700 1056 3662">
    <p class='ocr_par' dir='ltr' id='par_1_4' title="bbox 93 700 1056 1394">
     <span class='ocr_line' id='line_1_5' title="bbox 132 700 1054 781; baseline 0.02 -22"><span class='ocrx_word' id='word_1_14' title='bbox 132 700 192 762; x_wconf 82' lang='lat' dir='ltr'>tlt.</span> <span class='ocrx_word' id='word_1_15' title='bbox 215 700 348 765; x_wconf 82' lang='lat' dir='ltr'>Celebris</span> <span class='ocrx_word' id='word_1_16' title='bbox 362 704 455 766; x_wconf 86' lang='lat' dir='ltr'>evasit</span> <span class='ocrx_word' id='word_1_17' title='bbox 468 703 518 766; x_wconf 84' lang='lat' dir='ltr'>illa</span> <span class='ocrx_word' id='word_1_18' title='bbox 530 703 682 781; x_wconf 75' lang='lat' dir='ltr'>collectio,</span> <span class='ocrx_word' id='word_1_19' title='bbox 697 707 737 771; x_wconf 91' lang='lat' dir='ltr'>ob</span> <span class='ocrx_word' id='word_1_20' title='bbox 758 708 955 774; x_wconf 79' lang='lat' dir='ltr'><strong>insertionem</strong></span> <span class='ocrx_word' id='word_1_21' title='bbox 970 713 1001 776; x_wconf 89' lang='lat' dir='ltr'>in</span> <span class='ocrx_word' id='word_1_22' title='bbox 1021 719 1054 778; x_wconf 83' lang='lat' dir='ltr'>ed</span> 
     </span>
     <span class='ocr_line' id='line_1_6' title="bbox 100 786 1055 865; baseline 0.019 -18"><span class='ocrx_word' id='word_1_23' title='bbox 100 786 191 850; x_wconf 82' lang='lat' dir='ltr'>iactam</span> <span class='ocrx_word' id='word_1_24' title='bbox 212 791 380 856; x_wconf 90' lang='lat' dir='ltr'>multarum</span> <span class='ocrx_word' id='word_1_25' title='bbox 400 792 541 856; x_wconf 81' lang='lat' dir='ltr'>falsarum</span> <span class='ocrx_word' id='word_1_26' title='bbox 561 794 766 860; x_wconf 72' lang='lat' dir='ltr'>decretalium.</span> <span class='ocrx_word' id='word_1_27' title='bbox 792 799 898 863; x_wconf 89' lang='lat' dir='ltr'>Plures</span> <span class='ocrx_word' id='word_1_28' title='bbox 918 802 1001 864; x_wconf 88' lang='lat' dir='ltr'>onim</span> <span class='ocrx_word' id='word_1_29' title='bbox 1025 803 1055 865; x_wconf 92' lang='lat' dir='ltr'>in</span> 
     </span>
     <span class='ocr_line' id='line_1_7' title="bbox 99 881 1056 969; baseline 0.016 -29"><span class='ocrx_word' id='word_1_30' title='bbox 99 881 320 961; x_wconf 80' lang='lat' dir='ltr'>cdreperiumur</span> <span class='ocrx_word' id='word_1_31' title='bbox 329 883 434 946; x_wconf 80' lang='lat' dir='ltr'>litterae</span> <span class='ocrx_word' id='word_1_32' title='bbox 443 883 596 948; x_wconf 77' lang='lat' dir='ltr'>euidenter</span> <span class='ocrx_word' id='word_1_33' title='bbox 604 889 799 969; x_wconf 85' lang='lat' dir='ltr'>supposititiae</span> <span class='ocrx_word' id='word_1_34' title='bbox 809 892 862 953; x_wconf 91' lang='lat' dir='ltr'>SS.</span> <span class='ocrx_word' id='word_1_35' title='bbox 875 891 1056 955; x_wconf 89' lang='lat' dir='ltr'>Pontilicum</span> 
     </span>
     <span class='ocr_line' id='line_1_8' title="bbox 98 968 1056 1057; baseline 0.016 -28"><span class='ocrx_word' id='word_1_36' title='bbox 98 968 149 1031; x_wconf 85' lang='lat' dir='ltr'>iS.</span> <span class='ocrx_word' id='word_1_37' title='bbox 163 968 315 1035; x_wconf 79' lang='lat' dir='ltr'>Clemente</span> <span class='ocrx_word' id='word_1_38' title='bbox 336 991 433 1056; x_wconf 85' lang='lat' dir='ltr'>usquc</span> <span class='ocrx_word' id='word_1_39' title='bbox 453 973 491 1036; x_wconf 89' lang='lat' dir='ltr'>ad</span> <span class='ocrx_word' id='word_1_40' title='bbox 510 977 541 1038; x_wconf 89' lang='lat' dir='ltr'>S.</span> <span class='ocrx_word' id='word_1_41' title='bbox 559 975 753 1057; x_wconf 79' lang='lat' dir='ltr'>Sylvestrum.</span> <span class='ocrx_word' id='word_1_42' title='bbox 771 982 844 1042; x_wconf 92' lang='lat' dir='ltr'>ltem</span> <span class='ocrx_word' id='word_1_43' title='bbox 858 980 1056 1044; x_wconf 79' lang='lat' dir='ltr'>Pontificibus</span> 
     </span>
     <span class='ocr_line' id='line_1_9' title="bbox 97 1056 1056 1154; baseline 0.017 -36"><span class='ocrx_word' id='word_1_44' title='bbox 97 1056 337 1142; x_wconf 77' lang='lat' dir='ltr'>subsequentibus</span> <span class='ocrx_word' id='word_1_45' title='bbox 355 1081 452 1146; x_wconf 87' lang='lat' dir='ltr'>usque</span> <span class='ocrx_word' id='word_1_46' title='bbox 470 1063 508 1126; x_wconf 89' lang='lat' dir='ltr'>ad</span> <span class='ocrx_word' id='word_1_47' title='bbox 532 1066 563 1126; x_wconf 84' lang='lat' dir='ltr'>S.</span> <span class='ocrx_word' id='word_1_48' title='bbox 580 1067 757 1148; x_wconf 81' lang='lat' dir='ltr'>Gregorium</span> <span class='ocrx_word' id='word_1_49' title='bbox 777 1070 938 1151; x_wconf 79' lang='lat' dir='ltr'>Magnum,</span> <span class='ocrx_word' id='word_1_50' title='bbox 954 1071 1056 1154; x_wconf 90' lang='lat' dir='ltr'>plures</span> 
     </span>
     <span class='ocr_line' id='line_1_10' title="bbox 96 1146 1054 1236; baseline 0.021 -28"><span class='ocrx_word' id='word_1_51' title='bbox 96 1146 385 1232; x_wconf 81' lang='lat' dir='ltr'>alieattribuuntur,</span> <span class='ocrx_word' id='word_1_52' title='bbox 406 1153 569 1236; x_wconf 88' lang='lat' dir='ltr'>dequibus</span> <span class='ocrx_word' id='word_1_53' title='bbox 588 1155 670 1217; x_wconf 85' lang='lat' dir='ltr'>nulla</span> <span class='ocrx_word' id='word_1_54' title='bbox 683 1155 759 1220; x_wconf 86' lang='lat' dir='ltr'>iacta</span> <span class='ocrx_word' id='word_1_55' title='bbox 780 1158 875 1222; x_wconf 85' lang='lat' dir='ltr'>iuerat</span> <span class='ocrx_word' id='word_1_56' title='bbox 889 1163 1002 1224; x_wconf 90' lang='lat' dir='ltr'>mentio</span> <span class='ocrx_word' id='word_1_57' title='bbox 1022 1162 1054 1228; x_wconf 90' lang='lat' dir='ltr'>in</span> 
     </span>
     <span class='ocr_line' id='line_1_11' title="bbox 93 1241 1053 1327; baseline 0.016 -28"><span class='ocrx_word' id='word_1_58' title='bbox 93 1241 430 1306; x_wconf 82' lang='lat' dir='ltr'>ceteriscollectionihus</span> <span class='ocrx_word' id='word_1_59' title='bbox 441 1243 627 1327; x_wconf 85' lang='lat' dir='ltr'>etinquibus</span> <span class='ocrx_word' id='word_1_60' title='bbox 637 1247 831 1310; x_wconf 90' lang='lat' dir='ltr'>inveniuntur</span> <span class='ocrx_word' id='word_1_61' title='bbox 839 1251 933 1312; x_wconf 91' lang='lat' dir='ltr'>multa</span> <span class='ocrx_word' id='word_1_62' title='bbox 943 1251 1053 1315; x_wconf 91' lang='lat' dir='ltr'>indicia</span> 
     </span>
     <span class='ocr_line' id='line_1_12' title="bbox 93 1323 221 1394; baseline 0.039 -5"><span class='ocrx_word' id='word_1_63' title='bbox 93 1323 221 1394; x_wconf 71' lang='lat' dir='ltr'>falsitatis.</span> 
     </span>
    </p>

    <p class='ocr_par' dir='ltr' id='par_1_5' title="bbox 91 1417 1054 2026">
     <span class='ocr_line' id='line_1_13' title="bbox 125 1417 1053 1513; baseline 0.014 -34"><span class='ocrx_word' id='word_1_64' title='bbox 125 1417 257 1486; x_wconf 87' lang='lat' dir='ltr'>Collectio</span> <span class='ocrx_word' id='word_1_65' title='bbox 267 1430 373 1488; x_wconf 73' lang='lat' dir='ltr'>hmen</span> <span class='ocrx_word' id='word_1_66' title='bbox 385 1425 442 1490; x_wconf 90' lang='lat' dir='ltr'>ista</span> <span class='ocrx_word' id='word_1_67' title='bbox 449 1433 570 1509; x_wconf 85' lang='lat' dir='ltr'>accepta</span> <span class='ocrx_word' id='word_1_68' title='bbox 583 1425 656 1504; x_wconf 91' lang='lat' dir='ltr'>luit,</span> <span class='ocrx_word' id='word_1_69' title='bbox 672 1427 795 1490; x_wconf 92' lang='lat' dir='ltr'>nemine</span> <span class='ocrx_word' id='word_1_70' title='bbox 805 1427 940 1490; x_wconf 89' lang='lat' dir='ltr'>iraudem</span> <span class='ocrx_word' id='word_1_71' title='bbox 956 1430 1053 1513; x_wconf 85' lang='lat' dir='ltr'>suspi-</span> 
     </span>
     <span class='ocr_line' id='line_1_14' title="bbox 93 1515 1054 1595; baseline 0.017 -27"><span class='ocrx_word' id='word_1_72' title='bbox 93 1516 182 1572; x_wconf 87' lang='lat' dir='ltr'>cante:</span> <span class='ocrx_word' id='word_1_73' title='bbox 197 1515 339 1595; x_wconf 79' lang='lat' dir='ltr'>quamvis</span> <span class='ocrx_word' id='word_1_74' title='bbox 348 1517 431 1578; x_wconf 92' lang='lat' dir='ltr'>enim</span> <span class='ocrx_word' id='word_1_75' title='bbox 443 1515 623 1578; x_wconf 86' lang='lat' dir='ltr'>llincmarus</span> <span class='ocrx_word' id='word_1_76' title='bbox 632 1516 713 1578; x_wconf 91' lang='lat' dir='ltr'>visus</span> <span class='ocrx_word' id='word_1_77' title='bbox 724 1517 811 1579; x_wconf 89' lang='lat' dir='ltr'>inerit</span> <span class='ocrx_word' id='word_1_78' title='bbox 821 1536 882 1581; x_wconf 93' lang='lat' dir='ltr'>non</span> <span class='ocrx_word' id='word_1_79' title='bbox 896 1517 1054 1584; x_wconf 74' lang='lat' dir='ltr'>admittere</span> 
     </span>
     <span class='ocr_line' id='line_1_15' title="bbox 92 1603 1052 1687; baseline 0.017 -30"><span class='ocrx_word' id='word_1_80' title='bbox 92 1603 282 1667; x_wconf 85' lang='lat' dir='ltr'>auctoritatem</span> <span class='ocrx_word' id='word_1_81' title='bbox 297 1605 494 1670; x_wconf 82' lang='lat' dir='ltr'>decretalium</span> <span class='ocrx_word' id='word_1_82' title='bbox 509 1623 578 1687; x_wconf 83' lang='lat' dir='ltr'>quae</span> <span class='ocrx_word' id='word_1_83' title='bbox 597 1606 629 1667; x_wconf 91' lang='lat' dir='ltr'>in</span> <span class='ocrx_word' id='word_1_84' title='bbox 651 1606 827 1670; x_wconf 82' lang='lat' dir='ltr'>collectione</span> <span class='ocrx_word' id='word_1_85' title='bbox 844 1607 981 1670; x_wconf 69' lang='lat' dir='ltr'>Adriani</span> <span class='ocrx_word' id='word_1_86' title='bbox 999 1627 1052 1674; x_wconf 88' lang='lat' dir='ltr'>seu</span> 
     </span>
     <span class='ocr_line' id='line_1_16' title="bbox 93 1685 1052 1778; baseline 0.018 -30"><span class='ocrx_word' id='word_1_87' title='bbox 93 1685 183 1753; x_wconf 83' lang='lat' dir='ltr'>Codice</span> <span class='ocrx_word' id='word_1_88' title='bbox 195 1712 352 1760; x_wconf 88' lang='lat' dir='ltr'>canonum</span> <span class='ocrx_word' id='word_1_89' title='bbox 366 1714 428 1758; x_wconf 91' lang='lat' dir='ltr'>non</span> <span class='ocrx_word' id='word_1_90' title='bbox 443 1695 680 1778; x_wconf 82' lang='lat' dir='ltr'>reperiebantur,</span> <span class='ocrx_word' id='word_1_91' title='bbox 695 1715 852 1778; x_wconf 85' lang='lat' dir='ltr'>nunquam</span> <span class='ocrx_word' id='word_1_92' title='bbox 863 1703 963 1761; x_wconf 91' lang='lat' dir='ltr'>tamen</span> <span class='ocrx_word' id='word_1_93' title='bbox 978 1698 1052 1766; x_wconf 78' lang='lat' dir='ltr'>dixit</span> 
     </span>
     <span class='ocr_line' id='line_1_17' title="bbox 92 1773 1049 1868; baseline 0.018 -34"><span class='ocrx_word' id='word_1_94' title='bbox 92 1773 148 1840; x_wconf 87' lang='lat' dir='ltr'>illas</span> <span class='ocrx_word' id='word_1_95' title='bbox 165 1779 281 1848; x_wconf 85' lang='lat' dir='ltr'>fictitias</span> <span class='ocrx_word' id='word_1_96' title='bbox 306 1803 391 1862; x_wconf 78' lang='lat' dir='ltr'>esse3</span> <span class='ocrx_word' id='word_1_97' title='bbox 420 1785 481 1848; x_wconf 82' lang='lat' dir='ltr'>imo</span> <span class='ocrx_word' id='word_1_98' title='bbox 504 1791 594 1868; x_wconf 89' lang='lat' dir='ltr'>prout</span> <span class='ocrx_word' id='word_1_99' title='bbox 615 1785 643 1846; x_wconf 91' lang='lat' dir='ltr'>ei</span> <span class='ocrx_word' id='word_1_100' title='bbox 672 1785 833 1866; x_wconf 76' lang='lat' dir='ltr'>obiiciebat</span> <span class='ocrx_word' id='word_1_101' title='bbox 858 1787 999 1850; x_wconf 86' lang='lat' dir='ltr'>Nicolaits</span> <span class='ocrx_word' id='word_1_102' title='bbox 1019 1791 1049 1867; x_wconf 88' lang='lat'>1,</span> 
     </span>
     <span class='ocr_line' id='line_1_18' title="bbox 91 1865 1049 1958; baseline 0.015 -33"><span class='ocrx_word' id='word_1_103' title='bbox 91 1865 141 1930; x_wconf 90' lang='lat' dir='ltr'>illis</span> <span class='ocrx_word' id='word_1_104' title='bbox 163 1871 363 1938; x_wconf 86' lang='lat' dir='ltr'>decretalibus</span> <span class='ocrx_word' id='word_1_105' title='bbox 396 1874 535 1937; x_wconf 87' lang='lat' dir='ltr'>utebatur</span> <span class='ocrx_word' id='word_1_106' title='bbox 566 1874 747 1938; x_wconf 86' lang='lat' dir='ltr'>Hincmarus</span> <span class='ocrx_word' id='word_1_107' title='bbox 774 1875 806 1937; x_wconf 93' lang='lat' dir='ltr'>in</span> <span class='ocrx_word' id='word_1_108' title='bbox 833 1875 870 1938; x_wconf 92' lang='lat' dir='ltr'>iis</span> <span class='ocrx_word' id='word_1_109' title='bbox 897 1895 966 1958; x_wconf 81' lang='lat' dir='ltr'>quae</span> <span class='ocrx_word' id='word_1_110' title='bbox 993 1877 1049 1940; x_wconf 89' lang='lat' dir='ltr'>sibi</span> 
     </span>
     <span class='ocr_line' id='line_1_19' title="bbox 92 1953 224 2026; baseline 0.061 -8"><span class='ocrx_word' id='word_1_111' title='bbox 92 1953 224 2026; x_wconf 79' lang='lat' dir='ltr'>latebant.</span> 
     </span>
    </p>

    <p class='ocr_par' dir='ltr' id='par_1_6' title="bbox 91 2051 1049 2510">
     <span class='ocr_line' id='line_1_20' title="bbox 124 2051 1049 2136; baseline 0.01 -26"><span class='ocrx_word' id='word_1_112' title='bbox 124 2051 272 2119; x_wconf 86' lang='lat' dir='ltr'>ltaautem</span> <span class='ocrx_word' id='word_1_113' title='bbox 295 2053 422 2118; x_wconf 85' lang='lat' dir='ltr'>invaluit</span> <span class='ocrx_word' id='word_1_114' title='bbox 443 2053 628 2135; x_wconf 89' lang='lat' dir='ltr'>impostura,</span> <span class='ocrx_word' id='word_1_115' title='bbox 652 2059 685 2116; x_wconf 96' lang='lat' dir='ltr'>ut</span> <span class='ocrx_word' id='word_1_116' title='bbox 708 2052 927 2136; x_wconf 83' lang='lat' dir='ltr'>subsequentes</span> <span class='ocrx_word' id='word_1_117' title='bbox 939 2055 1049 2118; x_wconf 92' lang='lat' dir='ltr'>collec-</span> 
     </span>
     <span class='ocr_line' id='line_1_21' title="bbox 92 2141 1049 2226; baseline 0.01 -28"><span class='ocrx_word' id='word_1_118' title='bbox 92 2141 160 2202; x_wconf 90' lang='lat' dir='ltr'>tores</span> <span class='ocrx_word' id='word_1_119' title='bbox 174 2145 362 2209; x_wconf 83' lang='lat' dir='ltr'>Burchardus</span> <span class='ocrx_word' id='word_1_120' title='bbox 378 2161 497 2225; x_wconf 82' lang='lat' dir='ltr'>nempe,</span> <span class='ocrx_word' id='word_1_121' title='bbox 514 2144 545 2206; x_wconf 89' lang='lat' dir='ltr'>S.</span> <span class='ocrx_word' id='word_1_122' title='bbox 565 2144 624 2205; x_wconf 92' lang='lat' dir='ltr'>Yvo</span> <span class='ocrx_word' id='word_1_123' title='bbox 639 2143 833 2205; x_wconf 85' lang='lat' dir='ltr'>Carnutensis</span> <span class='ocrx_word' id='word_1_124' title='bbox 843 2153 871 2205; x_wconf 90' lang='lat' dir='ltr'>et</span> <span class='ocrx_word' id='word_1_125' title='bbox 882 2147 1049 2226; x_wconf 86' lang='lat' dir='ltr'>praesertim</span> 
     </span>
     <span class='ocr_line' id='line_1_22' title="bbox 92 2227 1049 2314; baseline 0.011 -28"><span class='ocrx_word' id='word_1_126' title='bbox 92 2227 251 2314; x_wconf 78' lang='lat' dir='ltr'>Gratianus,</span> <span class='ocrx_word' id='word_1_127' title='bbox 279 2253 349 2298; x_wconf 87' lang='lat' dir='ltr'>suas</span> <span class='ocrx_word' id='word_1_128' title='bbox 371 2232 469 2296; x_wconf 81' lang='lat' dir='ltr'>fecere</span> <span class='ocrx_word' id='word_1_129' title='bbox 490 2232 556 2294; x_wconf 86' lang='lat' dir='ltr'>illas</span> <span class='ocrx_word' id='word_1_130' title='bbox 569 2231 657 2294; x_wconf 85' lang='lat' dir='ltr'>falsas</span> <span class='ocrx_word' id='word_1_131' title='bbox 670 2231 834 2294; x_wconf 82' lang='lat' dir='ltr'>decretales</span> <span class='ocrx_word' id='word_1_132' title='bbox 852 2233 926 2314; x_wconf 82' lang='lat' dir='ltr'>quin</span> <span class='ocrx_word' id='word_1_133' title='bbox 941 2233 1049 2298; x_wconf 86' lang='lat' dir='ltr'>exhinc</span> 
     </span>
     <span class='ocr_line' id='line_1_23' title="bbox 91 2315 1049 2404; baseline 0.011 -29"><span class='ocrx_word' id='word_1_134' title='bbox 91 2315 141 2380; x_wconf 87' lang='lat' dir='ltr'>ulla</span> <span class='ocrx_word' id='word_1_135' title='bbox 163 2325 335 2388; x_wconf 86' lang='lat' dir='ltr'>reclamatio</span> <span class='ocrx_word' id='word_1_136' title='bbox 358 2329 460 2386; x_wconf 78' lang='lat' dir='ltr'>exorta</span> <span class='ocrx_word' id='word_1_137' title='bbox 482 2320 570 2384; x_wconf 87' lang='lat' dir='ltr'>luerit</span> <span class='ocrx_word' id='word_1_138' title='bbox 588 2320 736 2404; x_wconf 91' lang='lat' dir='ltr'>usquead</span> <span class='ocrx_word' id='word_1_139' title='bbox 754 2319 911 2382; x_wconf 86' lang='lat' dir='ltr'>dimidiam</span> <span class='ocrx_word' id='word_1_140' title='bbox 933 2331 1049 2404; x_wconf 85' lang='lat' dir='ltr'>partem</span> 
     </span>
     <span class='ocr_line' id='line_1_24' title="bbox 91 2404 867 2510; baseline 0.008 -40"><span class='ocrx_word' id='word_1_141' title='bbox 91 2404 183 2474; x_wconf 82' lang='lat' dir='ltr'>decimi</span> <span class='ocrx_word' id='word_1_142' title='bbox 197 2416 295 2496; x_wconf 86' lang='lat' dir='ltr'>quinti</span> <span class='ocrx_word' id='word_1_143' title='bbox 315 2411 429 2476; x_wconf 83' lang='lat' dir='ltr'>saeculi.</span> <span class='ocrx_word' id='word_1_144' title='bbox 861 2498 867 2510; x_wconf 40' lang='lat'><em>·</em></span> 
     </span>
    </p>

    <p class='ocr_par' dir='ltr' id='par_1_7' title="bbox 88 2499 1048 3300">
     <span class='ocr_line' id='line_1_25' title="bbox 124 2499 1048 2578; baseline 0.004 -18"><span class='ocrx_word' id='word_1_145' title='bbox 124 2499 232 2568; x_wconf 82' lang='lat' dir='ltr'>Primus</span> <span class='ocrx_word' id='word_1_146' title='bbox 242 2504 383 2568; x_wconf 89' lang='lat' dir='ltr'>omnium</span> <span class='ocrx_word' id='word_1_147' title='bbox 394 2499 516 2564; x_wconf 81' lang='lat' dir='ltr'>Gordiu.</span> <span class='ocrx_word' id='word_1_148' title='bbox 531 2499 827 2578; x_wconf 86' lang='lat' dir='ltr'>NicolausCusanus,</span> <span class='ocrx_word' id='word_1_149' title='bbox 842 2516 923 2561; x_wconf 87' lang='lat' dir='ltr'>cuca</span> <span class='ocrx_word' id='word_1_150' title='bbox 933 2517 1048 2564; x_wconf 90' lang='lat' dir='ltr'>annum</span> 
     </span>
     <span class='ocr_line' id='line_1_26' title="bbox 94 2589 1048 2676; baseline -0.002 -22"><span class='ocrx_word' id='word_1_151' title='bbox 94 2589 166 2666; x_wconf 69' lang='lat' dir='ltr'>litt),</span> <span class='ocrx_word' id='word_1_152' title='bbox 181 2601 211 2658; x_wconf 90' lang='lat' dir='ltr'>ut</span> <span class='ocrx_word' id='word_1_153' title='bbox 224 2601 381 2676; x_wconf 86' lang='lat' dir='ltr'>suspectus</span> <span class='ocrx_word' id='word_1_154' title='bbox 394 2590 581 2654; x_wconf 83' lang='lat' dir='ltr'>denuntiarit</span> <span class='ocrx_word' id='word_1_155' title='bbox 596 2589 696 2652; x_wconf 85' lang='lat' dir='ltr'>:idem</span> <span class='ocrx_word' id='word_1_156' title='bbox 710 2589 804 2651; x_wconf 88' lang='lat' dir='ltr'>sensit</span> <span class='ocrx_word' id='word_1_157' title='bbox 821 2590 974 2651; x_wconf 83' lang='lat' dir='ltr'>Erasmus.</span> <span class='ocrx_word' id='word_1_158' title='bbox 990 2592 1048 2653; x_wconf 87' lang='lat' dir='ltr'>Eas</span> 
     </span>
     <span class='ocr_line' id='line_1_27' title="bbox 92 2677 1044 2761; baseline 0.004 -22"><span class='ocrx_word' id='word_1_159' title='bbox 92 2679 250 2756; x_wconf 82' lang='lat' dir='ltr'>rejiciendas</span> <span class='ocrx_word' id='word_1_160' title='bbox 268 2701 335 2746; x_wconf 87' lang='lat' dir='ltr'>esse</span> <span class='ocrx_word' id='word_1_161' title='bbox 354 2681 497 2744; x_wconf 84' lang='lat' dir='ltr'>dixerunt</span> <span class='ocrx_word' id='word_1_162' title='bbox 515 2680 737 2743; x_wconf 84' lang='lat' dir='ltr'>Centuriatores</span> <span class='ocrx_word' id='word_1_163' title='bbox 754 2677 1044 2761; x_wconf 80' lang='lat' dir='ltr'>hlagdeburgenses;</span> 
     </span>
     <span class='ocr_line' id='line_1_28' title="bbox 91 2769 1046 2851; baseline 0.002 -19"><span class='ocrx_word' id='word_1_164' title='bbox 91 2775 114 2826; x_wconf 77' lang='lat' dir='ltr'>et</span> <span class='ocrx_word' id='word_1_165' title='bbox 126 2775 256 2851; x_wconf 83' lang='lat' dir='ltr'>quamvis</span> <span class='ocrx_word' id='word_1_166' title='bbox 270 2797 322 2844; x_wconf 80' lang='lat' dir='ltr'>eos</span> <span class='ocrx_word' id='word_1_167' title='bbox 333 2770 488 2835; x_wconf 79' lang='lat' dir='ltr'>contulere</span> <span class='ocrx_word' id='word_1_168' title='bbox 506 2772 663 2832; x_wconf 81' lang='lat' dir='ltr'>tentaverit</span> <span class='ocrx_word' id='word_1_169' title='bbox 675 2769 853 2831; x_wconf 88' lang='lat' dir='ltr'>Franciscus</span> <span class='ocrx_word' id='word_1_170' title='bbox 865 2771 991 2846; x_wconf 84' lang='lat' dir='ltr'>Torres,</span> <span class='ocrx_word' id='word_1_171' title='bbox 1007 2770 1046 2834; x_wconf 89' lang='lat' dir='ltr'>ita</span> 
     </span>
     <span class='ocr_line' id='line_1_29' title="bbox 90 2855 1045 2941; baseline 0.005 -25"><span class='ocrx_word' id='word_1_172' title='bbox 90 2861 265 2926; x_wconf 79' lang='lat' dir='ltr'>maniiestam</span> <span class='ocrx_word' id='word_1_173' title='bbox 293 2859 494 2926; x_wconf 87' lang='lat' dir='ltr'>exhibuerunt</span> <span class='ocrx_word' id='word_1_174' title='bbox 521 2857 736 2941; x_wconf 85' lang='lat' dir='ltr'>imposturam,</span> <span class='ocrx_word' id='word_1_175' title='bbox 772 2855 926 2920; x_wconf 86' lang='lat' dir='ltr'>calvinista</span> <span class='ocrx_word' id='word_1_176' title='bbox 952 2859 1045 2923; x_wconf 87' lang='lat' dir='ltr'>David</span> 
     </span>
     <span class='ocr_line' id='line_1_30' title="bbox 90 2945 1042 3031; baseline 0.007 -27"><span class='ocrx_word' id='word_1_177' title='bbox 90 2945 248 3016; x_wconf 85' lang='lat' dir='ltr'>Blandellus</span> <span class='ocrx_word' id='word_1_178' title='bbox 261 2958 291 3015; x_wconf 89' lang='lat' dir='ltr'>et</span> <span class='ocrx_word' id='word_1_179' title='bbox 309 2949 395 3016; x_wconf 90' lang='lat' dir='ltr'>multi</span> <span class='ocrx_word' id='word_1_180' title='bbox 418 2949 468 3013; x_wconf 92' lang='lat' dir='ltr'>alii</span> <span class='ocrx_word' id='word_1_181' title='bbox 489 2948 647 3028; x_wconf 84' lang='lat' dir='ltr'>catholici,</span> <span class='ocrx_word' id='word_1_182' title='bbox 669 2949 748 3011; x_wconf 86' lang='lat' dir='ltr'>inter</span> <span class='ocrx_word' id='word_1_183' title='bbox 767 2967 844 3031; x_wconf 90' lang='lat' dir='ltr'>quos</span> <span class='ocrx_word' id='word_1_184' title='bbox 864 2949 908 3010; x_wconf 89' lang='lat' dir='ltr'>De</span> <span class='ocrx_word' id='word_1_185' title='bbox 924 2949 1042 3026; x_wconf 82' lang='lat' dir='ltr'>Merca,</span> 
     </span>
     <span class='ocr_line' id='line_1_31' title="bbox 90 3032 1044 3120; baseline 0.004 -22"><span class='ocrx_word' id='word_1_186' title='bbox 90 3032 229 3120; x_wconf 84' lang='lat' dir='ltr'>Baluzius,</span> <span class='ocrx_word' id='word_1_187' title='bbox 244 3041 366 3106; x_wconf 87' lang='lat' dir='ltr'>Cardia.</span> <span class='ocrx_word' id='word_1_188' title='bbox 384 3039 531 3108; x_wconf 87' lang='lat' dir='ltr'>Norisius,</span> <span class='ocrx_word' id='word_1_189' title='bbox 548 3037 659 3116; x_wconf 86' lang='lat' dir='ltr'>Lahbe,</span> <span class='ocrx_word' id='word_1_190' title='bbox 676 3037 771 3100; x_wconf 88' lang='lat' dir='ltr'>Natal.</span> <span class='ocrx_word' id='word_1_191' title='bbox 790 3036 969 3113; x_wconf 82' lang='lat' dir='ltr'>alexander,</span> <span class='ocrx_word' id='word_1_192' title='bbox 984 3037 1044 3102; x_wconf 84' lang='lat' dir='ltr'>ira-</span> 
     </span>
     <span class='ocr_line' id='line_1_32' title="bbox 89 3126 1044 3210; baseline 0.003 -22"><span class='ocrx_word' id='word_1_193' title='bbox 89 3129 303 3210; x_wconf 85' lang='lat' dir='ltr'>trcsBallerini,</span> <span class='ocrx_word' id='word_1_194' title='bbox 319 3131 457 3196; x_wconf 76' lang='lat' dir='ltr'>Zacreria</span> <span class='ocrx_word' id='word_1_195' title='bbox 471 3129 558 3193; x_wconf 91' lang='lat' dir='ltr'>etalii</span> <span class='ocrx_word' id='word_1_196' title='bbox 574 3127 678 3204; x_wconf 93' lang='lat' dir='ltr'>multi,</span> <span class='ocrx_word' id='word_1_197' title='bbox 694 3136 727 3190; x_wconf 91' lang='lat' dir='ltr'>ut</span> <span class='ocrx_word' id='word_1_198' title='bbox 741 3127 830 3190; x_wconf 90' lang='lat' dir='ltr'>hodie</span> <span class='ocrx_word' id='word_1_199' title='bbox 844 3126 924 3208; x_wconf 88' lang='lat' dir='ltr'>apud</span> <span class='ocrx_word' id='word_1_200' title='bbox 938 3143 1044 3191; x_wconf 86' lang='lat' dir='ltr'>omnes</span> 
     </span>
     <span class='ocr_line' id='line_1_33' title="bbox 88 3217 958 3300; baseline -0.005 -18"><span class='ocrx_word' id='word_1_201' title='bbox 88 3219 204 3286; x_wconf 76' lang='lat' dir='ltr'>erudias</span> <span class='ocrx_word' id='word_1_202' title='bbox 217 3229 335 3286; x_wconf 85' lang='lat' dir='ltr'>constet</span> <span class='ocrx_word' id='word_1_203' title='bbox 347 3220 386 3284; x_wconf 86' lang='lat' dir='ltr'>dc</span> <span class='ocrx_word' id='word_1_204' title='bbox 397 3219 517 3282; x_wconf 87' lang='lat' dir='ltr'>illarum</span> <span class='ocrx_word' id='word_1_205' title='bbox 533 3217 726 3281; x_wconf 88' lang='lat' dir='ltr'>decretalium</span> <span class='ocrx_word' id='word_1_206' title='bbox 741 3217 958 3300; x_wconf 88' lang='lat' dir='ltr'>suppositione.</span> 
     </span>
    </p>

    <p class='ocr_par' dir='ltr' id='par_1_8' title="bbox 86 3303 1041 3662">
     <span class='ocr_line' id='line_1_34' title="bbox 117 3303 1041 3390; baseline -0.002 -19"><span class='ocrx_word' id='word_1_207' title='bbox 117 3308 155 3374; x_wconf 84' lang='lat' dir='ltr'>Ex</span> <span class='ocrx_word' id='word_1_208' title='bbox 173 3314 233 3376; x_wconf 91' lang='lat' dir='ltr'>hoc</span> <span class='ocrx_word' id='word_1_209' title='bbox 256 3312 333 3376; x_wconf 90' lang='lat' dir='ltr'>iacto</span> <span class='ocrx_word' id='word_1_210' title='bbox 372 3317 435 3373; x_wconf 70' lang='lat' dir='ltr'>um</span> <span class='ocrx_word' id='word_1_211' title='bbox 458 3306 606 3390; x_wconf 91' lang='lat' dir='ltr'>stupendo</span> <span class='ocrx_word' id='word_1_212' title='bbox 628 3326 733 3370; x_wconf 86' lang='lat' dir='ltr'>ansam</span> <span class='ocrx_word' id='word_1_213' title='bbox 751 3303 923 3369; x_wconf 87' lang='lat' dir='ltr'>clamitandi</span> <span class='ocrx_word' id='word_1_214' title='bbox 938 3312 1041 3369; x_wconf 88' lang='lat' dir='ltr'>contra</span> 
     </span>
     <span class='ocr_line' id='line_1_35' title="bbox 88 3394 1040 3484; baseline -0.005 -23"><span class='ocrx_word' id='word_1_215' title='bbox 88 3394 234 3466; x_wconf 86' lang='lat' dir='ltr'>Ecclesiam</span> <span class='ocrx_word' id='word_1_216' title='bbox 261 3402 395 3484; x_wconf 90' lang='lat' dir='ltr'>arripere</span> <span class='ocrx_word' id='word_1_217' title='bbox 418 3418 480 3463; x_wconf 93' lang='lat' dir='ltr'>non</span> <span class='ocrx_word' id='word_1_218' title='bbox 496 3399 664 3461; x_wconf 89' lang='lat' dir='ltr'>omiserunt</span> <span class='ocrx_word' id='word_1_219' title='bbox 685 3398 894 3469; x_wconf 88' lang='lat' dir='ltr'>Protestantes,</span> <span class='ocrx_word' id='word_1_220' title='bbox 916 3403 1040 3457; x_wconf 90' lang='lat' dir='ltr'>conten·</span> 
     </span>
     <span class='ocr_line' id='line_1_36' title="bbox 86 3482 1039 3576; baseline -0.007 -28"><span class='ocrx_word' id='word_1_221' title='bbox 86 3483 174 3556; x_wconf 71' lang='lat' dir='ltr'>denes</span> <span class='ocrx_word' id='word_1_222' title='bbox 191 3511 246 3576; x_wconf 90' lang='lat' dir='ltr'>per</span> <span class='ocrx_word' id='word_1_223' title='bbox 259 3490 349 3555; x_wconf 78' lang='lat' dir='ltr'>salsas</span> <span class='ocrx_word' id='word_1_224' title='bbox 369 3488 532 3552; x_wconf 86' lang='lat' dir='ltr'>decretales</span> <span class='ocrx_word' id='word_1_225' title='bbox 550 3485 739 3568; x_wconf 88' lang='lat' dir='ltr'>deturpatam</span> <span class='ocrx_word' id='word_1_226' title='bbox 762 3484 854 3547; x_wconf 88' lang='lat' dir='ltr'>luisse</span> <span class='ocrx_word' id='word_1_227' title='bbox 872 3482 1039 3544; x_wconf 87' lang='lat' dir='ltr'>doctrinam</span> 
     </span>
     <span class='ocr_line' id='line_1_37' title="bbox 86 3567 1040 3662; baseline -0.008 -25"><span class='ocrx_word' id='word_1_228' title='bbox 86 3579 258 3662; x_wconf 83' lang='lat' dir='ltr'>catholicam,</span> <span class='ocrx_word' id='word_1_229' title='bbox 275 3589 306 3645; x_wconf 85' lang='lat' dir='ltr'>et</span> <span class='ocrx_word' id='word_1_230' title='bbox 319 3579 391 3644; x_wconf 89' lang='lat' dir='ltr'>iude</span> <span class='ocrx_word' id='word_1_231' title='bbox 412 3585 509 3642; x_wconf 87' lang='lat' dir='ltr'>ortam</span> <span class='ocrx_word' id='word_1_232' title='bbox 525 3577 617 3641; x_wconf 86' lang='lat' dir='ltr'>luisse</span> <span class='ocrx_word' id='word_1_233' title='bbox 631 3573 799 3637; x_wconf 92' lang='lat' dir='ltr'>hodiernan</span> <span class='ocrx_word' id='word_1_234' title='bbox 813 3571 988 3654; x_wconf 85' lang='lat' dir='ltr'>opinionem</span> <span class='ocrx_word' id='word_1_235' title='bbox 1002 3567 1040 3630; x_wconf 91' lang='lat' dir='ltr'>de</span> 
     </span>
    </p>
   </div>
   <div class='ocr_carea' id='block_1_5' title="bbox 0 0 1298 3994">
    <p class='ocr_par' dir='ltr' id='par_1_9' title="bbox 0 0 1298 3994">
     <span class='ocr_line' id='line_1_38' title="bbox 0 0 1298 3994; baseline 0 4"><span class='ocrx_word' id='word_1_236' title='bbox 0 0 1298 3994; x_wconf 95' lang='lat' dir='ltr'> </span> 
     </span>
    </p>
   </div>
  </div>
 </body>
</html>
