2546 3992
495 265 580 311 crena
602 265 719 312 curuos.
1032 251 1088 314 551

124 381 138 420 o
161 359 208 422 dis
223 360 337 426 missis.
356 359 518 442 procedere
534 357 654 422 debent.
670 381 686 419 c
702 363 746 422 lte
760 361 980 424 Scarlantonius
993 361 1091 442 (itta,

124 469 154 532 p.
163 452 235 600 Nag?
239 453 339 600 'limen
350 537 387 601 ad
397 538 560 620 Episcopos
568 539 697 620 pertinet
706 537 824 600 illarum
834 538 1092 620 eleemosynarnm

124 627 339 690 administratio
349 627 379 688 in
389 626 648 689 Cathedralibnset
658 627 990 708 CollegietisVideSC.
1000 629 1090 690 Cone.

15 775 17 779 ,
124 716 156 776 la
174 717 331 793 Sumeret,
350 721 387 778 27
408 717 476 795 jun.
494 719 590 793 trus,
611 735 660 798 ap.
683 715 795 794 Bouix,
814 715 868 791 lb,
886 735 918 798 p.
939 719 1008 781 301.
1020 716 1094 779 Vide

125 805 214 867 etiam
229 805 356 868 dicende
368 805 443 868 intre
457 808 561 883 (5362,
577 808 659 884 etc).

166 899 253 958 tutu.
276 895 398 967 Quaerit.
418 899 450 955 1ο
475 897 521 956 An
535 894 690 976 Episcopis
703 899 853 976 competat
870 895 1030 958 missarum
1044 901 1095 958 aut

130 983 252 1045 diarum
267 984 385 1065 piarum
400 983 608 1046 fundationum
618 1002 710 1046 onera
719 984 880 1046 reducendi
896 983 1046 1068 poteslas?

165 1071 1095 1155 Resp.l⁰Quoadmissarumreductionem,Episcopisquidem

22 1191 28 1214 ι
126 1159 465 1222 10οηοἱΙίοΤι·ἰᾱθιιιὶηο
474 1160 613 1222 attributa
621 1167 683 1222 erat
693 1161 815 1222 facultas
829 1180 921 1224 onera
935 1162 1094 1224 missarum

127 1249 289 1312 reducendi
305 1249 335 1310 in
356 1248 478 1329 Synodo
491 1249 675 1326 dioecesana,
692 1250 813 1329 quando
826 1250 872 1311 vel
889 1257 951 1312 tam
967 1269 1095 1332 magnus

129 1357 231 1400 earum
245 1357 390 1400 numerus
400 1337 557 1419 impositus
567 1337 668 1408 luerit,
683 1343 716 1398 ut
726 1337 783 1398 illis
792 1356 846 1418 pro
856 1338 981 1417 singulis
990 1338 1096 1400 diebus

127 1430 144 1489 a
159 1427 346 1490 testatoribus
356 1427 534 1508 praescriptis
548 1433 677 1506 nequeat
691 1426 841 1500 satisfieri3
854 1426 896 1488 uel
906 1427 1096 1506 eleemosyna

127 1517 298 1594 hujusmodi
313 1515 388 1578 adeo
399 1517 496 1577 tenuis
510 1515 547 1576 sit
562 1523 595 1576 ut
612 1533 672 1576 nou
687 1514 773 1576 facile
787 1515 1015 1595 inuenieturqui
1029 1515 1097 1576 velit

129 1605 198 1668 buic
218 1606 301 1669 oneri
317 1623 348 1666 se
369 1605 525 1684 subjicere.
545 1604 617 1666 Vide
631 1622 703 1666 sess.
728 1607 786 1680 25,
806 1622 872 1685 cap.
897 1608 936 1680 1;
960 1603 1011 1664 sed
1025 1603 1096 1667 huic

128 1697 310 1758 'tridentinae
332 1693 519 1776 dispositioni
542 1692 718 1774 derogatum
736 1692 793 1755 luit
814 1693 853 1755 eb
872 1693 991 1756 Urbano
1013 1695 1094 1771 Vlll,

129 1787 251 1848 Constit.
270 1786 342 1848 Cum
355 1783 429 1865 sepe
446 1788 480 1846 31
503 1785 566 1862 jau.
584 1786 683 1860 laad,
705 1781 882 1844 confirmata
896 1781 934 1842 ab
947 1784 1095 1844 innocen·

130 1874 170 1934 tio
180 1875 242 1949 llll,
254 1874 326 1935 ubi:
343 1872 505 1934 eltistricte
520 1873 672 1954 prohibet,
684 1889 723 1934 ne
736 1871 874 1952 Episcopi
886 1871 917 1932 in
927 1870 1097 1932 dioecesana

130 1984 144 2020 o
169 1962 306 2044 Synodo,
330 1968 380 2023 aut
403 1961 577 2042 generales,
604 1960 635 2021 in
669 1960 812 2041 Capitulis
835 1959 1025 2039 generalibus
1049 1958 1097 2020 vel

130 2075 143 2110 u
169 2047 259 2127 alias,
275 2049 489 2132 quoquomodo
503 2049 648 2110 reducant
662 2066 754 2108 onera
767 2048 826 2108 ulla
842 2047 1002 2109 missarum
1022 2048 1098 2110 cele-

130 2163 144 2198 n
170 2139 372 2208 brendorum,
389 2145 440 2199 aut
455 2145 521 2219 post
535 2136 614 2198 idem
638 2136 805 2198 Concilium
823 2135 981 2215 imposita,
997 2141 1047 2197 aut
1065 2137 1096 2196 in

131 2251 146 2286 o
171 2227 273 2288 limine
287 2225 483 2302 fundationis;
495 2224 547 2287 sed
559 2243 613 2306 pro
626 2223 674 2286 his
688 2223 830 2285 oneribus
843 2222 1031 2296 reducendis,
1046 2228 1099 2284 eut

131 2339 146 2377 i
171 2313 380 2392 moderandis,
394 2315 441 2377 vel
459 2313 694 2384 commutandis,
712 2311 750 2374 ad
772 2311 972 2394 apostolicam
989 2311 1097 2374 Sedem

132 2430 147 2466 o
171 2411 357 2481 recurratur,
372 2409 431 2466 etc.
448 2403 601 2480 Alioquin,
616 2401 824 2463 reductiones.
840 2399 1095 2462 molerationes...

131 2508 146 2550 r
167 2487 349 2566 hujusmodi,
362 2487 386 2550 si
397 2496 584 2568 quascontre
597 2487 769 2570 hujusmodi
784 2485 910 2550 lorm'em
921 2489 986 2551 lteri
995 2489 1092 2552 contiv

129 2600 142 2639 r
168 2578 255 2661 gerit,
272 2577 400 2640 omnino
422 2577 518 2640 nullas
533 2585 562 2639 et
587 2577 692 2639 inanes
705 2575 850 2638 decernit.
869 2597 884 2636 o
911 2579 999 2640 Juxta
1017 2597 1092 2659 erqo

128 2668 239 2732 Urbani
259 2667 413 2730 decretum
428 2667 550 2730 facultas
563 2667 630 2729 data
652 2668 669 2728 d
684 2665 816 2727 Concilio
830 2665 962 2726 Trident.
979 2668 1093 2730 intelli·

130 2756 208 2837 gitur
222 2757 338 2819 tuntum
353 2756 390 2818 de
404 2756 582 2819 reducendis
597 2755 695 2816 missis
708 2765 778 2818 ante
790 2755 956 2817 Concilium
972 2757 1092 2834 relictis,

130 2853 158 2906 et
179 2863 241 2908 non
262 2844 409 2925 impositis
430 2845 460 2906 in
476 2845 579 2907 limine
602 2843 795 2906 fundationis.
820 2844 893 2907 Vide
908 2845 938 2907 S.
957 2845 1090 2926 Lignea,

130 2933 165 2996 de
177 2933 301 3009 Pavet,
318 2946 352 2997 n·
365 2938 416 3011 70,
432 2942 461 2997 et
476 2934 525 2996 lib.
542 2938 572 3003 a,
590 2945 624 2994 n⁰
636 2937 705 2996 331.

168 3017 200 3076 tn
216 3015 308 3076 Gallia
323 3023 422 3075 tanen
437 3012 576 3094 Episcopi
599 3018 740 3073 exercent
758 3010 926 3071 tenuitatem
940 3006 1093 3090 praetatam

128 3121 218 3166 emera
233 3103 391 3165 missarum
404 3100 582 3175 reducendi,
598 3098 764 3181 etquidem
785 3097 839 3158 soli
853 3097 966 3178 absque
982 3097 1093 3160 dioece-

133 3192 334 3273 sanaSynodo
349 3189 490 3269 (diction.
507 3189 639 3251 d'Andrd
649 3196 678 3250 ν0
688 3185 867 3262 Fondatioa,
879 3183 910 3247 in
925 3185 1094 3264 fine).eLes

129 3303 143 3336 s
169 3281 271 3343 Bulles
284 3279 426 3344 d'ltrbain
441 3281 504 3340 Vlll
519 3285 547 3340 et
560 3277 737 3340 d'lnnocent
748 3277 801 3338 Xll
819 3273 869 3355 n’y
883 3281 972 3354 ayant
982 3293 1034 3356 pes
1048 3275 1094 3337 dte

129 3392 144 3434 o
169 3367 521 3452 promulgudeS,cinquit
532 3369 593 3428 nu.
606 3365 685 3429 All're
694 3363 1012 3446 (Admiu.tempor.,p.
1022 3365 1092 3440 555,

130 3468 193 3522 not.
206 3463 238 3536 1,
254 3458 324 3520 edit.
339 3461 397 3538 4·);
413 3463 443 3519 et
456 3459 493 3520 eo
503 3474 599 3538 usque
609 3453 797 3538 progreditur
807 3456 842 3514 D.
858 3451 976 3513 Dieulin
991 3443 1095 3526 (Gctde

134 3548 177 3614 te
190 3551 323 3625 cure's,t.
340 3551 354 3610 1
371 3595 378 3619 ,
395 3568 425 3629 p.
443 3549 511 3625 191)
525 3544 607 3628 qudd
620 3551 731 3606 asserat
747 3563 754 3604 :
772 3544 838 3606 cles
857 3542 912 3602 lois
926 3540 1093 3620 canom'quer

135 3660 150 3692 a
170 3629 1093 3716 etcivilesn’attribuentcepuurorrqu'lluiseulldl'Eveque).
