<?xml version="1.0" encoding="UTF-8"?>
<!DOCTYPE html PUBLIC "-//W3C//DTD XHTML 1.0 Transitional//EN"
    "http://www.w3.org/TR/xhtml1/DTD/xhtml1-transitional.dtd">
<html xmlns="http://www.w3.org/1999/xhtml" xml:lang="en" lang="en">
 <head>
  <title>
</title>
<meta http-equiv="Content-Type" content="text/html;charset=utf-8" />
  <meta name='ocr-system' content='tesseract 3.04.00' />
  <meta name='ocr-capabilities' content='ocr_page ocr_carea ocr_par ocr_line ocrx_word'/>
</head>
<body>
  <div class='ocr_page' id='page_1' title='image "./manualetotiusju03craigoog_0707.png"; bbox 0 0 2496 3992; ppageno 0'>
   <div class='ocr_carea' id='block_1_1' title="bbox 235 227 985 308">
    <p class='ocr_par' dir='ltr' id='par_1_1' title="bbox 235 227 985 308">
     <span class='ocr_line' id='line_1_1' title="bbox 235 227 985 308; baseline 0.017 -15"><span class='ocrx_word' id='word_1_1' title='bbox 235 227 292 294; x_wconf 82' lang='lat' dir='ltr'><strong>otti</strong></span> <span class='ocrx_word' id='word_1_2' title='bbox 443 249 702 300; x_wconf 72' lang='lat' dir='ltr'><strong>assumeremus</strong></span> <span class='ocrx_word' id='word_1_3' title='bbox 723 254 808 303; x_wconf 86' lang='lat' dir='ltr'><strong>snnrs</strong></span> <span class='ocrx_word' id='word_1_4' title='bbox 828 258 985 308; x_wconf 79' lang='lat' dir='ltr'><strong>curtorum.</strong></span> 
     </span>
    </p>
   </div>
   <div class='ocr_carea' id='block_1_2' title="bbox 233 368 1204 510">
    <p class='ocr_par' dir='ltr' id='par_1_2' title="bbox 233 368 1204 510">
     <span class='ocr_line' id='line_1_2' title="bbox 233 368 1204 439; baseline 0.02 -24"><span class='ocrx_word' id='word_1_5' title='bbox 233 368 439 428; x_wconf 76' lang='lat' dir='ltr'><strong>consequentibus</strong></span> <span class='ocrx_word' id='word_1_6' title='bbox 453 369 605 432; x_wconf 77' lang='lat' dir='ltr'>temporibus</span> <span class='ocrx_word' id='word_1_7' title='bbox 620 384 749 433; x_wconf 82' lang='lat' dir='ltr'><strong>pravorum</strong></span> <span class='ocrx_word' id='word_1_8' title='bbox 767 372 941 425; x_wconf 81' lang='lat' dir='ltr'>doctrinarum</span> <span class='ocrx_word' id='word_1_9' title='bbox 952 377 1041 439; x_wconf 81' lang='lat' dir='ltr'><strong>pestis</strong></span> <span class='ocrx_word' id='word_1_10' title='bbox 1058 379 1139 433; x_wconf 78' lang='lat' dir='ltr'><strong>tatius</strong></span> <span class='ocrx_word' id='word_1_11' title='bbox 1160 397 1204 433; x_wconf 86' lang='lat' dir='ltr'><strong>ser·</strong></span> 
     </span>
     <span class='ocr_line' id='line_1_3' title="bbox 234 443 1204 510; baseline 0.02 -24"><span class='ocrx_word' id='word_1_12' title='bbox 234 444 312 502; x_wconf 85' lang='lat' dir='ltr'><strong>peret,</strong></span> <span class='ocrx_word' id='word_1_13' title='bbox 329 443 510 504; x_wconf 74' lang='lat' dir='ltr'><strong>rectorumque</strong></span> <span class='ocrx_word' id='word_1_14' title='bbox 527 443 631 490; x_wconf 85' lang='lat' dir='ltr'><strong>audacia</strong></span> <span class='ocrx_word' id='word_1_15' title='bbox 651 443 825 500; x_wconf 77' lang='lat' dir='ltr'><strong>invalesceret,</strong></span> <span class='ocrx_word' id='word_1_16' title='bbox 843 447 962 510; x_wconf 83' lang='lat' dir='ltr'><strong>oppositu</strong></span> <span class='ocrx_word' id='word_1_17' title='bbox 980 455 1151 503; x_wconf 76' lang='lat' dir='ltr'><strong>auctoritatis</strong></span> <span class='ocrx_word' id='word_1_18' title='bbox 1162 471 1204 506; x_wconf 78' lang='lat' dir='ltr'><strong>sue</strong></span> 
     </span>
    </p>
   </div>
   <div class='ocr_carea' id='block_1_3' title="bbox 135 509 1203 582">
    <p class='ocr_par' dir='ltr' id='par_1_3' title="bbox 135 509 1203 582">
     <span class='ocr_line' id='line_1_4' title="bbox 135 509 1203 582; baseline 0.016 -24"><span class='ocrx_word' id='word_1_19' title='bbox 135 567 137 573; x_wconf 33' lang='grc' dir='ltr'>Ι</span> <span class='ocrx_word' id='word_1_20' title='bbox 232 510 325 559; x_wconf 81' lang='lat' dir='ltr'><strong>ruitum</strong></span> <span class='ocrx_word' id='word_1_21' title='bbox 339 509 389 560; x_wconf 92' lang='lat' dir='ltr'><strong>illis</strong></span> <span class='ocrx_word' id='word_1_22' title='bbox 399 511 561 562; x_wconf 90' lang='lat' dir='ltr'><strong>intercludere</strong></span> <span class='ocrx_word' id='word_1_23' title='bbox 571 514 652 562; x_wconf 81' lang='lat' dir='ltr'><strong>consti</strong></span> <span class='ocrx_word' id='word_1_24' title='bbox 669 519 734 564; x_wconf 84' lang='lat' dir='ltr'><strong>suut.</strong></span> <span class='ocrx_word' id='word_1_25' title='bbox 751 543 782 553; x_wconf 94' lang='lat'><em>-</em></span> <span class='ocrx_word' id='word_1_26' title='bbox 799 518 848 566; x_wconf 85' lang='lat' dir='ltr'><strong>lios</strong></span> <span class='ocrx_word' id='word_1_27' title='bbox 860 518 909 580; x_wconf 84' lang='lat' dir='ltr'><strong>ipsi</strong></span> <span class='ocrx_word' id='word_1_28' title='bbox 924 521 1029 582; x_wconf 78' lang='lat' dir='ltr'><strong>pluries</strong></span> <span class='ocrx_word' id='word_1_29' title='bbox 1045 525 1203 574; x_wconf 76' lang='lat' dir='ltr'><strong>denuntien-</strong></span> 
     </span>
    </p>
   </div>
   <div class='ocr_carea' id='block_1_4' title="bbox 161 583 1238 3375">
    <p class='ocr_par' dir='ltr' id='par_1_4' title="bbox 224 583 1238 2584">
     <span class='ocr_line' id='line_1_5' title="bbox 232 583 1203 659; baseline 0.018 -27"><span class='ocrx_word' id='word_1_30' title='bbox 232 593 288 632; x_wconf 85' lang='lat' dir='ltr'><strong>mus</strong></span> <span class='ocrx_word' id='word_1_31' title='bbox 299 597 372 646; x_wconf 86' lang='lat' dir='ltr'><strong>quarn</strong></span> <span class='ocrx_word' id='word_1_32' title='bbox 381 583 462 646; x_wconf 76' lang='lat' dir='ltr'><strong>gravia</strong></span> <span class='ocrx_word' id='word_1_33' title='bbox 473 584 579 646; x_wconf 88' lang='lat' dir='ltr'><strong>pericula</strong></span> <span class='ocrx_word' id='word_1_34' title='bbox 592 583 760 648; x_wconf 78' lang='lat' dir='ltr'><strong>impendeant,</strong></span> <span class='ocrx_word' id='word_1_35' title='bbox 772 589 897 652; x_wconf 83' lang='lat' dir='ltr'><strong>simulque</strong></span> <span class='ocrx_word' id='word_1_36' title='bbox 910 590 1102 650; x_wconf 74' lang='lat' dir='ltr'><strong>indicarimus.</strong></span> <span class='ocrx_word' id='word_1_37' title='bbox 1114 613 1168 659; x_wconf 77' lang='lat' dir='ltr'><strong>que</strong></span> <span class='ocrx_word' id='word_1_38' title='bbox 1179 600 1203 648; x_wconf 78' lang='lat' dir='ltr'><strong>sd</strong></span> 
     </span>
     <span class='ocr_line' id='line_1_6' title="bbox 232 656 1202 730; baseline 0.018 -28"><span class='ocrx_word' id='word_1_39' title='bbox 232 667 317 702; x_wconf 89' lang='lat' dir='ltr'><strong>eorum</strong></span> <span class='ocrx_word' id='word_1_40' title='bbox 341 656 563 718; x_wconf 71' lang='lat' dir='ltr'><strong>propulsandorum</strong></span> <span class='ocrx_word' id='word_1_41' title='bbox 578 657 641 706; x_wconf 84' lang='lat' dir='ltr'><strong>ratio</strong></span> <span class='ocrx_word' id='word_1_42' title='bbox 665 657 764 719; x_wconf 85' lang='lat' dir='ltr'><strong>optima.</strong></span> <span class='ocrx_word' id='word_1_43' title='bbox 779 660 936 723; x_wconf 72' lang='lat' dir='ltr'><strong>Principibus</strong></span> <span class='ocrx_word' id='word_1_44' title='bbox 952 665 1110 730; x_wconf 76' lang='lat' dir='ltr'><strong>ceterisque</strong></span> <span class='ocrx_word' id='word_1_45' title='bbox 1130 685 1202 719; x_wconf 72' lang='lat' dir='ltr'><strong>meu·</strong></span> 
     </span>
     <span class='ocr_line' id='line_1_7' title="bbox 232 727 1202 804; baseline 0.009 -30"><span class='ocrx_word' id='word_1_46' title='bbox 232 727 385 788; x_wconf 78' lang='lat' dir='ltr'><strong>publicarum</strong></span> <span class='ocrx_word' id='word_1_47' title='bbox 413 727 608 777; x_wconf 77' lang='lat' dir='ltr'><strong>moderatoribus</strong></span> <span class='ocrx_word' id='word_1_48' title='bbox 627 729 772 791; x_wconf 70' lang='lat' dir='ltr'><strong>presidium</strong></span> <span class='ocrx_word' id='word_1_49' title='bbox 792 731 920 795; x_wconf 73' lang='lat' dir='ltr'><strong>rettptonts</strong></span> <span class='ocrx_word' id='word_1_50' title='bbox 948 736 1113 800; x_wconf 88' lang='lat' dir='ltr'><strong>obtulimus,</strong></span> <span class='ocrx_word' id='word_1_51' title='bbox 1136 757 1202 804; x_wconf 74' lang='lat' dir='ltr'><strong>popo.</strong></span> 
     </span>
     <span class='ocr_line' id='line_1_8' title="bbox 232 797 1201 870; baseline 0.019 -25"><span class='ocrx_word' id='word_1_52' title='bbox 232 797 320 860; x_wconf 79' lang='lat' dir='ltr'><strong>iusque</strong></span> <span class='ocrx_word' id='word_1_53' title='bbox 336 798 422 846; x_wconf 80' lang='lat' dir='ltr'><strong>norun</strong></span> <span class='ocrx_word' id='word_1_54' title='bbox 438 813 532 849; x_wconf 84' lang='lat' dir='ltr'><strong>sumus.</strong></span> <span class='ocrx_word' id='word_1_55' title='bbox 546 804 574 848; x_wconf 90' lang='lat' dir='ltr'><strong>ut</strong></span> <span class='ocrx_word' id='word_1_56' title='bbox 589 814 744 850; x_wconf 83' lang='lat' dir='ltr'><strong>summorum</strong></span> <span class='ocrx_word' id='word_1_57' title='bbox 761 803 881 852; x_wconf 88' lang='lat' dir='ltr'><strong>bonorum</strong></span> <span class='ocrx_word' id='word_1_58' title='bbox 894 805 977 867; x_wconf 87' lang='lat' dir='ltr'><strong>copia.</strong></span> <span class='ocrx_word' id='word_1_59' title='bbox 993 823 1080 870; x_wconf 81' lang='lat' dir='ltr'><strong>quarn</strong></span> <span class='ocrx_word' id='word_1_60' title='bbox 1099 813 1201 862; x_wconf 73' lang='lat' dir='ltr'><strong>Ecclesia</strong></span> 
     </span>
     <span class='ocr_line' id='line_1_9' title="bbox 232 869 1201 946; baseline 0.015 -28"><span class='ocrx_word' id='word_1_61' title='bbox 232 869 491 932; x_wconf 81' lang='lat' dir='ltr'><strong>suppeditat,maxime</strong></span> <span class='ocrx_word' id='word_1_62' title='bbox 501 875 638 920; x_wconf 89' lang='lat' dir='ltr'><strong>uterentur.</strong></span> <span class='ocrx_word' id='word_1_63' title='bbox 658 873 682 920; x_wconf 92' lang='lat' dir='ltr'><strong>ld</strong></span> <span class='ocrx_word' id='word_1_64' title='bbox 700 874 880 937; x_wconf 69' lang='lat' dir='ltr'><strong>nuncapimus,</strong></span> <span class='ocrx_word' id='word_1_65' title='bbox 895 881 923 924; x_wconf 87' lang='lat' dir='ltr'><strong>ut</strong></span> <span class='ocrx_word' id='word_1_66' title='bbox 936 875 1024 939; x_wconf 86' lang='lat' dir='ltr'><strong>ipsum</strong></span> <span class='ocrx_word' id='word_1_67' title='bbox 1039 881 1111 930; x_wconf 89' lang='lat' dir='ltr'><strong>illud</strong></span> <span class='ocrx_word' id='word_1_68' title='bbox 1123 889 1201 946; x_wconf 70' lang='lat' dir='ltr'><strong>presi·</strong></span> 
     </span>
     <span class='ocr_line' id='line_1_10' title="bbox 232 939 1200 1013; baseline 0.017 -25"><span class='ocrx_word' id='word_1_69' title='bbox 232 939 310 996; x_wconf 89' lang='lat' dir='ltr'><strong>dium,</strong></span> <span class='ocrx_word' id='word_1_70' title='bbox 327 955 374 1002; x_wconf 89' lang='lat' dir='ltr'><strong>quo</strong></span> <span class='ocrx_word' id='word_1_71' title='bbox 390 939 451 989; x_wconf 89' lang='lat' dir='ltr'><strong>nibil</strong></span> <span class='ocrx_word' id='word_1_72' title='bbox 475 945 512 989; x_wconf 88' lang='lat' dir='ltr'><strong>est</strong></span> <span class='ocrx_word' id='word_1_73' title='bbox 525 941 639 998; x_wconf 83' lang='lat' dir='ltr'><strong>validius,</strong></span> <span class='ocrx_word' id='word_1_74' title='bbox 656 942 703 991; x_wconf 89' lang='lat' dir='ltr'><strong>sibi</strong></span> <span class='ocrx_word' id='word_1_75' title='bbox 719 957 804 992; x_wconf 84' lang='lat' dir='ltr'><strong>rursus</strong></span> <span class='ocrx_word' id='word_1_76' title='bbox 829 945 940 995; x_wconf 79' lang='lat' dir='ltr'><strong>oblatum</strong></span> <span class='ocrx_word' id='word_1_77' title='bbox 957 949 1098 1013; x_wconf 84' lang='lat' dir='ltr'><strong>principes</strong></span> <span class='ocrx_word' id='word_1_78' title='bbox 1115 954 1200 1004; x_wconf 78' lang='lat' dir='ltr'><strong>inteili</strong></span> 
     </span>
     <span class='ocr_line' id='line_1_11' title="bbox 231 1011 1200 1082; baseline 0.004 -22"><span class='ocrx_word' id='word_1_79' title='bbox 231 1015 290 1074; x_wconf 63' lang='lat' dir='ltr'><strong>‘gant</strong></span> <span class='ocrx_word' id='word_1_80' title='bbox 310 1025 407 1072; x_wconf 62' lang='lat' dir='ltr'><strong>eosque</strong></span> <span class='ocrx_word' id='word_1_81' title='bbox 418 1011 579 1060; x_wconf 77' lang='lat' dir='ltr'><strong>veliementer</strong></span> <span class='ocrx_word' id='word_1_82' title='bbox 589 1011 614 1060; x_wconf 90' lang='lat' dir='ltr'><strong>in</strong></span> <span class='ocrx_word' id='word_1_83' title='bbox 629 1013 730 1062; x_wconf 85' lang='lat' dir='ltr'><strong>Domino</strong></span> <span class='ocrx_word' id='word_1_84' title='bbox 744 1015 881 1072; x_wconf 81' lang='lat' dir='ltr'><strong>hortemur,</strong></span> <span class='ocrx_word' id='word_1_85' title='bbox 894 1023 922 1065; x_wconf 93' lang='lat' dir='ltr'><strong>ut</strong></span> <span class='ocrx_word' id='word_1_86' title='bbox 936 1019 1098 1082; x_wconf 75' lang='lat' dir='ltr'><strong>retigtonem</strong></span> <span class='ocrx_word' id='word_1_87' title='bbox 1118 1031 1200 1076; x_wconf 76' lang='lat' dir='ltr'><strong>tuean.</strong></span> 
     </span>
     <span class='ocr_line' id='line_1_12' title="bbox 231 1081 1200 1148; baseline 0.012 -18"><span class='ocrx_word' id='word_1_88' title='bbox 231 1087 279 1142; x_wconf 84' lang='lat' dir='ltr'><strong>tur,</strong></span> <span class='ocrx_word' id='word_1_89' title='bbox 293 1085 324 1139; x_wconf 80' lang='lat' dir='ltr'><strong>ei,</strong></span> <span class='ocrx_word' id='word_1_90' title='bbox 346 1083 411 1145; x_wconf 75' lang='lat' dir='ltr'><strong>quod</strong></span> <span class='ocrx_word' id='word_1_91' title='bbox 422 1081 529 1131; x_wconf 85' lang='lat' dir='ltr'><strong>interest</strong></span> <span class='ocrx_word' id='word_1_92' title='bbox 542 1083 617 1132; x_wconf 87' lang='lat' dir='ltr'><strong>etiarn</strong></span> <span class='ocrx_word' id='word_1_93' title='bbox 633 1085 670 1133; x_wconf 88' lang='lat' dir='ltr'><strong>rei</strong></span> <span class='ocrx_word' id='word_1_94' title='bbox 682 1085 801 1148; x_wconf 76' lang='lat' dir='ltr'><strong>publicae,</strong></span> <span class='ocrx_word' id='word_1_95' title='bbox 818 1101 848 1136; x_wconf 89' lang='lat' dir='ltr'><strong>ea</strong></span> <span class='ocrx_word' id='word_1_96' title='bbox 861 1089 1002 1138; x_wconf 77' lang='lat' dir='ltr'><strong>Ecclesiam</strong></span> <span class='ocrx_word' id='word_1_97' title='bbox 1019 1093 1146 1145; x_wconf 72' lang='lat' dir='ltr'><strong>libertate</strong></span> <span class='ocrx_word' id='word_1_98' title='bbox 1160 1100 1200 1146; x_wconf 69' lang='lat' dir='ltr'><strong>imi</strong></span> 
     </span>
     <span class='ocr_line' id='line_1_13' title="bbox 231 1150 1198 1230; baseline 0.012 -27"><span class='ocrx_word' id='word_1_99' title='bbox 231 1167 302 1216; x_wconf 76' lang='lat' dir='ltr'><strong>poseo</strong></span> <span class='ocrx_word' id='word_1_100' title='bbox 312 1150 401 1204; x_wconf 75' lang='lat' dir='ltr'><strong>sinant.</strong></span> <span class='ocrx_word' id='word_1_101' title='bbox 415 1167 463 1215; x_wconf 85' lang='lat' dir='ltr'><strong>qua</strong></span> <span class='ocrx_word' id='word_1_102' title='bbox 476 1153 529 1203; x_wconf 87' lang='lat' dir='ltr'><strong>sine</strong></span> <span class='ocrx_word' id='word_1_103' title='bbox 540 1153 631 1217; x_wconf 82' lang='lat' dir='ltr'><strong>injurie</strong></span> <span class='ocrx_word' id='word_1_104' title='bbox 642 1159 666 1204; x_wconf 93' lang='lat' dir='ltr'><strong>et</strong></span> <span class='ocrx_word' id='word_1_105' title='bbox 677 1157 799 1205; x_wconf 84' lang='lat' dir='ltr'><strong>communi</strong></span> <span class='ocrx_word' id='word_1_106' title='bbox 814 1159 924 1217; x_wconf 79' lang='lat' dir='ltr'><strong>pernicie</strong></span> <span class='ocrx_word' id='word_1_107' title='bbox 936 1162 1035 1223; x_wconf 83' lang='lat' dir='ltr'><strong>privari</strong></span> <span class='ocrx_word' id='word_1_108' title='bbox 1046 1180 1102 1216; x_wconf 88' lang='lat' dir='ltr'><strong>non</strong></span> <span class='ocrx_word' id='word_1_109' title='bbox 1118 1177 1198 1230; x_wconf 78' lang='lat' dir='ltr'><strong>potest.</strong></span> 
     </span>
     <span class='ocr_line' id='line_1_14' title="bbox 230 1224 1198 1302; baseline 0.019 -29"><span class='ocrx_word' id='word_1_110' title='bbox 230 1225 341 1274; x_wconf 79' lang='lat' dir='ltr'><strong>Proiecto</strong></span> <span class='ocrx_word' id='word_1_111' title='bbox 359 1224 465 1274; x_wconf 80' lang='lat' dir='ltr'><strong>Ecclesia</strong></span> <span class='ocrx_word' id='word_1_112' title='bbox 493 1224 582 1274; x_wconf 85' lang='lat' dir='ltr'><strong>Glrrissi</strong></span> <span class='ocrx_word' id='word_1_113' title='bbox 613 1241 692 1289; x_wconf 88' lang='lat' dir='ltr'><strong>neque</strong></span> <span class='ocrx_word' id='word_1_114' title='bbox 717 1228 869 1292; x_wconf 72' lang='lat' dir='ltr'><strong>principibus</strong></span> <span class='ocrx_word' id='word_1_115' title='bbox 889 1236 1058 1293; x_wconf 86' lang='lat' dir='ltr'><strong>potestesse</strong></span> <span class='ocrx_word' id='word_1_116' title='bbox 1077 1249 1198 1302; x_wconf 79' lang='lat' dir='ltr'><strong>suspeeu,</strong></span> 
     </span>
     <span class='ocr_line' id='line_1_15' title="bbox 230 1296 1198 1373; baseline 0.017 -27"><span class='ocrx_word' id='word_1_117' title='bbox 230 1311 311 1360; x_wconf 83' lang='lat' dir='ltr'><strong>neque</strong></span> <span class='ocrx_word' id='word_1_118' title='bbox 327 1296 424 1360; x_wconf 87' lang='lat' dir='ltr'><strong>populis</strong></span> <span class='ocrx_word' id='word_1_119' title='bbox 441 1297 531 1348; x_wconf 82' lang='lat' dir='ltr'><strong>invisa.</strong></span> <span class='ocrx_word' id='word_1_120' title='bbox 554 1297 682 1357; x_wconf 82' lang='lat' dir='ltr'><strong>Principes</strong></span> <span class='ocrx_word' id='word_1_121' title='bbox 697 1300 797 1361; x_wconf 88' lang='lat' dir='ltr'><strong>quidem</strong></span> <span class='ocrx_word' id='word_1_122' title='bbox 808 1305 862 1363; x_wconf 85' lang='lat' dir='ltr'><strong>ipsa</strong></span> <span class='ocrx_word' id='word_1_123' title='bbox 875 1307 959 1352; x_wconf 87' lang='lat' dir='ltr'><strong>mouet</strong></span> <span class='ocrx_word' id='word_1_124' title='bbox 972 1309 1051 1368; x_wconf 87' lang='lat' dir='ltr'><strong>sequi</strong></span> <span class='ocrx_word' id='word_1_125' title='bbox 1065 1308 1198 1373; x_wconf 81' lang='lat' dir='ltr'><strong>justitiam,</strong></span> 
     </span>
     <span class='ocr_line' id='line_1_16' title="bbox 230 1368 1197 1432; baseline 0.018 -16"><span class='ocrx_word' id='word_1_126' title='bbox 230 1369 347 1431; x_wconf 88' lang='lat' dir='ltr'><strong>nullaque</strong></span> <span class='ocrx_word' id='word_1_127' title='bbox 374 1369 399 1417; x_wconf 93' lang='lat' dir='ltr'><strong>in</strong></span> <span class='ocrx_word' id='word_1_128' title='bbox 416 1381 443 1416; x_wconf 86' lang='lat' dir='ltr'><strong>re</strong></span> <span class='ocrx_word' id='word_1_129' title='bbox 459 1369 491 1416; x_wconf 84' lang='lat' dir='ltr'><strong>ab</strong></span> <span class='ocrx_word' id='word_1_130' title='bbox 507 1368 587 1419; x_wconf 90' lang='lat' dir='ltr'><strong>oilicio</strong></span> <span class='ocrx_word' id='word_1_131' title='bbox 604 1369 729 1420; x_wconf 88' lang='lat' dir='ltr'><strong>declinare</strong></span> <span class='ocrx_word' id='word_1_132' title='bbox 745 1385 752 1419; x_wconf 73' lang='grc' dir='ltr'>ε</span> <span class='ocrx_word' id='word_1_133' title='bbox 768 1377 791 1419; x_wconf 87' lang='lat' dir='ltr'><strong>ui</strong></span> <span class='ocrx_word' id='word_1_134' title='bbox 805 1372 877 1421; x_wconf 88' lang='lat' dir='ltr'><strong>simul</strong></span> <span class='ocrx_word' id='word_1_135' title='bbox 899 1388 987 1424; x_wconf 90' lang='lat' dir='ltr'><strong>eorum</strong></span> <span class='ocrx_word' id='word_1_136' title='bbox 1004 1383 1115 1430; x_wconf 80' lang='lat' dir='ltr'><strong>roborat</strong></span> <span class='ocrx_word' id='word_1_137' title='bbox 1137 1387 1197 1432; x_wconf 84' lang='lat' dir='ltr'><strong>mul·</strong></span> 
     </span>
     <span class='ocr_line' id='line_1_17' title="bbox 229 1439 1195 1510; baseline 0.014 -21"><span class='ocrx_word' id='word_1_138' title='bbox 229 1439 308 1502; x_wconf 84' lang='lat' dir='ltr'><strong>iisqne</strong></span> <span class='ocrx_word' id='word_1_139' title='bbox 319 1440 453 1490; x_wconf 84' lang='lat' dir='ltr'><strong>rationibus</strong></span> <span class='ocrx_word' id='word_1_140' title='bbox 473 1440 572 1502; x_wconf 82' lang='lat' dir='ltr'><strong>adjuvat</strong></span> <span class='ocrx_word' id='word_1_141' title='bbox 580 1443 756 1492; x_wconf 85' lang='lat' dir='ltr'><strong>auctoritatem.</strong></span> <span class='ocrx_word' id='word_1_142' title='bbox 773 1443 831 1501; x_wconf 74' lang='lat' dir='ltr'><strong>Quae</strong></span> <span class='ocrx_word' id='word_1_143' title='bbox 841 1445 865 1493; x_wconf 93' lang='lat' dir='ltr'><strong>in</strong></span> <span class='ocrx_word' id='word_1_144' title='bbox 877 1459 970 1510; x_wconf 75' lang='lat' dir='ltr'><strong>genere</strong></span> <span class='ocrx_word' id='word_1_145' title='bbox 982 1463 1074 1500; x_wconf 88' lang='lat' dir='ltr'><strong>rerum</strong></span> <span class='ocrx_word' id='word_1_146' title='bbox 1089 1455 1195 1503; x_wconf 80' lang='lat' dir='ltr'><strong>civilium</strong></span> 
     </span>
     <span class='ocr_line' id='line_1_18' title="bbox 229 1511 1195 1588; baseline 0.014 -30"><span class='ocrx_word' id='word_1_147' title='bbox 229 1521 364 1570; x_wconf 73' lang='lat' dir='ltr'><strong>vorsantur,</strong></span> <span class='ocrx_word' id='word_1_148' title='bbox 381 1526 410 1560; x_wconf 83' lang='lat' dir='ltr'><strong>ea</strong></span> <span class='ocrx_word' id='word_1_149' title='bbox 425 1511 451 1560; x_wconf 92' lang='lat' dir='ltr'><strong>in</strong></span> <span class='ocrx_word' id='word_1_150' title='bbox 469 1516 588 1574; x_wconf 78' lang='lat' dir='ltr'><strong>potestate</strong></span> <span class='ocrx_word' id='word_1_151' title='bbox 604 1527 768 1575; x_wconf 83' lang='lat' dir='ltr'><strong>supremoque</strong></span> <span class='ocrx_word' id='word_1_152' title='bbox 789 1514 892 1575; x_wconf 82' lang='lat' dir='ltr'><strong>imperio</strong></span> <span class='ocrx_word' id='word_1_153' title='bbox 906 1531 993 1566; x_wconf 87' lang='lat' dir='ltr'><strong>eorum</strong></span> <span class='ocrx_word' id='word_1_154' title='bbox 1009 1535 1072 1572; x_wconf 86' lang='lat' dir='ltr'><strong>esse</strong></span> <span class='ocrx_word' id='word_1_155' title='bbox 1088 1528 1195 1588; x_wconf 63' lang='lat' dir='ltr'><strong>apponit</strong></span> 
     </span>
     <span class='ocr_line' id='line_1_19' title="bbox 228 1582 1193 1655; baseline 0.015 -23"><span class='ocrx_word' id='word_1_156' title='bbox 228 1588 253 1632; x_wconf 88' lang='lat' dir='ltr'><strong>et</strong></span> <span class='ocrx_word' id='word_1_157' title='bbox 267 1585 373 1632; x_wconf 84' lang='lat' dir='ltr'><strong>declarat</strong></span> <span class='ocrx_word' id='word_1_158' title='bbox 387 1597 392 1631; x_wconf 93' lang='lat'>:</span> <span class='ocrx_word' id='word_1_159' title='bbox 413 1582 438 1631; x_wconf 93' lang='lat' dir='ltr'><strong>in</strong></span> <span class='ocrx_word' id='word_1_160' title='bbox 452 1583 483 1632; x_wconf 88' lang='lat' dir='ltr'><strong>iis</strong></span> <span class='ocrx_word' id='word_1_161' title='bbox 504 1598 608 1645; x_wconf 85' lang='lat' dir='ltr'><strong>querunt</strong></span> <span class='ocrx_word' id='word_1_162' title='bbox 624 1583 757 1646; x_wconf 82' lang='lat' dir='ltr'><strong>judicium,</strong></span> <span class='ocrx_word' id='word_1_163' title='bbox 774 1585 897 1636; x_wconf 81' lang='lat' dir='ltr'><strong>diversam</strong></span> <span class='ocrx_word' id='word_1_164' title='bbox 911 1587 971 1638; x_wconf 88' lang='lat' dir='ltr'><strong>licet</strong></span> <span class='ocrx_word' id='word_1_165' title='bbox 984 1591 1020 1640; x_wconf 90' lang='lat' dir='ltr'><strong>ob</strong></span> <span class='ocrx_word' id='word_1_166' title='bbox 1037 1607 1154 1655; x_wconf 79' lang='lat' dir='ltr'><strong>eausam,</strong></span> <span class='ocrx_word' id='word_1_167' title='bbox 1167 1600 1193 1645; x_wconf 85' lang='lat' dir='ltr'><strong>ad</strong></span> 
     </span>
     <span class='ocr_line' id='line_1_20' title="bbox 228 1655 1192 1731; baseline 0.009 -27"><span class='ocrx_word' id='word_1_168' title='bbox 228 1669 330 1711; x_wconf 82' lang='lat' dir='ltr'><strong>sacrani,</strong></span> <span class='ocrx_word' id='word_1_169' title='bbox 347 1655 489 1716; x_wconf 81' lang='lat' dir='ltr'><strong>civilemque</strong></span> <span class='ocrx_word' id='word_1_170' title='bbox 505 1655 611 1716; x_wconf 84' lang='lat' dir='ltr'><strong>partinet</strong></span> <span class='ocrx_word' id='word_1_171' title='bbox 621 1660 773 1718; x_wconf 86' lang='lat' dir='ltr'><strong>potestatem,</strong></span> <span class='ocrx_word' id='word_1_172' title='bbox 788 1658 840 1706; x_wconf 85' lang='lat' dir='ltr'><strong>vult</strong></span> <span class='ocrx_word' id='word_1_173' title='bbox 854 1658 962 1709; x_wconf 83' lang='lat' dir='ltr'><strong>existere</strong></span> <span class='ocrx_word' id='word_1_174' title='bbox 977 1661 1049 1712; x_wconf 87' lang='lat' dir='ltr'><strong>iuter</strong></span> <span class='ocrx_word' id='word_1_175' title='bbox 1063 1673 1192 1731; x_wconf 79' lang='lat' dir='ltr'><strong>utramque</strong></span> 
     </span>
     <span class='ocr_line' id='line_1_21' title="bbox 228 1725 1186 1790; baseline 0.01 -14"><span class='ocrx_word' id='word_1_176' title='bbox 228 1727 394 1783; x_wconf 85' lang='lat' dir='ltr'><strong>concordiam,</strong></span> <span class='ocrx_word' id='word_1_177' title='bbox 409 1725 479 1788; x_wconf 79' lang='lat' dir='ltr'><strong>cujus</strong></span> <span class='ocrx_word' id='word_1_178' title='bbox 494 1725 615 1775; x_wconf 85' lang='lat' dir='ltr'><strong>beneficio</strong></span> <span class='ocrx_word' id='word_1_179' title='bbox 626 1727 730 1777; x_wconf 81' lang='lat' dir='ltr'><strong>iuoestse</strong></span> <span class='ocrx_word' id='word_1_180' title='bbox 741 1727 838 1790; x_wconf 81' lang='lat' dir='ltr'><strong>utrique</strong></span> <span class='ocrx_word' id='word_1_181' title='bbox 850 1731 1024 1781; x_wconf 86' lang='lat' dir='ltr'><strong>contentiones</strong></span> <span class='ocrx_word' id='word_1_182' title='bbox 1035 1736 1186 1788; x_wconf 75' lang='lat' dir='ltr'><strong>devitentur.</strong></span> 
     </span>
     <span class='ocr_line' id='line_1_22' title="bbox 227 1798 1189 1862; baseline 0.018 -20"><span class='ocrx_word' id='word_1_183' title='bbox 227 1799 262 1848; x_wconf 73' lang='lat' dir='ltr'><strong>td</strong></span> <span class='ocrx_word' id='word_1_184' title='bbox 288 1800 391 1860; x_wconf 88' lang='lat' dir='ltr'><strong>populos</strong></span> <span class='ocrx_word' id='word_1_185' title='bbox 420 1798 485 1862; x_wconf 90' lang='lat' dir='ltr'><strong>quod</strong></span> <span class='ocrx_word' id='word_1_186' title='bbox 503 1801 604 1860; x_wconf 86' lang='lat' dir='ltr'><strong>spectat.</strong></span> <span class='ocrx_word' id='word_1_187' title='bbox 629 1803 665 1847; x_wconf 87' lang='lat' dir='ltr'><strong>est</strong></span> <span class='ocrx_word' id='word_1_188' title='bbox 688 1799 797 1848; x_wconf 82' lang='lat' dir='ltr'><strong>Ecclesia</strong></span> <span class='ocrx_word' id='word_1_189' title='bbox 814 1801 886 1850; x_wconf 87' lang='lat' dir='ltr'><strong>saluti</strong></span> <span class='ocrx_word' id='word_1_190' title='bbox 901 1811 1054 1855; x_wconf 84' lang='lat' dir='ltr'><strong>cunctorum</strong></span> <span class='ocrx_word' id='word_1_191' title='bbox 1067 1809 1189 1859; x_wconf 84' lang='lat' dir='ltr'><strong>hominu</strong></span> 
     </span>
     <span class='ocr_line' id='line_1_23' title="bbox 227 1869 1187 1940; baseline 0.009 -23"><span class='ocrx_word' id='word_1_192' title='bbox 227 1873 392 1930; x_wconf 68' lang='lat' dir='ltr'><strong>ueteresque</strong></span> <span class='ocrx_word' id='word_1_193' title='bbox 407 1881 503 1930; x_wconf 83' lang='lat' dir='ltr'><strong>semper</strong></span> <span class='ocrx_word' id='word_1_194' title='bbox 520 1869 607 1918; x_wconf 83' lang='lat' dir='ltr'><strong>dilexit</strong></span> <span class='ocrx_word' id='word_1_195' title='bbox 621 1869 656 1918; x_wconf 89' lang='lat' dir='ltr'><strong>uti</strong></span> <span class='ocrx_word' id='word_1_196' title='bbox 673 1883 769 1932; x_wconf 86' lang='lat' dir='ltr'><strong>pareus.</strong></span> <span class='ocrx_word' id='word_1_197' title='bbox 787 1871 819 1920; x_wconf 75' lang='lat' dir='ltr'><strong>Es</strong></span> <span class='ocrx_word' id='word_1_198' title='bbox 844 1872 935 1935; x_wconf 89' lang='lat' dir='ltr'><strong>quippe</strong></span> <span class='ocrx_word' id='word_1_199' title='bbox 948 1881 996 1934; x_wconf 85' lang='lat' dir='ltr'><strong>eet,</strong></span> <span class='ocrx_word' id='word_1_200' title='bbox 1014 1891 1077 1940; x_wconf 81' lang='lat' dir='ltr'><strong>qnae</strong></span> <span class='ocrx_word' id='word_1_201' title='bbox 1095 1883 1187 1931; x_wconf 72' lang='lat' dir='ltr'><strong>caritate</strong></span> 
     </span>
     <span class='ocr_line' id='line_1_24' title="bbox 226 1941 1184 2010; baseline 0.013 -21"><span class='ocrx_word' id='word_1_202' title='bbox 226 1945 350 2004; x_wconf 76' lang='lat' dir='ltr'><strong>preeunte</strong></span> <span class='ocrx_word' id='word_1_203' title='bbox 371 1941 583 1990; x_wconf 86' lang='lat' dir='ltr'><strong>mansuetudinem</strong></span> <span class='ocrx_word' id='word_1_204' title='bbox 601 1941 690 1990; x_wconf 87' lang='lat' dir='ltr'><strong>animis</strong></span> <span class='ocrx_word' id='word_1_205' title='bbox 710 1943 837 2003; x_wconf 81' lang='lat' dir='ltr'><strong>impertiit,</strong></span> <span class='ocrx_word' id='word_1_206' title='bbox 860 1944 1045 1996; x_wconf 77' lang='lat' dir='ltr'><strong>humanitatem</strong></span> <span class='ocrx_word' id='word_1_207' title='bbox 1071 1955 1184 2010; x_wconf 62' lang='lat' dir='ltr'><strong>meritare</strong></span> 
     </span>
     <span class='ocr_line' id='line_1_25' title="bbox 226 2011 1238 2082; baseline 0.012 -19"><span class='ocrx_word' id='word_1_208' title='bbox 226 2013 366 2074; x_wconf 86' lang='lat' dir='ltr'><strong>oeqnitntem</strong></span> <span class='ocrx_word' id='word_1_209' title='bbox 377 2011 473 2076; x_wconf 69' lang='lat' dir='ltr'><strong>legibus</strong></span> <span class='ocrx_word' id='word_1_210' title='bbox 491 2027 496 2072; x_wconf 87' lang='lat'>;</span> <span class='ocrx_word' id='word_1_211' title='bbox 512 2016 585 2074; x_wconf 84' lang='lat' dir='ltr'><strong>atque</strong></span> <span class='ocrx_word' id='word_1_212' title='bbox 600 2013 709 2062; x_wconf 73' lang='lat' dir='ltr'><strong>honeste</strong></span> <span class='ocrx_word' id='word_1_213' title='bbox 723 2014 830 2064; x_wconf 78' lang='lat' dir='ltr'><strong>libertati</strong></span> <span class='ocrx_word' id='word_1_214' title='bbox 847 2017 957 2076; x_wconf 77' lang='lat' dir='ltr'><strong>nuspiam</strong></span> <span class='ocrx_word' id='word_1_215' title='bbox 972 2018 1088 2071; x_wconf 77' lang='lat' dir='ltr'><strong>inimico</strong></span> <span class='ocrx_word' id='word_1_216' title='bbox 1107 2031 1185 2082; x_wconf 73' lang='lat' dir='ltr'><strong>tyrae·</strong></span> <span class='ocrx_word' id='word_1_217' title='bbox 1237 2051 1238 2060; x_wconf 57' lang='lat'>2</span> 
     </span>
     <span class='ocr_line' id='line_1_26' title="bbox 226 2083 1186 2154; baseline 0.007 -19"><span class='ocrx_word' id='word_1_218' title='bbox 226 2085 309 2136; x_wconf 85' lang='lat' dir='ltr'><strong>uicum</strong></span> <span class='ocrx_word' id='word_1_219' title='bbox 330 2083 481 2133; x_wconf 83' lang='lat' dir='ltr'><strong>dominatum</strong></span> <span class='ocrx_word' id='word_1_220' title='bbox 504 2097 602 2146; x_wconf 88' lang='lat' dir='ltr'><strong>semper</strong></span> <span class='ocrx_word' id='word_1_221' title='bbox 629 2085 744 2134; x_wconf 89' lang='lat' dir='ltr'><strong>detestari</strong></span> <span class='ocrx_word' id='word_1_222' title='bbox 767 2087 900 2136; x_wconf 87' lang='lat' dir='ltr'><strong>consuevit.</strong></span> <span class='ocrx_word' id='word_1_223' title='bbox 928 2089 1005 2148; x_wconf 81' lang='lat' dir='ltr'><strong>dane,</strong></span> <span class='ocrx_word' id='word_1_224' title='bbox 1025 2105 1091 2154; x_wconf 80' lang='lat' dir='ltr'><strong>quae</strong></span> <span class='ocrx_word' id='word_1_225' title='bbox 1118 2097 1186 2146; x_wconf 78' lang='lat' dir='ltr'><strong>insita</strong></span> 
     </span>
     <span class='ocr_line' id='line_1_27' title="bbox 226 2155 1187 2228; baseline 0.007 -21"><span class='ocrx_word' id='word_1_226' title='bbox 226 2158 252 2208; x_wconf 90' lang='lat' dir='ltr'><strong>in</strong></span> <span class='ocrx_word' id='word_1_227' title='bbox 280 2155 389 2206; x_wconf 75' lang='lat' dir='ltr'><strong>Ecclesia</strong></span> <span class='ocrx_word' id='word_1_228' title='bbox 418 2159 472 2214; x_wconf 86' lang='lat' dir='ltr'><strong>est,</strong></span> <span class='ocrx_word' id='word_1_229' title='bbox 495 2156 558 2205; x_wconf 89' lang='lat' dir='ltr'><strong>bene</strong></span> <span class='ocrx_word' id='word_1_230' title='bbox 589 2156 699 2206; x_wconf 86' lang='lat' dir='ltr'><strong>merendi</strong></span> <span class='ocrx_word' id='word_1_231' title='bbox 726 2161 930 2209; x_wconf 85' lang='lat' dir='ltr'><strong>consuetudinem</strong></span> <span class='ocrx_word' id='word_1_232' title='bbox 953 2163 1045 2224; x_wconf 78' lang='lat' dir='ltr'><strong>paucis</strong></span> <span class='ocrx_word' id='word_1_233' title='bbox 1069 2171 1187 2228; x_wconf 66' lang='lat' dir='ltr'><strong>praetere</strong></span> 
     </span>
     <span class='ocr_line' id='line_1_28' title="bbox 226 2227 1189 2304; baseline 0.01 -25"><span class='ocrx_word' id='word_1_234' title='bbox 226 2227 348 2292; x_wconf 82' lang='lat' dir='ltr'><strong>expressit</strong></span> <span class='ocrx_word' id='word_1_235' title='bbox 362 2231 462 2277; x_wconf 86' lang='lat' dir='ltr'><strong>sanctus</strong></span> <span class='ocrx_word' id='word_1_236' title='bbox 477 2227 625 2291; x_wconf 73' lang='lat' dir='ltr'><strong>Augustinus</strong></span> <span class='ocrx_word' id='word_1_237' title='bbox 641 2243 647 2276; x_wconf 96' lang='lat'><strong>:</strong></span> <span class='ocrx_word' id='word_1_238' title='bbox 662 2229 739 2280; x_wconf 84' lang='lat' dir='ltr'><strong>Docet</strong></span> <span class='ocrx_word' id='word_1_239' title='bbox 751 2229 882 2292; x_wconf 76' lang='lat' dir='ltr'><strong>(Ecclesia)</strong></span> <span class='ocrx_word' id='word_1_240' title='bbox 896 2243 966 2294; x_wconf 79' lang='lat' dir='ltr'><strong>repes</strong></span> <span class='ocrx_word' id='word_1_241' title='bbox 980 2237 1134 2296; x_wconf 67' lang='lat' dir='ltr'><strong>prospicere</strong></span> <span class='ocrx_word' id='word_1_242' title='bbox 1150 2255 1189 2304; x_wconf 77' lang='lat' dir='ltr'><strong>pe</strong></span> 
     </span>
     <span class='ocr_line' id='line_1_29' title="bbox 224 2299 1191 2366; baseline 0.013 -16"><span class='ocrx_word' id='word_1_243' title='bbox 224 2301 298 2366; x_wconf 81' lang='lat' dir='ltr'><strong>pulis.</strong></span> <span class='ocrx_word' id='word_1_244' title='bbox 307 2303 531 2362; x_wconf 71' lang='lat' dir='ltr'><strong>omnespopoionse</strong></span> <span class='ocrx_word' id='word_1_245' title='bbox 543 2299 651 2350; x_wconf 83' lang='lat' dir='ltr'><strong>subdere</strong></span> <span class='ocrx_word' id='word_1_246' title='bbox 665 2300 930 2363; x_wconf 76' lang='lat' dir='ltr'><strong>repibostosiendens</strong></span> <span class='ocrx_word' id='word_1_247' title='bbox 938 2307 1191 2366; x_wconf 54' lang='lat' dir='ltr'><strong>quemadmodum&amp;</strong></span> 
     </span>
     <span class='ocr_line' id='line_1_30' title="bbox 224 2371 1186 2442; baseline 0.014 -20"><span class='ocrx_word' id='word_1_248' title='bbox 224 2387 276 2422; x_wconf 82' lang='lat' dir='ltr'><strong>seon</strong></span> <span class='ocrx_word' id='word_1_249' title='bbox 294 2371 546 2424; x_wconf 64' lang='lat' dir='ltr'><strong>ornatissimorum</strong></span> <span class='ocrx_word' id='word_1_250' title='bbox 559 2371 673 2420; x_wconf 86' lang='lat' dir='ltr'><strong>omnibns</strong></span> <span class='ocrx_word' id='word_1_251' title='bbox 688 2374 793 2430; x_wconf 84' lang='lat' dir='ltr'><strong>coritas.</strong></span> <span class='ocrx_word' id='word_1_252' title='bbox 811 2379 834 2422; x_wconf 88' lang='lat' dir='ltr'><strong>et</strong></span> <span class='ocrx_word' id='word_1_253' title='bbox 847 2373 913 2422; x_wconf 78' lang='lat' dir='ltr'><strong>nelli</strong></span> <span class='ocrx_word' id='word_1_254' title='bbox 928 2375 1038 2426; x_wconf 83' lang='lat' dir='ltr'><strong>dederur</strong></span> <span class='ocrx_word' id='word_1_255' title='bbox 1055 2383 1186 2442; x_wconf 74' lang='lat' dir='ltr'><strong>injuriet.</strong></span> 
     </span>
     <span class='ocr_line' id='line_1_31' title="bbox 257 2442 1189 2505; baseline 0.014 -13"><span class='ocrx_word' id='word_1_256' title='bbox 257 2444 299 2493; x_wconf 90' lang='lat' dir='ltr'><strong>llis</strong></span> <span class='ocrx_word' id='word_1_257' title='bbox 315 2444 345 2492; x_wconf 91' lang='lat' dir='ltr'><strong>de</strong></span> <span class='ocrx_word' id='word_1_258' title='bbox 366 2442 448 2493; x_wconf 73' lang='lat' dir='ltr'><strong>musis</strong></span> <span class='ocrx_word' id='word_1_259' title='bbox 462 2457 534 2504; x_wconf 80' lang='lat' dir='ltr'><strong>opere</strong></span> <span class='ocrx_word' id='word_1_260' title='bbox 551 2449 641 2501; x_wconf 82' lang='lat' dir='ltr'><strong>vestra,</strong></span> <span class='ocrx_word' id='word_1_261' title='bbox 658 2443 814 2493; x_wconf 77' lang='lat' dir='ltr'><strong>venerabiles</strong></span> <span class='ocrx_word' id='word_1_262' title='bbox 839 2445 946 2500; x_wconf 84' lang='lat' dir='ltr'><strong>Fratres.</strong></span> <span class='ocrx_word' id='word_1_263' title='bbox 968 2449 1042 2498; x_wconf 82' lang='lat' dir='ltr'><strong>valde</strong></span> <span class='ocrx_word' id='word_1_264' title='bbox 1059 2453 1136 2502; x_wconf 86' lang='lat' dir='ltr'><strong>utilis</strong></span> <span class='ocrx_word' id='word_1_265' title='bbox 1162 2469 1189 2505; x_wconf 82' lang='lat' dir='ltr'><strong>ae</strong></span> 
     </span>
     <span class='ocr_line' id='line_1_32' title="bbox 224 2513 1188 2584; baseline 0.004 -19"><span class='ocrx_word' id='word_1_266' title='bbox 224 2519 295 2580; x_wconf 85' lang='lat' dir='ltr'><strong>plane</strong></span> <span class='ocrx_word' id='word_1_267' title='bbox 311 2514 427 2564; x_wconf 87' lang='lat' dir='ltr'><strong>salutaris</strong></span> <span class='ocrx_word' id='word_1_268' title='bbox 439 2513 518 2563; x_wconf 87' lang='lat' dir='ltr'><strong>iutura</strong></span> <span class='ocrx_word' id='word_1_269' title='bbox 534 2520 577 2570; x_wconf 85' lang='lat' dir='ltr'><strong>est.</strong></span> <span class='ocrx_word' id='word_1_270' title='bbox 595 2514 616 2563; x_wconf 85' lang='lat' dir='ltr'><strong>si</strong></span> <span class='ocrx_word' id='word_1_271' title='bbox 630 2515 781 2564; x_wconf 87' lang='lat' dir='ltr'><strong>iudustriam</strong></span> <span class='ocrx_word' id='word_1_272' title='bbox 795 2519 868 2578; x_wconf 86' lang='lat' dir='ltr'><strong>atque</strong></span> <span class='ocrx_word' id='word_1_273' title='bbox 880 2530 940 2579; x_wconf 88' lang='lat' dir='ltr'><strong>opes</strong></span> <span class='ocrx_word' id='word_1_274' title='bbox 955 2533 1054 2580; x_wconf 88' lang='lat' dir='ltr'><strong>omnes,</strong></span> <span class='ocrx_word' id='word_1_275' title='bbox 1070 2538 1134 2584; x_wconf 72' lang='lat' dir='ltr'><strong>qnae</strong></span> <span class='ocrx_word' id='word_1_276' title='bbox 1148 2529 1188 2577; x_wconf 63' lang='lat' dir='ltr'><strong>bet</strong></span> 
     </span>
    </p>

    <p class='ocr_par' dir='ltr' id='par_1_5' title="bbox 161 2577 1189 3375">
     <span class='ocr_line' id='line_1_33' title="bbox 161 2577 1189 2650; baseline 0.009 -11"><span class='ocrx_word' id='word_1_277' title='bbox 161 2577 163 2581; x_wconf 34' lang='lat'>⁸</span> <span class='ocrx_word' id='word_1_278' title='bbox 223 2602 325 2639; x_wconf 89' lang='lat' dir='ltr'><strong>munere</strong></span> <span class='ocrx_word' id='word_1_279' title='bbox 336 2586 361 2636; x_wconf 89' lang='lat' dir='ltr'><strong>in</strong></span> <span class='ocrx_word' id='word_1_280' title='bbox 374 2593 452 2636; x_wconf 83' lang='lat' dir='ltr'><strong>restra</strong></span> <span class='ocrx_word' id='word_1_281' title='bbox 466 2591 523 2634; x_wconf 88' lang='lat' dir='ltr'><strong>sunt</strong></span> <span class='ocrx_word' id='word_1_282' title='bbox 534 2591 662 2648; x_wconf 75' lang='lat' dir='ltr'><strong>potestate.</strong></span> <span class='ocrx_word' id='word_1_283' title='bbox 680 2588 711 2635; x_wconf 89' lang='lat' dir='ltr'><strong>ad</strong></span> <span class='ocrx_word' id='word_1_284' title='bbox 727 2587 888 2650; x_wconf 81' lang='lat' dir='ltr'><strong>deprecanda</strong></span> <span class='ocrx_word' id='word_1_285' title='bbox 917 2591 1046 2641; x_wconf 83' lang='lat' dir='ltr'><strong>societatis</strong></span> <span class='ocrx_word' id='word_1_286' title='bbox 1066 2595 1189 2648; x_wconf 72' lang='lat' dir='ltr'><strong>humane</strong></span> 
     </span>
     <span class='ocr_line' id='line_1_34' title="bbox 222 2657 1188 2729; baseline 0.001 -21"><span class='ocrx_word' id='word_1_287' title='bbox 222 2661 261 2710; x_wconf 82' lang='lat' dir='ltr'><strong>vel</strong></span> <span class='ocrx_word' id='word_1_288' title='bbox 276 2657 382 2720; x_wconf 85' lang='lat' dir='ltr'><strong>pericula</strong></span> <span class='ocrx_word' id='word_1_289' title='bbox 409 2659 447 2707; x_wconf 83' lang='lat' dir='ltr'><strong>rel</strong></span> <span class='ocrx_word' id='word_1_290' title='bbox 468 2658 621 2707; x_wconf 84' lang='lat' dir='ltr'><strong>incommoda</strong></span> <span class='ocrx_word' id='word_1_291' title='bbox 636 2657 769 2707; x_wconf 86' lang='lat' dir='ltr'><strong>Nobiscum</strong></span> <span class='ocrx_word' id='word_1_292' title='bbox 790 2659 955 2710; x_wconf 86' lang='lat' dir='ltr'><strong>contuleritis.</strong></span> <span class='ocrx_word' id='word_1_293' title='bbox 970 2663 1064 2714; x_wconf 84' lang='lat' dir='ltr'><strong>Curate</strong></span> <span class='ocrx_word' id='word_1_294' title='bbox 1079 2681 1113 2719; x_wconf 72' lang='lat' dir='ltr'><strong>ae</strong></span> <span class='ocrx_word' id='word_1_295' title='bbox 1129 2685 1188 2729; x_wconf 65' lang='lat' dir='ltr'><strong>pm.</strong></span> 
     </span>
     <span class='ocr_line' id='line_1_35' title="bbox 224 2729 1188 2793; baseline 0.004 -12"><span class='ocrx_word' id='word_1_296' title='bbox 224 2732 312 2786; x_wconf 84' lang='lat' dir='ltr'><strong>ridete,</strong></span> <span class='ocrx_word' id='word_1_297' title='bbox 323 2735 350 2779; x_wconf 94' lang='lat' dir='ltr'><strong>ut</strong></span> <span class='ocrx_word' id='word_1_298' title='bbox 364 2743 418 2793; x_wconf 78' lang='lat' dir='ltr'><strong>qua</strong></span> <span class='ocrx_word' id='word_1_299' title='bbox 433 2730 463 2778; x_wconf 93' lang='lat' dir='ltr'><strong>de</strong></span> <span class='ocrx_word' id='word_1_300' title='bbox 475 2729 577 2793; x_wconf 87' lang='lat' dir='ltr'><strong>irnperio</strong></span> <span class='ocrx_word' id='word_1_301' title='bbox 593 2731 673 2791; x_wconf 89' lang='lat' dir='ltr'><strong>deque</strong></span> <span class='ocrx_word' id='word_1_302' title='bbox 688 2731 816 2780; x_wconf 89' lang='lat' dir='ltr'><strong>obediendi</strong></span> <span class='ocrx_word' id='word_1_303' title='bbox 829 2731 911 2781; x_wconf 67' lang='lat' dir='ltr'><strong>offitio</strong></span> <span class='ocrx_word' id='word_1_304' title='bbox 921 2735 953 2782; x_wconf 89' lang='lat' dir='ltr'><strong>ab</strong></span> <span class='ocrx_word' id='word_1_305' title='bbox 969 2733 1081 2784; x_wconf 80' lang='lat' dir='ltr'><strong>llcclesiu</strong></span> <span class='ocrx_word' id='word_1_306' title='bbox 1099 2745 1188 2790; x_wconf 79' lang='lat' dir='ltr'><strong>caran-</strong></span> 
     </span>
     <span class='ocr_line' id='line_1_36' title="bbox 223 2801 1188 2868; baseline 0.011 -18"><span class='ocrx_word' id='word_1_307' title='bbox 223 2803 270 2852; x_wconf 85' lang='lat' dir='ltr'><strong>lica</strong></span> <span class='ocrx_word' id='word_1_308' title='bbox 298 2801 478 2865; x_wconf 74' lang='lat' dir='ltr'><strong>precipiuntur,</strong></span> <span class='ocrx_word' id='word_1_309' title='bbox 502 2815 530 2850; x_wconf 89' lang='lat' dir='ltr'><strong>ea</strong></span> <span class='ocrx_word' id='word_1_310' title='bbox 549 2801 659 2850; x_wconf 87' lang='lat' dir='ltr'><strong>homines</strong></span> <span class='ocrx_word' id='word_1_311' title='bbox 687 2807 712 2851; x_wconf 92' lang='lat' dir='ltr'><strong>et</strong></span> <span class='ocrx_word' id='word_1_312' title='bbox 734 2805 806 2865; x_wconf 85' lang='lat' dir='ltr'><strong>plane</strong></span> <span class='ocrx_word' id='word_1_313' title='bbox 827 2809 956 2866; x_wconf 76' lang='lat' dir='ltr'><strong>perspecta</strong></span> <span class='ocrx_word' id='word_1_314' title='bbox 972 2807 1098 2868; x_wconf 69' lang='lat' dir='ltr'><strong>habeant,</strong></span> <span class='ocrx_word' id='word_1_315' title='bbox 1113 2817 1140 2860; x_wconf 89' lang='lat' dir='ltr'><strong>et</strong></span> <span class='ocrx_word' id='word_1_316' title='bbox 1156 2814 1188 2861; x_wconf 84' lang='lat' dir='ltr'><strong>ad</strong></span> 
     </span>
     <span class='ocr_line' id='line_1_37' title="bbox 223 2873 1186 2944; baseline 0.008 -22"><span class='ocrx_word' id='word_1_317' title='bbox 223 2874 296 2924; x_wconf 85' lang='lat' dir='ltr'><strong>vitem</strong></span> <span class='ocrx_word' id='word_1_318' title='bbox 320 2874 439 2934; x_wconf 72' lang='lat' dir='ltr'><strong>agendam</strong></span> <span class='ocrx_word' id='word_1_319' title='bbox 456 2873 588 2936; x_wconf 74' lang='lat' dir='ltr'><strong>diligenter</strong></span> <span class='ocrx_word' id='word_1_320' title='bbox 611 2877 723 2923; x_wconf 88' lang='lat' dir='ltr'><strong>utantur.</strong></span> <span class='ocrx_word' id='word_1_321' title='bbox 750 2873 822 2923; x_wconf 85' lang='lat' dir='ltr'><strong>liobis</strong></span> <span class='ocrx_word' id='word_1_322' title='bbox 838 2876 981 2924; x_wconf 89' lang='lat' dir='ltr'><strong>auctoribus</strong></span> <span class='ocrx_word' id='word_1_323' title='bbox 996 2881 1023 2928; x_wconf 86' lang='lat' dir='ltr'><strong>et</strong></span> <span class='ocrx_word' id='word_1_324' title='bbox 1045 2882 1186 2944; x_wconf 77' lang='lat' dir='ltr'><strong>magistris.</strong></span> 
     </span>
     <span class='ocr_line' id='line_1_38' title="bbox 221 2945 1187 3012; baseline 0.009 -17"><span class='ocrx_word' id='word_1_325' title='bbox 221 2959 288 3008; x_wconf 74' lang='lat' dir='ltr'><strong>seps</strong></span> <span class='ocrx_word' id='word_1_326' title='bbox 310 2945 393 3007; x_wconf 88' lang='lat' dir='ltr'><strong>populi</strong></span> <span class='ocrx_word' id='word_1_327' title='bbox 416 2951 559 2995; x_wconf 83' lang='lat' dir='ltr'><strong>moneantur</strong></span> <span class='ocrx_word' id='word_1_328' title='bbox 580 2946 666 3008; x_wconf 77' lang='lat' dir='ltr'><strong>iugero</strong></span> <span class='ocrx_word' id='word_1_329' title='bbox 692 2945 778 2994; x_wconf 81' lang='lat' dir='ltr'><strong>vetitas</strong></span> <span class='ocrx_word' id='word_1_330' title='bbox 808 2949 896 3004; x_wconf 84' lang='lat' dir='ltr'><strong>sectas,</strong></span> <span class='ocrx_word' id='word_1_331' title='bbox 920 2961 935 2996; x_wconf 83' lang='lat' dir='ltr'><strong>s</strong></span> <span class='ocrx_word' id='word_1_332' title='bbox 959 2948 1187 3012; x_wconf 83' lang='lat' dir='ltr'><strong>conjurationibus</strong></span> 
     </span>
     <span class='ocr_line' id='line_1_39' title="bbox 221 3015 1186 3083; baseline 0.01 -17"><span class='ocrx_word' id='word_1_333' title='bbox 221 3019 359 3073; x_wconf 86' lang='lat' dir='ltr'><strong>abhorrere,</strong></span> <span class='ocrx_word' id='word_1_334' title='bbox 374 3015 436 3066; x_wconf 88' lang='lat' dir='ltr'><strong>nitril</strong></span> <span class='ocrx_word' id='word_1_335' title='bbox 450 3017 647 3080; x_wconf 73' lang='lat' dir='ltr'><strong>seditioseapere</strong></span> <span class='ocrx_word' id='word_1_336' title='bbox 662 3033 668 3066; x_wconf 75' lang='grc' dir='ltr'><strong><em>ι</em></strong></span> <span class='ocrx_word' id='word_1_337' title='bbox 687 3017 810 3079; x_wconf 86' lang='lat' dir='ltr'><strong>iidemque</strong></span> <span class='ocrx_word' id='word_1_338' title='bbox 825 3017 974 3081; x_wconf 75' lang='lat' dir='ltr'><strong>intelligant,</strong></span> <span class='ocrx_word' id='word_1_339' title='bbox 993 3021 1037 3083; x_wconf 91' lang='lat' dir='ltr'><strong>qui</strong></span> <span class='ocrx_word' id='word_1_340' title='bbox 1050 3023 1094 3074; x_wconf 85' lang='lat' dir='ltr'><strong>bei</strong></span> <span class='ocrx_word' id='word_1_341' title='bbox 1108 3040 1186 3076; x_wconf 80' lang='lat' dir='ltr'><strong>causa</strong></span> 
     </span>
     <span class='ocr_line' id='line_1_40' title="bbox 221 3087 1185 3156; baseline 0.008 -19"><span class='ocrx_word' id='word_1_342' title='bbox 221 3092 308 3154; x_wconf 87' lang='lat' dir='ltr'><strong>parent</strong></span> <span class='ocrx_word' id='word_1_343' title='bbox 321 3087 493 3149; x_wconf 81' lang='lat' dir='ltr'><strong>imperantibus</strong></span> <span class='ocrx_word' id='word_1_344' title='bbox 507 3101 592 3137; x_wconf 90' lang='lat' dir='ltr'><strong>eorum</strong></span> <span class='ocrx_word' id='word_1_345' title='bbox 606 3101 662 3137; x_wconf 89' lang='lat' dir='ltr'><strong>esse</strong></span> <span class='ocrx_word' id='word_1_346' title='bbox 678 3087 836 3138; x_wconf 82' lang='lat' dir='ltr'><strong>rationabile</strong></span> <span class='ocrx_word' id='word_1_347' title='bbox 853 3089 1013 3154; x_wconf 75' lang='lat' dir='ltr'><strong>obsequium,</strong></span> <span class='ocrx_word' id='word_1_348' title='bbox 1030 3107 1185 3156; x_wconf 66' lang='lat' dir='ltr'><strong>generosam</strong></span> 
     </span>
     <span class='ocr_line' id='line_1_41' title="bbox 221 3157 1185 3231; baseline 0.009 -22"><span class='ocrx_word' id='word_1_349' title='bbox 221 3157 392 3211; x_wconf 87' lang='lat' dir='ltr'><strong>obedientiam.</strong></span> <span class='ocrx_word' id='word_1_350' title='bbox 404 3157 522 3215; x_wconf 81' lang='lat' dir='ltr'><strong>Quoniam</strong></span> <span class='ocrx_word' id='word_1_351' title='bbox 536 3173 595 3209; x_wconf 83' lang='lat' dir='ltr'><strong>vero</strong></span> <span class='ocrx_word' id='word_1_352' title='bbox 614 3160 678 3209; x_wconf 84' lang='lat' dir='ltr'><strong>Deus</strong></span> <span class='ocrx_word' id='word_1_353' title='bbox 695 3163 741 3214; x_wconf 83' lang='lat' dir='ltr'><strong>eat.</strong></span> <span class='ocrx_word' id='word_1_354' title='bbox 759 3160 801 3224; x_wconf 80' lang='lat' dir='ltr'><strong>qui</strong></span> <span class='ocrx_word' id='word_1_355' title='bbox 816 3159 860 3209; x_wconf 86' lang='lat' dir='ltr'><strong>dot</strong></span> <span class='ocrx_word' id='word_1_356' title='bbox 875 3162 989 3212; x_wconf 77' lang='lat' dir='ltr'><strong>sulutem</strong></span> <span class='ocrx_word' id='word_1_357' title='bbox 1002 3165 1108 3226; x_wconf 71' lang='lat' dir='ltr'><strong>sepibus</strong></span> <span class='ocrx_word' id='word_1_358' title='bbox 1123 3170 1145 3231; x_wconf 61' lang='grc' dir='ltr'><strong>θ,</strong></span> <span class='ocrx_word' id='word_1_359' title='bbox 1160 3177 1185 3220; x_wconf 82' lang='lat' dir='ltr'><strong>et</strong></span> 
     </span>
     <span class='ocr_line' id='line_1_42' title="bbox 221 3229 1185 3296; baseline 0.011 -16"><span class='ocrx_word' id='word_1_360' title='bbox 221 3230 334 3280; x_wconf 89' lang='lat' dir='ltr'><strong>concedit</strong></span> <span class='ocrx_word' id='word_1_361' title='bbox 345 3229 439 3291; x_wconf 90' lang='lat' dir='ltr'><strong>populis</strong></span> <span class='ocrx_word' id='word_1_362' title='bbox 455 3229 627 3292; x_wconf 84' lang='lat' dir='ltr'><strong>conquiescere</strong></span> <span class='ocrx_word' id='word_1_363' title='bbox 640 3231 668 3280; x_wconf 88' lang='lat' dir='ltr'><strong>in</strong></span> <span class='ocrx_word' id='word_1_364' title='bbox 681 3231 871 3295; x_wconf 70' lang='lat' dir='ltr'><strong>pulchritudine</strong></span> <span class='ocrx_word' id='word_1_365' title='bbox 890 3233 961 3296; x_wconf 81' lang='lat' dir='ltr'><strong>pacis</strong></span> <span class='ocrx_word' id='word_1_366' title='bbox 974 3238 999 3284; x_wconf 83' lang='lat' dir='ltr'><strong>et</strong></span> <span class='ocrx_word' id='word_1_367' title='bbox 1017 3236 1047 3286; x_wconf 79' lang='lat' dir='ltr'><strong>in</strong></span> <span class='ocrx_word' id='word_1_368' title='bbox 1058 3239 1185 3291; x_wconf 80' lang='lat' dir='ltr'><strong>indemo-</strong></span> 
     </span>
     <span class='ocr_line' id='line_1_43' title="bbox 220 3300 1183 3375; baseline 0.012 -23"><span class='ocrx_word' id='word_1_369' title='bbox 220 3302 282 3352; x_wconf 84' lang='lat' dir='ltr'><strong>entis</strong></span> <span class='ocrx_word' id='word_1_370' title='bbox 296 3301 399 3362; x_wconf 80' lang='lat' dir='ltr'><strong>firioeire</strong></span> <span class='ocrx_word' id='word_1_371' title='bbox 412 3305 436 3350; x_wconf 89' lang='lat' dir='ltr'><strong>et</strong></span> <span class='ocrx_word' id='word_1_372' title='bbox 451 3301 479 3350; x_wconf 80' lang='lat' dir='ltr'><strong>ise</strong></span> <span class='ocrx_word' id='word_1_373' title='bbox 491 3303 574 3366; x_wconf 76' lang='lat' dir='ltr'><strong>requie</strong></span> <span class='ocrx_word' id='word_1_374' title='bbox 588 3300 739 3367; x_wconf 73' lang='lat' dir='ltr'><strong>epulentati,</strong></span> <span class='ocrx_word' id='word_1_375' title='bbox 757 3303 840 3368; x_wconf 86' lang='lat' dir='ltr'><strong>ipsum</strong></span> <span class='ocrx_word' id='word_1_376' title='bbox 851 3316 954 3356; x_wconf 75' lang='lat' dir='ltr'><strong>necem</strong></span> <span class='ocrx_word' id='word_1_377' title='bbox 967 3309 1005 3357; x_wconf 82' lang='lat' dir='ltr'><strong>est</strong></span> <span class='ocrx_word' id='word_1_378' title='bbox 1019 3321 1091 3360; x_wconf 82' lang='lat' dir='ltr'><strong>orare</strong></span> <span class='ocrx_word' id='word_1_379' title='bbox 1105 3315 1183 3375; x_wconf 82' lang='lat' dir='ltr'><strong>etque</strong></span> 
     </span>
    </p>
   </div>
   <div class='ocr_carea' id='block_1_5' title="bbox 244 3484 652 3646">
    <p class='ocr_par' dir='ltr' id='par_1_6' title="bbox 244 3484 652 3646">
     <span class='ocr_line' id='line_1_44' title="bbox 246 3484 652 3544; baseline 0.002 -15"><span class='ocrx_word' id='word_1_380' title='bbox 246 3485 266 3529; x_wconf 86' lang='lat' dir='ltr'><strong>i.</strong></span> <span class='ocrx_word' id='word_1_381' title='bbox 277 3487 306 3530; x_wconf 89' lang='lat' dir='ltr'><strong>lio</strong></span> <span class='ocrx_word' id='word_1_382' title='bbox 320 3486 395 3530; x_wconf 84' lang='lat' dir='ltr'><strong>norit.</strong></span> <span class='ocrx_word' id='word_1_383' title='bbox 406 3486 464 3531; x_wconf 72' lang='lat' dir='ltr'><strong>teet.</strong></span> <span class='ocrx_word' id='word_1_384' title='bbox 473 3485 513 3530; x_wconf 85' lang='lat' dir='ltr'><strong>ltb.</strong></span> <span class='ocrx_word' id='word_1_385' title='bbox 531 3484 551 3539; x_wconf 90' lang='lat' dir='ltr'><strong>i,</strong></span> <span class='ocrx_word' id='word_1_386' title='bbox 562 3498 607 3544; x_wconf 78' lang='lat' dir='ltr'><strong>cap.</strong></span> <span class='ocrx_word' id='word_1_387' title='bbox 618 3486 652 3534; x_wconf 71' lang='lat' dir='ltr'><strong>di.</strong></span> 
     </span>
     <span class='ocr_line' id='line_1_45' title="bbox 244 3539 446 3646; baseline 0.015 -13"><span class='ocrx_word' id='word_1_388' title='bbox 244 3539 446 3646; x_wconf 73' lang='lat' dir='ltr'><strong>tls-tttttt.</strong></span> 
     </span>
    </p>
   </div>
   <div class='ocr_carea' id='block_1_6' title="bbox 0 0 1252 3992">
    <p class='ocr_par' dir='ltr' id='par_1_7' title="bbox 0 0 1252 3992">
     <span class='ocr_line' id='line_1_46' title="bbox 0 0 1252 3992; baseline 0 2"><span class='ocrx_word' id='word_1_389' title='bbox 0 0 1252 3992; x_wconf 95' lang='lat' dir='ltr'><strong> </strong></span> 
     </span>
    </p>
   </div>
  </div>
 </body>
</html>
