2574 3994
497 298 584 345 amaa
605 298 721 345 narnus.
1039 277 1095 340 aot

127 423 141 460 s
167 399 258 463 etiam
272 416 374 462 secum
389 403 543 480 asportare
556 396 637 458 bona
655 415 710 458 sua
728 394 895 458 immobilia
908 394 1053 476 acquisita
1067 394 1099 456 in

127 512 142 549 o
167 487 259 570 priori
276 487 426 559 Ecclesia,
447 505 500 548 seu
514 504 550 546 ex
565 485 631 563 eius
644 484 790 547 fructibus
805 491 994 566 comparata,
1009 483 1098 545 dum·

127 601 142 638 s
167 575 259 640 modo
273 575 338 638 liaec
353 574 489 637 nondum
503 575 562 635 sint
576 574 716 636 Ecclesia
729 571 875 635 dedicata.
889 594 904 630 n

171 689 188 726 o
208 665 239 727 Si
254 666 339 740 veru,
355 663 453 745 pergit
468 662 579 724 Bened.
604 664 669 724 xiv
689 660 786 739 (ibid,
804 671 836 723 n⁰
851 665 911 739 l3),
927 659 1100 739 hujusmodi

129 779 143 817 s
168 754 301 834 (vinculi)
314 752 422 815 solutio
437 750 488 813 nar
507 751 602 813 inscio
616 751 705 833 plane
717 750 887 832 Episcopo,
903 750 989 830 isque
1003 755 1100 810 trans-

128 868 143 902 i
169 843 279 908 teratur
297 841 363 904 sine
384 841 492 922 praevia
511 845 565 902 sut
585 840 745 902 scientia...
765 839 919 903 ridetur...
935 838 1102 918 Episcopus

129 956 145 992 s
168 939 199 993 tu
205 951 242 992 nc
255 932 335 994 rectu
349 928 463 992 tructus
477 929 646 1010 percipere,
661 935 734 991 tune
745 929 834 991 etiam
846 927 942 991 valide
956 926 1102 989 beneficia

130 1045 145 1080 si
170 1019 317 1091 conterre,
329 1037 489 1102 quousque
500 1018 712 1092 sibi,nuntiatd
722 1018 831 1081 vinculi
842 1017 1001 1086 solutione,
1013 1033 1102 1078 suum
1131 1027 1144 1070 .’

130 1133 145 1168 ri
172 1109 234 1190 ipso
256 1125 440 1170 consensum
459 1106 556 1170 eidem
571 1108 856 1184 accommodaverit,
877 1107 944 1178 vel.
959 1125 996 1168 eo
1009 1105 1102 1167 dene-

131 1223 147 1261 s
170 1207 254 1280 gato.
271 1199 302 1260 S.
320 1196 454 1260 Pontifex
468 1243 475 1273 ,
488 1197 576 1276 justis
591 1196 767 1278 urgentibus
788 1196 904 1273 causis,
927 1195 1007 1258 illius
1029 1212 1101 1258 oon·

131 1311 147 1348 o
171 1291 279 1349 sensus
293 1285 443 1349 delectum
459 1285 650 1366 suppleverit.
668 1307 683 1344 o
1146 1291 1153 1304 '

172 1381 241 1438 532.
266 1376 294 1437 Si
311 1383 417 1456 agatur
426 1375 464 1436 de
473 1373 674 1437 ecclesiastico
682 1373 943 1456 adllpiscopatum
952 1377 1102 1454 promoto,

131 1468 180 1548 jus
198 1465 305 1525 retinet
320 1462 504 1546 percipiendi
520 1462 633 1525 lruotus
647 1465 783 1526 muneris
798 1461 994 1525 Ecclesiastici
1012 1464 1104 1542 aquo

133 1554 258 1616 discedit
272 1571 369 1634 usque.
387 1553 425 1614 ad
439 1570 526 1614 suam
544 1552 801 1614 consecrationem
816 1549 1044 1633 Episcopalem.
1059 1550 1104 1611 vel

134 1642 331 1724 quoadusquo
341 1641 579 1703 clllnxcrinttres
586 1659 707 1702 menses
714 1648 781 1723 post
788 1647 938 1722 receptam
947 1637 1106 1702 contirma-

135 1733 248 1793 tioncm
263 1729 418 1792 electionis
430 1729 479 1791 cui
493 1747 675 1792 consensum
688 1730 816 1812 praebuit
829 1729 907 1809 (529)
922 1733 944 1790 ¹.

175 1823 244 1881 533.
268 1817 299 1880 Si
321 1828 428 1899 agatur
445 1818 484 1879 de
497 1818 562 1880 aliis
581 1819 698 1882 clericis
718 1819 888 1895 translatis,
910 1823 1035 1900 possunt
1049 1816 1105 1898 ipsi

137 1908 289 1991 percipere
304 1908 419 1982 lructus
431 1906 537 1989 prioris
546 1907 623 1969 tituli
638 1927 796 1990 quousque
808 1907 1026 1989 possessionem
1038 1907 1106 1968 novi

138 1999 282 2060 inierint:
298 1997 322 2057 si
337 2004 439 2058 tamen
459 1997 525 2057 novi
544 1996 620 2058 tituli
634 1997 856 2078 possessionem
870 1998 1106 2079 procrastinent,

137 2093 222 2149 retus
234 2085 298 2147 dari
313 2093 409 2166 potest
429 2084 511 2146 alteri
527 2085 637 2146 titulari
651 2085 722 2166 qui,
742 2086 858 2148 monito
871 2085 1105 2167 praedecessore,

137 2175 237 2236 statim
250 2175 375 2255 percipit
391 2173 505 2235 lructus
519 2171 657 2234 beneficii
670 2175 693 2236 ¹.

177 2266 247 2325 534.
271 2263 394 2335 Quaerit.
415 2267 448 2323 ἵ·
469 2261 516 2324 Ad
541 2279 619 2343 quos
642 2261 811 2339 pertineant
831 2268 946 2324 tructus
968 2259 1108 2324 beneficii

138 2360 273 2433 tempore
286 2350 472 2414 uacationis?

179 2441 268 2522 ltesp.
285 2441 354 2502 lllos
374 2440 525 2521 pertinere
542 2439 581 2503 ad
602 2438 770 2502 Ecclesiam
790 2445 946 2502 vacantem
965 2439 1006 2502 ita
1019 2445 1054 2501 ut
1066 2439 1107 2517 si,

128 2529 242 2592 ,solutis
261 2528 369 2590 detritis
382 2536 411 2589 et
426 2528 472 2589 lns
485 2547 554 2610 quae
569 2528 679 2591 luerint
692 2529 859 2591 necessaria
872 2547 928 2612 pro
943 2527 1109 2591 deservien-

139 2619 221 2681 tibus
239 2617 353 2679 eisdem
374 2617 518 2680 ministris
531 2625 561 2680 et
577 2618 643 2680 aliis
656 2616 815 2693 oneribus,
829 2616 942 2698 aliquid
961 2618 1109 2701 supersit,

139 2707 197 2769 boc
220 2704 433 2768 reservandum
456 2707 494 2769 sit
507 2705 749 2782 successoribus,
772 2706 828 2767 nisi
852 2707 909 2768 alia
931 2707 968 2768 sit
987 2725 1111 2770 consue·

140 2794 213 2858 tudo
230 2814 237 2856 :
253 2793 296 2856 sio
309 2795 392 2856 onim
407 2794 532 2857 habetur
546 2795 577 2856 in
587 2813 653 2877 cap.
670 2794 818 2857 Praesenti
830 2798 860 2868 9,
875 2793 910 2857 de
922 2797 1012 2877 officio
1023 2797 1110 2859 Ordi-

140 2884 240 2960 nes-ii,
256 2883 286 2945 in
301 2887 332 2946 6⁰
349 2901 357 2944 z
377 2905 393 2943 s
412 2884 593 2948 Vacantibus
610 2883 812 2965 Dignitatibus
830 2883 876 2946 vel
891 2886 1031 2948 Ecclesiis
1044 2887 1110 2968 qui-

141 2994 157 3032 s
183 2971 409 3054 buscumque...
437 2973 616 3036 eorumdem
640 2972 758 3034 bona...
787 2974 949 3036 vacationis
967 2975 1111 3056 ¹ipsorum

142 3082 159 3121 s
183 3060 1112 3147 temporcobvenientia,quaeinutilitotcmeorumdemeependi

177 3255 185 3283 ⁸
199 3249 226 3301 ln
239 3249 315 3302 Gallil
326 3255 407 3302 tamm
418 3264 468 3301 non
476 3255 560 3315 posset
571 3249 696 3316 percipere
708 3249 873 3317 pensionems
884 3250 1008 3304 Grrbernio
1020 3253 1114 3304 solven-

145 3321 201 3374 dsm
218 3338 262 3388 pro
275 3337 377 3372 munera
394 3336 407 3371 a
420 3337 469 3388 quo
486 3321 607 3381 discedit.
620 3322 668 3371 uisi
684 3338 764 3387 usqua
775 3323 806 3372 sd
819 3323 884 3372 diem
898 3324 1060 3390 possessionis
1072 3340 1115 3374 as-

145 3401 249 3460 sumpta
265 3409 317 3514 ripa
329 3393 453 3445 diocesis.
466 3392 501 3444 lta
515 3395 623 3448 vrdssm
639 3393 672 3445 ds
683 3393 700 3445 4
710 3400 769 3460 sspt.
784 3393 859 3448 tatu.
872 3395 970 3461 (lours.
982 3396 1114 3458 durati,

146 3467 165 3515 t.
177 3465 201 3526 t,
215 3479 238 3531 p.
252 3465 282 3514 32
302 3469 317 3524 ,ι

176 3543 186 3573 ¹
200 3535 228 3584 ln
240 3535 319 3587 Gallici
330 3535 395 3586 solet
405 3535 562 3587 determinari
574 3534 606 3587 ab
619 3535 747 3603 Episcopis
758 3537 810 3588 diss
822 3551 872 3603 qao
881 3542 962 3588 osssst
975 3537 1015 3588 sal
1032 3537 1116 3604 incipit

148 3605 272 3671 possessio
285 3605 398 3658 bensflrd
408 3644 416 3670 ,
430 3621 480 3674 qus
492 3605 597 3674 proinde
607 3605 759 3660 doberniam
775 3613 856 3658 cassat
871 3607 910 3658 ssl
920 3606 1006 3672 insipit
1021 3609 1117 3660 solrsrs

147 3673 293 3742 ptuisssm
305 3674 320 3726 t
333 3683 361 3728 ts
372 3675 545 3741 prassinam.
