2570 4006
227 253 286 313 43⁶2
445 269 580 315 ulnulas
599 269 701 316 rorrus
721 263 803 315 sonis
822 265 968 314 canosum,

226 383 379 446 »pensare
391 384 425 425 :n
441 385 468 428 v.
481 386 510 447 g.
527 365 559 428 in
571 373 639 430 voto
653 366 783 448 simplici
797 363 949 441 castitatis,
960 363 992 425 in
1006 362 1200 446 sponsalibus

226 453 360 516 occultis.

268 563 285 602 u
301 544 336 604 nt
345 544 363 605 a
372 541 645 626 dispensationibus
654 542 856 608 concedendis
869 558 1093 625 superquoquo
1102 541 1199 620 impe

225 653 240 690 n
264 629 400 695 dimento
417 634 478 697 sive
491 633 778 715 consanguinitatis,
794 633 855 695 sive
869 631 1019 694 allinitatis
1037 649 1074 694 ex
1088 628 1198 710 copula

225 743 240 778 n
265 720 344 784 licita
357 740 411 785 seu
425 741 461 784 er
475 721 654 804 cognatione
668 721 814 804 spirituali
828 720 1043 803 proveniente,
1060 719 1152 782 etiam
1165 719 1197 779 in

225 831 240 868 a
263 807 330 873 foro
342 813 534 876 conscientiae
546 813 675 888 uatum,
691 811 809 874 tametsi
824 809 1075 893 impedimentum
1089 808 1128 869 sit
1141 826 1198 870 oc-

225 921 240 958 o
263 899 393 978 cultum,
408 907 438 962 et
450 900 619 984 periculum
632 900 842 962 scandalorum
857 897 1024 973 immineat,
1040 897 1072 958 in
1087 895 1196 959 iisdem

224 1011 239 1047 ι
263 989 464 1052 matrimoniis
482 987 696 1052 contrahendis
718 988 875 1051 abstineat.
891 1009 907 1048 n
924 989 1012 1051 Nunc
1034 987 1066 1048 iu
1087 985 1197 1049 iisdem

224 1077 448 1140 Poenitentiaria
460 1095 533 1141 cum
546 1077 730 1160 pauperibus
742 1076 907 1159 dispensat.

267 1167 329 1227 nln
343 1167 503 1229 contractis
525 1167 596 1230 verd
621 1165 871 1239 matrimoniis‚a
894 1165 1117 1248 dispensatione
1140 1183 1197 1228 seu

224 1278 239 1314 n
263 1255 447 1317 matrimonii
460 1253 684 1332 revalidatione,
701 1255 731 1316 in
752 1253 895 1336 gradibus
908 1256 1007 1336 primo
1020 1260 1048 1315 et
1061 1252 1196 1317 secundo

224 1369 239 1404 n
262 1346 380 1407 tantum
402 1344 670 1426 consanguinitatis
682 1343 729 1406 vel
744 1341 895 1406 affinitatis
913 1360 951 1405 ex
973 1341 1081 1424 copula
1102 1341 1194 1422 licita,

223 1457 238 1494 n
262 1434 352 1497 etiam
369 1435 401 1496 in
414 1433 550 1509 occultis,
558 1433 668 1515 pariter
675 1431 832 1509 abstineat,
846 1437 1045 1514 preterquam
1059 1431 1136 1508 si‚in
1149 1450 1196 1496 se·

223 1546 238 1583 n
261 1524 362 1587 cundo
372 1525 488 1586 tantum
498 1522 592 1604 gradu
601 1521 753 1603 praedicto,
766 1519 1017 1603 impedimentum
1026 1519 1196 1602 perdecem

223 1635 237 1672 n
263 1613 348 1675 nium
371 1611 521 1674 duraverit
547 1611 718 1684 occultum,
742 1617 773 1673 et
798 1617 931 1673 oratores
962 1608 1053 1671 simul
1074 1608 1196 1692 publiea

223 1701 465 1764 »contraxerint
490 1706 522 1762 et
546 1699 750 1776 continuerint,
771 1705 802 1761 et
827 1699 871 1761 uti
898 1699 1042 1780 conjuges
1069 1696 1195 1779 legitimi

221 1811 237 1846 a
261 1789 387 1870 reputati
403 1787 523 1850 luerint.

260 1879 327 1939 niu
350 1878 437 1938 tertio
450 1886 551 1940 autern
568 1881 599 1940 et
617 1883 725 1959 quano
744 1875 886 1958 gradibus
908 1875 1047 1953 occultis,
1067 1873 1100 1938 in
1119 1894 1195 1940 con·

222 1965 361 2028 attactis
390 1964 483 2047 possit
509 1963 702 2047 dispensare,
731 1973 822 2047 atque
853 1967 885 2028 in
911 1964 1025 2028 eisdem
1051 1963 1139 2028 tertio
1165 1973 1196 2028 et
1282 1959 1283 1978 ³

222 2076 236 2114 n
261 2061 367 2135 quarto
381 2053 524 2136 publicis,
540 2055 634 2135 possit
646 2054 809 2117 revalidare
829 2053 1038 2128 matrimonia,
1053 2070 1089 2115 er
1103 2058 1196 2117 causa

223 2166 236 2204 a
260 2143 462 2225 subreptionis
470 2151 501 2206 et
509 2143 695 2224 obreptionis
706 2143 871 2206 litterarum
885 2141 1114 2225 apostolicarum
1128 2144 1196 2206 nul-

221 2255 236 2290 n
261 2232 328 2294 liter
340 2239 503 2308 contracta,
519 2240 716 2313 praeterquam
732 2231 756 2293 si
767 2231 879 2294 falsitas
892 2231 1035 2294 consistat
1047 2230 1078 2291 in
1089 2247 1194 2294 narra-

220 2343 235 2380 s
260 2321 340 2384 tione
355 2320 551 2402 precedentis
563 2321 692 2403 copulae,
707 2338 776 2402 quae
791 2339 853 2383 non
867 2321 1084 2383 intercesserat.

259 2431 275 2469 a
292 2411 378 2482 Quod
399 2410 423 2472 si
444 2409 536 2491 aliqui
560 2417 694 2472 oratores
713 2408 898 2472 obtinuerint
919 2410 1053 2471 anostra
1074 2410 1195 2474 llataria

220 2521 234 2557 a
258 2497 513 2581 dispensationem
536 2515 627 2578 super
641 2497 736 2578 gradu
754 2497 905 2581 prohibito
924 2497 955 2559 in
979 2497 1078 2580 purime
1096 2503 1126 2560 et
1143 2517 1195 2562 se·

219 2612 233 2648 n
259 2587 371 2663 cundo,
385 2587 431 2650 vel
446 2587 477 2650 in
498 2586 632 2648 secundo
649 2588 789 2664 tantiam,
804 2605 839 2650 ac
852 2587 885 2648 in
903 2587 991 2649 tertio
1004 2586 1050 2649 vel
1068 2591 1194 2668 quarto',

219 2699 234 2736 n
258 2695 329 2740 cum
343 2676 497 2739 reticentia
510 2675 626 2757 copule
641 2675 783 2738 intereos
797 2681 923 2749 moute,
939 2693 1032 2757 quam
1051 2675 1117 2737 sine
1136 2675 1196 2739 bo-

218 2789 234 2826 n
259 2766 341 2828 noris
354 2763 535 2827 detrimento
547 2763 687 2845 detegere
702 2783 763 2827 non
778 2764 914 2841 valeant,
929 2771 959 2826 et
972 2764 1087 2826 ratione
1099 2763 1196 2845 hujus

218 2876 234 2914 u
258 2853 420 2916 reticentiae
438 2859 543 2936 petunt
561 2851 817 2934 dispensationem
835 2871 891 2936 pro
906 2853 1099 2916 matrimonio
1112 2871 1197 2917 con·
1279 2875 1280 2880 ¹

218 2965 233 3002 s
260 2941 415 3018 trahendo,
431 2959 485 3005 seu
499 2941 742 3005 revalidationem
753 2943 817 3022 J'am
830 2942 987 3020 contracti,
1002 2941 1095 3024 possit
1107 2940 1194 3006 idem
1279 2945 1280 2954 ’

218 3053 234 3092 a
259 3030 512 3108 Poenitentiarius,
527 3031 552 3094 si
570 3031 678 3112 copula
692 3031 730 3093 sit
746 3029 845 3095 adhuc
865 3038 995 3108 secreta,
1014 3031 1193 3110 hujusmodi
1277 3093 1279 3096 .

218 3141 233 3178 a
257 3117 512 3200 dispensationem
530 3137 584 3182 seu
602 3119 845 3183 resolidationem
863 3120 895 3182 in
914 3119 979 3182 loro
996 3118 1194 3184 conscientiae
1278 3127 1279 3132 ’

217 3229 233 3266 n
257 3209 375 3269 tantmn
389 3206 563 3279 concedere,
580 3207 669 3288 facta,
684 3207 807 3290 quando
820 3209 919 3291 agitur
931 3206 970 3271 de
983 3207 1084 3290 primu
1096 3213 1128 3271 et
1140 3227 1193 3272 se·

217 3317 232 3356 o
256 3295 357 3358 cundo
366 3295 412 3358 vel
427 3295 561 3360 secundo
574 3300 691 3360 ertum
706 3297 812 3378 gradu,
823 3295 1042 3380 compositione
1051 3301 1092 3360 50
1099 3295 1194 3362 duca·

217 3407 232 3444 a
255 3391 355 3446 torum
370 3385 435 3447 auri
448 3385 487 3447 ad
500 3385 650 3448 Datariam
663 3386 978 3455 transmittendorum.
996 3384 1035 3449 ed
1048 3385 1194 3450 ellectum

1276 3289 1279 3449 l

216 3495 232 3532 n
256 3471 400 3554 erogandi
419 3472 453 3534 in
477 3471 735 3554 eleemosynas...‚
750 3473 807 3537 nisi
828 3475 912 3557 prior
932 3473 1028 3556 gratia
1049 3475 1194 3557 expedita
1277 3515 1278 3548 2

216 3582 231 3620 n
255 3559 360 3622 fuisset
373 3560 404 3622 in
418 3561 515 3640 [uerno
532 3579 693 3642 pauperum
708 3577 720 3621 .·
733 3578 895 3642 quocum,
908 3563 1000 3624 etiam
1013 3560 1079 3625 baec
1092 3565 1194 3644 gratia

216 3669 232 3708 n
254 3649 392 3711 similiter
405 3647 519 3729 absquo
531 3647 593 3710 utta
605 3647 822 3731 compositione
836 3649 1019 3732 expediatur.
