2546 3992
192 199 252 262 530
411 211 549 260 ursulus
568 207 669 256 corius
687 205 771 254 rums
790 205 938 254 cmomu.

232 313 354 375 Certum
363 312 520 372 esttamen
530 305 727 390 opudomnes
738 303 819 368 licite
832 301 1008 367 confirmari
1022 301 1165 376 insanies,

194 405 262 463 onte
276 417 365 462 usum
379 399 521 466 solionis.
536 395 561 460 si
575 397 665 476 juslae
678 393 950 468 accusaremus,
965 411 1077 474 nempe
1092 391 1169 474 peri·

194 481 1167 568 culummorlisobsentioEpiscopimsusineliquoloroexisieos‚

194 585 285 662 prout
308 578 339 638 in
362 576 504 657 Hispanis
526 581 557 637 et
586 573 667 657 apud
690 575 829 649 Graecos;
848 571 873 635 si
895 573 966 634 vero
987 589 1049 634 non
1070 571 1170 632 adsim

194 685 292 732 causeo
305 663 497 745 hujusmodi,
513 663 602 726 hodie
616 663 746 745 amplius
761 679 823 724 non
837 661 905 724 licet
918 662 962 724 sic
974 659 1169 724 confirmare.

195 758 238 818 lto
257 753 378 837 praelala
397 755 520 815 Conslit.
544 752 658 816 Berred.
683 753 748 814 XIV
767 749 841 813 anni
862 753 951 813 1745.
973 749 1049 812 Vide
1069 751 1103 813 S.
1126 749 1174 812 Li-

196 863 295 926 guoc,
313 843 365 904 lib.
376 846 407 918 6,
423 846 458 903 n⁰
469 845 536 904 178.

236 932 333 994 Elium
349 930 519 993 amentibus
538 931 733 994 Confirmatio
746 934 791 994 esi
804 927 1004 1002 conferendo,
1017 929 1103 1008 juxis
1116 929 1173 990 Bo·

197 1020 267 1082 ned.
291 1021 368 1098 xlv,
384 1017 477 1096 ilid.;
499 1025 545 1082 est
557 1038 736 1098 commune,
752 1020 852 1103 inquil
865 1019 897 1083 S.
912 1018 1051 1100 Liguor.‚
1068 1017 1125 1080 lib.
1141 1021 1174 1094 6,

199 1121 232 1170 n·
248 1112 317 1173 180.

237 1201 306 1262 993.
332 1199 368 1260 In
382 1199 437 1260 sui
458 1199 619 1280 Encyclicl
638 1198 712 1261 Eua·
732 1197 871 1274 minimi,
895 1199 967 1261 enni
991 1201 1086 1270 1749,
1113 1197 1173 1259 Be·

198 1287 268 1354 ned.
298 1290 363 1350 xlv
385 1288 470 1366 jubel
493 1295 527 1351 ul
548 1288 690 1370 Episcopi
713 1293 857 1351 moneant
878 1285 1037 1370 parochos,
1065 1286 1174 1368 eisque

199 1375 1177 1458 distinctepraecipiantnequiscorumschedulamConlirmalionis

200 1467 237 1528 iis
250 1465 360 1538 tradat,
371 1465 422 1547 qui
437 1467 572 1546 graviora
586 1465 654 1528 lidei
664 1469 761 1549 capilo
774 1473 805 1529 el
817 1464 996 1529 sacramenti
1009 1465 1070 1529 sim
1086 1467 1176 1548 igno-

200 1563 277 1618 ronl.
296 1555 384 1635 Apud
398 1556 560 1636 Lequeux‚
576 1563 610 1616 η’
623 1559 693 1618 799.

239 1649 309 1706 994.
330 1644 452 1716 Quaerit.
473 1647 506 1705 2⁰
520 1645 568 1704 An
587 1646 714 1724 grauiter
727 1649 832 1725 peccel
843 1642 1011 1726 Episcopus
1026 1641 1178 1706 udminis·

200 1738 283 1794 lruns
297 1731 564 1794 confirmationem
584 1733 698 1814 absque
721 1733 813 1795 sacris
831 1732 962 1796 uestibus
983 1739 1015 1795 el
1031 1750 1178 1795 caeremo

201 1819 300 1884 uiisin
317 1819 483 1882 Ponlilicali
500 1821 701 1902 praescriptis?

241 1911 330 1989 llesp.
346 1925 418 1970 cum
432 1911 463 1970 S.
473 1909 595 1990 Liguor.
607 1909 669 1988 (lib.
680 1914 709 1981 6,
719 1917 753 1972 n·
767 1911 857 1988 l8l):
873 1909 1072 1993 «Episcopus
1085 1909 1179 1973 deber
1253 1925 1254 1938 ³

201 2019 216 2055 s
241 2014 306 2060 esse
321 1997 443 2060 indutus
457 1997 568 2060 amictu
578 2016 668 2080 supra
682 1999 848 2073 rochetum,
865 1999 911 2062 vel
921 1997 1179 2080 superpelliceum

201 2109 216 2145 o
242 2087 265 2148 si
280 2088 317 2149 sit
333 2086 508 2168 religiosus,
523 2105 559 2150 eo
574 2088 667 2166 stolo,
682 2087 802 2169 pluviali
822 2086 880 2150 albi
903 2088 1028 2164 coloris,
1043 2088 1133 2150 nritro
1148 2096 1180 2152 el

202 2197 217 2234 o
241 2174 386 2238 baculo...
407 2177 548 2238 Verius...
565 2178 674 2254 Diana,
690 2180 817 2249 Teneor,
825 2177 974 2258 Sporer...
989 2175 1096 2238 dicum
1109 2195 1178 2241 esse

202 2285 216 2328 o
242 2266 367 2328 mousle
380 2267 517 2328 omittere
530 2266 633 2329 omnio
647 2265 788 2348 praedicta
802 2267 1012 2343 instrumenta,
1027 2267 1179 2349 cumipse

201 2377 217 2415 o
242 2355 411 2438 pertineant
424 2355 461 2417 ad
480 2356 676 2418 reverentiam
694 2357 890 2432 sacramenti3
906 2357 993 2419 secus
1005 2356 1032 2418 si
1052 2355 1180 2437 aliquod
1252 2427 1253 2432 ἵ

202 2465 217 2503 s
241 2446 359 2506 tontum
383 2445 559 2520 ominatum
584 2445 656 2526 quio
678 2443 709 2505 id
737 2463 799 2508 non
821 2445 939 2509 videtur
961 2463 1026 2508 esse
1049 2446 1180 2509 muteris
1252 2453 1253 2458 ’

202 2557 217 2592 o
242 2535 375 2616 gravis...
387 2533 609 2596 Aduerlendum
623 2541 741 2605 umen,
758 2533 859 2616 quoad
869 2535 1022 2610 bmnium,
1037 2533 1180 2599 sufficere

202 2645 217 2680 o
242 2623 361 2704 quiid...
376 2629 497 2686 maneat
516 2623 636 2706 publice
656 2624 845 2705 expositum,
860 2623 908 2687 vel
926 2642 944 2687 a
962 2623 1072 2687 clerico
1095 2624 1180 2686 deli·

201 2734 216 2770 c
242 2715 625 2795 nealur...llemS.Congr.
636 2711 1068 2795 derropagindsridepdec.
1079 2717 1175 2791 1796,

201 2822 216 2858 s
241 2801 400 2866 declaravit
414 2803 550 2866 sufficere
563 2802 647 2884 quod
660 2803 826 2885 Episcopus
840 2804 905 2866 sine
920 2805 1027 2879 mitro,
1043 2802 1177 2866 adhibito

201 2912 216 2950 o
241 2894 358 2954 tanlirm
372 2892 463 2966 slolu,
479 2891 648 2954 confirmet.

241 3002 256 3038 o
281 2979 490 3042 Notandum...
514 2979 710 3044 omissionem
732 2981 844 3063 alapae,
868 2983 986 3046 secluso
1007 2982 1174 3062 scandalo,

202 3091 218 3130 u
243 3087 400 3149 nunquam
421 3087 486 3132 esse
509 3070 719 3148 morlalem...;
734 3071 928 3134 omissionem
950 3079 1051 3136 aulem
1073 3073 1174 3152 cerei,

202 3179 217 3218 1>
242 3157 424 3220 Ledesma...
439 3165 469 3220 et
483 3159 559 3220 Sa...
575 3159 710 3222 obsolute
728 3167 840 3243 negent
856 3179 993 3243 unquam
1007 3179 1095 3244 posse
1108 3179 1175 3224 esse

203 3269 218 3306 o
244 3245 419 3326 mortalem,
449 3249 521 3310 cum
546 3247 611 3310 haec
636 3251 819 3311 caeremouia
853 3251 979 3314 minime
1006 3252 1175 3314 inueniatur

203 3357 218 3396 o
245 3335 427 3417 prescripta,
443 3337 495 3399 sed
509 3355 545 3398 ex
555 3336 619 3398 solo
633 3355 688 3398 usu
704 3339 742 3398 sit
755 3338 933 3402 introductu.

242 3435 378 3497 »Frons
405 3433 573 3498 confirmati
605 3435 767 3515 obliganda
792 3444 837 3499 est
866 3437 957 3499 fuscis
984 3437 1064 3500 lineo
1085 3455 1175 3500 cruce

202 3543 217 3582 o
244 3525 361 3601 notaio,
381 3523 524 3605 gestanda
541 3541 624 3601 uno,
647 3523 744 3586 tribus
765 3525 811 3588 vel
834 3534 948 3608 septem
968 3525 1095 3606 diebus,
1119 3545 1176 3608 pro

202 3627 218 3670 ι
243 3612 476 3689 consuetudine,
496 3611 578 3673 illolu
598 3609 719 3673 iuterim
739 3610 852 3692 iconum
874 3613 927 3676 sed
950 3613 1056 3694 hodie,
1077 3614 1175 3698 inquil
