<?xml version="1.0" encoding="UTF-8"?>
<!DOCTYPE html PUBLIC "-//W3C//DTD XHTML 1.0 Transitional//EN"
    "http://www.w3.org/TR/xhtml1/DTD/xhtml1-transitional.dtd">
<html xmlns="http://www.w3.org/1999/xhtml" xml:lang="en" lang="en">
 <head>
  <title>
</title>
<meta http-equiv="Content-Type" content="text/html;charset=utf-8" />
  <meta name='ocr-system' content='tesseract 3.04.00' />
  <meta name='ocr-capabilities' content='ocr_page ocr_carea ocr_par ocr_line ocrx_word'/>
</head>
<body>
  <div class='ocr_page' id='page_1' title='image "./manualetotiusju03craigoog_0576.png"; bbox 0 0 2546 3992; ppageno 0'>
   <div class='ocr_carea' id='block_1_1' title="bbox 490 264 1089 327">
    <p class='ocr_par' dir='ltr' id='par_1_1' title="bbox 490 264 1089 327">
     <span class='ocr_line' id='line_1_1' title="bbox 490 264 1089 327; baseline -0.01 -1"><span class='ocrx_word' id='word_1_1' title='bbox 490 278 577 326; x_wconf 72' lang='lat' dir='ltr'>UBRR</span> <span class='ocrx_word' id='word_1_2' title='bbox 597 277 714 324; x_wconf 69' lang='lat' dir='ltr'>PRIMUS.</span> <span class='ocrx_word' id='word_1_3' title='bbox 1032 264 1089 327; x_wconf 75' lang='lat'>553</span> 
     </span>
    </p>
   </div>
   <div class='ocr_carea' id='block_1_2' title="bbox 121 370 1093 722">
    <p class='ocr_par' dir='ltr' id='par_1_2' title="bbox 121 370 1085 454">
     <span class='ocr_line' id='line_1_2' title="bbox 121 370 1085 454; baseline 0.006 -24"><span class='ocrx_word' id='word_1_4' title='bbox 121 394 134 430; x_wconf 75' lang='lat' dir='ltr'>a</span> <span class='ocrx_word' id='word_1_5' title='bbox 158 370 384 454; x_wconf 66' lang='lat' dir='ltr'>Episcopismt.</span> <span class='ocrx_word' id='word_1_6' title='bbox 392 373 453 437; x_wconf 79' lang='lat' dir='ltr'>unt</span> <span class='ocrx_word' id='word_1_7' title='bbox 461 372 660 437; x_wconf 84' lang='lat' dir='ltr'>cumbarrede</span> <span class='ocrx_word' id='word_1_8' title='bbox 668 373 716 434; x_wconf 87' lang='lat' dir='ltr'>vel</span> <span class='ocrx_word' id='word_1_9' title='bbox 729 377 913 447; x_wconf 79' lang='lat' dir='ltr'>exsecutore,</span> <span class='ocrx_word' id='word_1_10' title='bbox 923 370 1040 454; x_wconf 83' lang='lat' dir='ltr'>possint</span> <span class='ocrx_word' id='word_1_11' title='bbox 1048 372 1085 436; x_wconf 89' lang='lat' dir='ltr'>ut·</span> 
     </span>
    </p>

    <p class='ocr_par' dir='ltr' id='par_1_3' title="bbox 121 460 1091 634">
     <span class='ocr_line' id='line_1_3' title="bbox 121 460 1013 544; baseline 0.003 -25"><span class='ocrx_word' id='word_1_12' title='bbox 121 481 135 518; x_wconf 82' lang='lat' dir='ltr'>o</span> <span class='ocrx_word' id='word_1_13' title='bbox 158 460 247 523; x_wconf 85' lang='lat' dir='ltr'>times</span> <span class='ocrx_word' id='word_1_14' title='bbox 260 462 425 524; x_wconf 81' lang='lat' dir='ltr'>voluntates</span> <span class='ocrx_word' id='word_1_15' title='bbox 435 463 466 525; x_wconf 92' lang='lat' dir='ltr'>in</span> <span class='ocrx_word' id='word_1_16' title='bbox 480 461 573 525; x_wconf 86' lang='lat' dir='ltr'>alium</span> <span class='ocrx_word' id='word_1_17' title='bbox 587 462 672 544; x_wconf 90' lang='lat' dir='ltr'>pium</span> <span class='ocrx_word' id='word_1_18' title='bbox 686 480 775 526; x_wconf 91' lang='lat' dir='ltr'>usum</span> <span class='ocrx_word' id='word_1_19' title='bbox 785 469 982 525; x_wconf 82' lang='lat' dir='ltr'>commutare.</span> <span class='ocrx_word' id='word_1_20' title='bbox 997 484 1013 522; x_wconf 79' lang='lat' dir='ltr'>a</span> 
     </span>
     <span class='ocr_line' id='line_1_4' title="bbox 159 549 1091 634; baseline 0.001 -22"><span class='ocrx_word' id='word_1_21' title='bbox 159 550 254 613; x_wconf 89' lang='lat' dir='ltr'>Secus</span> <span class='ocrx_word' id='word_1_22' title='bbox 279 557 381 613; x_wconf 78' lang='lat' dir='ltr'>tamen</span> <span class='ocrx_word' id='word_1_23' title='bbox 415 551 526 614; x_wconf 86' lang='lat' dir='ltr'>sentire</span> <span class='ocrx_word' id='word_1_24' title='bbox 553 551 668 614; x_wconf 83' lang='lat' dir='ltr'>videtur</span> <span class='ocrx_word' id='word_1_25' title='bbox 691 549 802 613; x_wconf 86' lang='lat' dir='ltr'>Bened.</span> <span class='ocrx_word' id='word_1_26' title='bbox 830 552 908 626; x_wconf 85' lang='lat' dir='ltr'><strong>XIV,</strong></span> <span class='ocrx_word' id='word_1_27' title='bbox 934 550 978 613; x_wconf 86' lang='lat' dir='ltr'>De</span> <span class='ocrx_word' id='word_1_28' title='bbox 999 550 1091 634; x_wconf 79' lang='lat' dir='ltr'>Sym,</span> 
     </span>
    </p>

    <p class='ocr_par' dir='ltr' id='par_1_4' title="bbox 122 636 1093 722">
     <span class='ocr_line' id='line_1_5' title="bbox 122 636 1093 722; baseline 0.005 -24"><span class='ocrx_word' id='word_1_29' title='bbox 122 636 172 698; x_wconf 88' lang='lat' dir='ltr'>tib.</span> <span class='ocrx_word' id='word_1_30' title='bbox 190 642 242 716; x_wconf 77' lang='lat'>13,</span> <span class='ocrx_word' id='word_1_31' title='bbox 258 659 325 721; x_wconf 89' lang='lat' dir='ltr'>cap.</span> <span class='ocrx_word' id='word_1_32' title='bbox 341 640 410 718; x_wconf 80' lang='lat' dir='ltr'>ult,</span> <span class='ocrx_word' id='word_1_33' title='bbox 426 645 461 702; x_wconf 85' lang='lat' dir='ltr'>n⁰</span> <span class='ocrx_word' id='word_1_34' title='bbox 473 645 524 718; x_wconf 73' lang='lat' dir='ltr'>to,</span> <span class='ocrx_word' id='word_1_35' title='bbox 535 641 586 704; x_wconf 90' lang='lat' dir='ltr'>ubi</span> <span class='ocrx_word' id='word_1_36' title='bbox 597 640 693 703; x_wconf 89' lang='lat' dir='ltr'>dicit:</span> <span class='ocrx_word' id='word_1_37' title='bbox 713 663 728 700; x_wconf 83' lang='lat' dir='ltr'>a</span> <span class='ocrx_word' id='word_1_38' title='bbox 742 642 929 722; x_wconf 72' lang='lat' dir='ltr'>Quapropter</span> <span class='ocrx_word' id='word_1_39' title='bbox 942 640 1008 702; x_wconf 81' lang='lat' dir='ltr'>tuto</span> <span class='ocrx_word' id='word_1_40' title='bbox 1021 659 1093 703; x_wconf 91' lang='lat' dir='ltr'>con·</span> 
     </span>
    </p>
   </div>
   <div class='ocr_carea' id='block_1_3' title="bbox 17 727 1095 812">
    <p class='ocr_par' dir='ltr' id='par_1_5' title="bbox 17 727 1095 812">
     <span class='ocr_line' id='line_1_6' title="bbox 17 727 1095 812; baseline 0.006 -25"><span class='ocrx_word' id='word_1_41' title='bbox 17 791 18 796; x_wconf 41' lang='lat'>.</span> <span class='ocrx_word' id='word_1_42' title='bbox 121 727 240 790; x_wconf 78' lang='lat' dir='ltr'>»cludi</span> <span class='ocrx_word' id='word_1_43' title='bbox 265 747 353 810; x_wconf 86' lang='lat' dir='ltr'>posse</span> <span class='ocrx_word' id='word_1_44' title='bbox 375 749 535 793; x_wconf 83' lang='lat' dir='ltr'><strong>censemus</strong></span> <span class='ocrx_word' id='word_1_45' title='bbox 560 729 745 812; x_wconf 82' lang='lat' dir='ltr'>Episcopos,</span> <span class='ocrx_word' id='word_1_46' title='bbox 770 727 882 812; x_wconf 87' lang='lat' dir='ltr'>quibus</span> <span class='ocrx_word' id='word_1_47' title='bbox 904 727 1028 792; x_wconf 79' lang='lat' dir='ltr'><strong>facultas</strong></span> <span class='ocrx_word' id='word_1_48' title='bbox 1050 735 1095 794; x_wconf 88' lang='lat' dir='ltr'>est</span> 
     </span>
    </p>
   </div>
   <div class='ocr_carea' id='block_1_4' title="bbox 121 816 1097 2393">
    <p class='ocr_par' dir='ltr' id='par_1_6' title="bbox 121 816 1097 2058">
     <span class='ocr_line' id='line_1_7' title="bbox 121 816 1094 891; baseline 0.006 -17"><span class='ocrx_word' id='word_1_49' title='bbox 121 836 136 874; x_wconf 80' lang='lat' dir='ltr'>a</span> <span class='ocrx_word' id='word_1_50' title='bbox 160 816 323 880; x_wconf 90' lang='lat' dir='ltr'>reducendi</span> <span class='ocrx_word' id='word_1_51' title='bbox 338 819 497 884; x_wconf 85' lang='lat' dir='ltr'>missarum</span> <span class='ocrx_word' id='word_1_52' title='bbox 512 837 622 891; x_wconf 84' lang='lat' dir='ltr'>onera,</span> <span class='ocrx_word' id='word_1_53' title='bbox 636 819 683 880; x_wconf 87' lang='lat' dir='ltr'>vel</span> <span class='ocrx_word' id='word_1_54' title='bbox 697 838 733 882; x_wconf 81' lang='lat' dir='ltr'>cx</span> <span class='ocrx_word' id='word_1_55' title='bbox 747 817 870 881; x_wconf 78' lang='lat' dir='ltr'>concilii</span> <span class='ocrx_word' id='word_1_56' title='bbox 883 817 1012 880; x_wconf 85' lang='lat' dir='ltr'>Romani</span> <span class='ocrx_word' id='word_1_57' title='bbox 1026 835 1094 880; x_wconf 91' lang='lat' dir='ltr'>am·</span> 
     </span>
     <span class='ocr_line' id='line_1_8' title="bbox 122 904 1092 990; baseline 0.003 -26"><span class='ocrx_word' id='word_1_58' title='bbox 122 925 137 964; x_wconf 78' lang='lat' dir='ltr'>a</span> <span class='ocrx_word' id='word_1_59' title='bbox 161 904 303 986; x_wconf 88' lang='lat' dir='ltr'>pliatione</span> <span class='ocrx_word' id='word_1_60' title='bbox 315 907 361 970; x_wconf 87' lang='lat' dir='ltr'>vet</span> <span class='ocrx_word' id='word_1_61' title='bbox 376 927 412 971; x_wconf 87' lang='lat' dir='ltr'>ex</span> <span class='ocrx_word' id='word_1_62' title='bbox 427 909 537 990; x_wconf 85' lang='lat' dir='ltr'>saepiirs</span> <span class='ocrx_word' id='word_1_63' title='bbox 548 911 714 970; x_wconf 71' lang='lat' dir='ltr'>memorate</span> <span class='ocrx_word' id='word_1_64' title='bbox 728 905 923 970; x_wconf 90' lang='lat' dir='ltr'>instructione</span> <span class='ocrx_word' id='word_1_65' title='bbox 937 905 1024 985; x_wconf 81' lang='lat' dir='ltr'>(Vide</span> <span class='ocrx_word' id='word_1_66' title='bbox 1038 906 1092 984; x_wconf 75' lang='lat' dir='ltr'>it,</span> 
     </span>
     <span class='ocr_line' id='line_1_9' title="bbox 122 995 1094 1080; baseline 0.002 -24"><span class='ocrx_word' id='word_1_67' title='bbox 122 1015 138 1052; x_wconf 83' lang='lat' dir='ltr'>a</span> <span class='ocrx_word' id='word_1_68' title='bbox 162 1002 196 1056; x_wconf 80' lang='lat' dir='ltr'>n⁰</span> <span class='ocrx_word' id='word_1_69' title='bbox 209 997 271 1074; x_wconf 73' lang='lat' dir='ltr'>tt).</span> <span class='ocrx_word' id='word_1_70' title='bbox 282 1014 440 1080; x_wconf 86' lang='lat' dir='ltr'>nonposso</span> <span class='ocrx_word' id='word_1_71' title='bbox 453 998 796 1070; x_wconf 80' lang='lat' dir='ltr'>missarumnumerum</span> <span class='ocrx_word' id='word_1_72' title='bbox 807 995 837 1057; x_wconf 92' lang='lat' dir='ltr'>in</span> <span class='ocrx_word' id='word_1_73' title='bbox 847 1000 1003 1058; x_wconf 86' lang='lat' dir='ltr'>contractu</span> <span class='ocrx_word' id='word_1_74' title='bbox 1012 995 1094 1076; x_wconf 89' lang='lat' dir='ltr'>(actu</span> 
     </span>
     <span class='ocr_line' id='line_1_10' title="bbox 122 1081 1095 1168; baseline 0.004 -26"><span class='ocrx_word' id='word_1_75' title='bbox 122 1081 359 1165; x_wconf 75' lang='lat' dir='ltr'>amudationis)</span> <span class='ocrx_word' id='word_1_76' title='bbox 377 1087 584 1168; x_wconf 72' lang='lat' dir='ltr'>prescriptum</span> <span class='ocrx_word' id='word_1_77' title='bbox 612 1105 648 1150; x_wconf 88' lang='lat' dir='ltr'>ac</span> <span class='ocrx_word' id='word_1_78' title='bbox 670 1085 800 1150; x_wconf 87' lang='lat' dir='ltr'>vicissim</span> <span class='ocrx_word' id='word_1_79' title='bbox 825 1089 1013 1165; x_wconf 85' lang='lat' dir='ltr'>acceptatum</span> <span class='ocrx_word' id='word_1_80' title='bbox 1038 1085 1095 1146; x_wconf 92' lang='lat' dir='ltr'>mi-</span> 
     </span>
     <span class='ocr_line' id='line_1_11' title="bbox 122 1171 1095 1256; baseline 0.006 -26"><span class='ocrx_word' id='word_1_81' title='bbox 122 1194 138 1230; x_wconf 82' lang='lat' dir='ltr'>n</span> <span class='ocrx_word' id='word_1_82' title='bbox 162 1192 257 1238; x_wconf 87' lang='lat' dir='ltr'>nuere</span> <span class='ocrx_word' id='word_1_83' title='bbox 270 1193 324 1238; x_wconf 89' lang='lat' dir='ltr'>seu</span> <span class='ocrx_word' id='word_1_84' title='bbox 339 1175 499 1248; x_wconf 77' lang='lat' dir='ltr'>reducere,</span> <span class='ocrx_word' id='word_1_85' title='bbox 515 1175 648 1256; x_wconf 69' lang='lat' dir='ltr'>pomam</span> <span class='ocrx_word' id='word_1_86' title='bbox 662 1174 817 1237; x_wconf 76' lang='lat' dir='ltr'>imminuti</span> <span class='ocrx_word' id='word_1_87' title='bbox 829 1173 953 1255; x_wconf 73' lang='lat' dir='ltr'>fuissem</span> <span class='ocrx_word' id='word_1_88' title='bbox 962 1171 1095 1236; x_wconf 77' lang='lat' dir='ltr'>redditus</span> 
     </span>
     <span class='ocr_line' id='line_1_12' title="bbox 123 1259 1094 1346; baseline 0.003 -27"><span class='ocrx_word' id='word_1_89' title='bbox 123 1283 139 1319; x_wconf 83' lang='lat' dir='ltr'>a</span> <span class='ocrx_word' id='word_1_90' title='bbox 163 1261 204 1322; x_wconf 94' lang='lat' dir='ltr'>ob</span> <span class='ocrx_word' id='word_1_91' title='bbox 216 1280 287 1324; x_wconf 89' lang='lat' dir='ltr'>eom</span> <span class='ocrx_word' id='word_1_92' title='bbox 301 1261 395 1325; x_wconf 84' lang='lat' dir='ltr'>finem</span> <span class='ocrx_word' id='word_1_93' title='bbox 404 1262 563 1346; x_wconf 78' lang='lat' dir='ltr'>assignati3</span> <span class='ocrx_word' id='word_1_94' title='bbox 574 1263 627 1326; x_wconf 86' lang='lat' dir='ltr'>sed</span> <span class='ocrx_word' id='word_1_95' title='bbox 636 1265 692 1328; x_wconf 83' lang='lat' dir='ltr'>bto</span> <span class='ocrx_word' id='word_1_96' title='bbox 703 1263 778 1326; x_wconf 79' lang='lat' dir='ltr'>torte</span> <span class='ocrx_word' id='word_1_97' title='bbox 792 1264 846 1339; x_wconf 89' lang='lat' dir='ltr'>(est</span> <span class='ocrx_word' id='word_1_98' title='bbox 857 1259 991 1342; x_wconf 82' lang='lat' dir='ltr'>exceptio</span> <span class='ocrx_word' id='word_1_99' title='bbox 1002 1280 1094 1342; x_wconf 90' lang='lat' dir='ltr'>quam</span> 
     </span>
     <span class='ocr_line' id='line_1_13' title="bbox 124 1347 1095 1437; baseline 0.004 -29"><span class='ocrx_word' id='word_1_100' title='bbox 124 1370 139 1408; x_wconf 84' lang='lat' dir='ltr'>a</span> <span class='ocrx_word' id='word_1_101' title='bbox 163 1347 281 1412; x_wconf 89' lang='lat' dir='ltr'>videtur</span> <span class='ocrx_word' id='word_1_102' title='bbox 294 1351 451 1415; x_wconf 76' lang='lat' dir='ltr'>admittere</span> <span class='ocrx_word' id='word_1_103' title='bbox 465 1351 611 1432; x_wconf 81' lang='lat' dir='ltr'>Pontifex)</span> <span class='ocrx_word' id='word_1_104' title='bbox 625 1351 777 1437; x_wconf 76' lang='lat' dir='ltr'>propositt</span> <span class='ocrx_word' id='word_1_105' title='bbox 790 1350 858 1412; x_wconf 84' lang='lat' dir='ltr'>iacti</span> <span class='ocrx_word' id='word_1_106' title='bbox 873 1349 988 1430; x_wconf 86' lang='lat' dir='ltr'>specie,</span> <span class='ocrx_word' id='word_1_107' title='bbox 1009 1367 1095 1432; x_wconf 85' lang='lat' dir='ltr'>opor·</span> 
     </span>
     <span class='ocr_line' id='line_1_14' title="bbox 125 1435 1094 1524; baseline 0.003 -29"><span class='ocrx_word' id='word_1_108' title='bbox 125 1459 140 1495; x_wconf 79' lang='lat' dir='ltr'>a</span> <span class='ocrx_word' id='word_1_109' title='bbox 164 1435 1094 1524; x_wconf 75' lang='lat' dir='ltr'>tere,utJudicispartesassurnant‚investigantesantalissit‚</span> 
     </span>
     <span class='ocr_line' id='line_1_15' title="bbox 124 1525 1096 1608; baseline 0.002 -22"><span class='ocrx_word' id='word_1_110' title='bbox 124 1547 140 1585; x_wconf 83' lang='lat' dir='ltr'>o</span> <span class='ocrx_word' id='word_1_111' title='bbox 164 1545 232 1608; x_wconf 83' lang='lat' dir='ltr'>quae</span> <span class='ocrx_word' id='word_1_112' title='bbox 245 1528 367 1590; x_wconf 80' lang='lat' dir='ltr'>obvenit</span> <span class='ocrx_word' id='word_1_113' title='bbox 379 1529 552 1594; x_wconf 86' lang='lat' dir='ltr'>reddituum</span> <span class='ocrx_word' id='word_1_114' title='bbox 562 1529 751 1602; x_wconf 84' lang='lat' dir='ltr'>imminutio,</span> <span class='ocrx_word' id='word_1_115' title='bbox 762 1535 796 1592; x_wconf 92' lang='lat' dir='ltr'>ut</span> <span class='ocrx_word' id='word_1_116' title='bbox 807 1528 892 1608; x_wconf 83' lang='lat' dir='ltr'>juxta</span> <span class='ocrx_word' id='word_1_117' title='bbox 900 1527 1011 1607; x_wconf 84' lang='lat' dir='ltr'>recepti</span> <span class='ocrx_word' id='word_1_118' title='bbox 1018 1525 1096 1605; x_wconf 89' lang='lat' dir='ltr'>juris</span> 
     </span>
     <span class='ocr_line' id='line_1_16' title="bbox 125 1616 1095 1702; baseline 0.003 -27"><span class='ocrx_word' id='word_1_119' title='bbox 125 1637 140 1675; x_wconf 80' lang='lat' dir='ltr'>r</span> <span class='ocrx_word' id='word_1_120' title='bbox 165 1617 303 1697; x_wconf 83' lang='lat' dir='ltr'>regulas,</span> <span class='ocrx_word' id='word_1_121' title='bbox 328 1618 455 1681; x_wconf 84' lang='lat' dir='ltr'>sufficiat</span> <span class='ocrx_word' id='word_1_122' title='bbox 487 1619 525 1681; x_wconf 84' lang='lat' dir='ltr'>ad</span> <span class='ocrx_word' id='word_1_123' title='bbox 549 1618 783 1702; x_wconf 86' lang='lat' dir='ltr'>rescindendum</span> <span class='ocrx_word' id='word_1_124' title='bbox 809 1621 1021 1691; x_wconf 89' lang='lat' dir='ltr'>contractum,</span> <span class='ocrx_word' id='word_1_125' title='bbox 1049 1616 1095 1678; x_wconf 83' lang='lat' dir='ltr'>vel</span> 
     </span>
     <span class='ocr_line' id='line_1_17' title="bbox 125 1702 1093 1791; baseline 0.001 -27"><span class='ocrx_word' id='word_1_126' title='bbox 125 1725 154 1764; x_wconf 82' lang='lat' dir='ltr'>n·</span> <span class='ocrx_word' id='word_1_127' title='bbox 164 1705 269 1768; x_wconf 82' lang='lat' dir='ltr'>saitem</span> <span class='ocrx_word' id='word_1_128' title='bbox 279 1707 316 1769; x_wconf 93' lang='lat' dir='ltr'>ad</span> <span class='ocrx_word' id='word_1_129' title='bbox 326 1707 468 1770; x_wconf 87' lang='lat' dir='ltr'>eumdem</span> <span class='ocrx_word' id='word_1_130' title='bbox 478 1709 515 1771; x_wconf 84' lang='lat' dir='ltr'>od</span> <span class='ocrx_word' id='word_1_131' title='bbox 527 1711 598 1791; x_wconf 88' lang='lat' dir='ltr'>justi</span> <span class='ocrx_word' id='word_1_132' title='bbox 611 1709 874 1791; x_wconf 83' lang='lat' dir='ltr'>etaequinormam</span> <span class='ocrx_word' id='word_1_133' title='bbox 883 1702 1093 1786; x_wconf 77' lang='lat' dir='ltr'>redigendum,</span> 
     </span>
     <span class='ocr_line' id='line_1_18' title="bbox 125 1792 1094 1876; baseline 0.002 -23"><span class='ocrx_word' id='word_1_134' title='bbox 125 1815 140 1853; x_wconf 85' lang='lat' dir='ltr'>a</span> <span class='ocrx_word' id='word_1_135' title='bbox 165 1795 351 1876; x_wconf 88' lang='lat' dir='ltr'>quodetiam</span> <span class='ocrx_word' id='word_1_136' title='bbox 365 1798 435 1860; x_wconf 86' lang='lat' dir='ltr'>satis</span> <span class='ocrx_word' id='word_1_137' title='bbox 456 1801 536 1861; x_wconf 76' lang='lat' dir='ltr'>recte</span> <span class='ocrx_word' id='word_1_138' title='bbox 557 1805 658 1863; x_wconf 90' lang='lat' dir='ltr'>tuetur</span> <span class='ocrx_word' id='word_1_139' title='bbox 677 1795 905 1862; x_wconf 71' lang='lat' dir='ltr'>Monocoli...»</span> <span class='ocrx_word' id='word_1_140' title='bbox 928 1792 1015 1867; x_wconf 88' lang='lat' dir='ltr'>Quod</span> <span class='ocrx_word' id='word_1_141' title='bbox 1034 1812 1094 1856; x_wconf 89' lang='lat' dir='ltr'>non</span> 
     </span>
     <span class='ocr_line' id='line_1_19' title="bbox 126 1883 1097 1968; baseline 0.001 -23"><span class='ocrx_word' id='word_1_142' title='bbox 126 1891 203 1946; x_wconf 89' lang='lat' dir='ltr'>esset</span> <span class='ocrx_word' id='word_1_143' title='bbox 226 1888 344 1968; x_wconf 79' lang='lat' dir='ltr'>proprie</span> <span class='ocrx_word' id='word_1_144' title='bbox 366 1895 450 1950; x_wconf 88' lang='lat' dir='ltr'>actus</span> <span class='ocrx_word' id='word_1_145' title='bbox 472 1887 673 1962; x_wconf 89' lang='lat' dir='ltr'>reductionis,</span> <span class='ocrx_word' id='word_1_146' title='bbox 695 1886 748 1950; x_wconf 85' lang='lat' dir='ltr'>sed</span> <span class='ocrx_word' id='word_1_147' title='bbox 767 1886 868 1968; x_wconf 88' lang='lat' dir='ltr'>potibs</span> <span class='ocrx_word' id='word_1_148' title='bbox 893 1883 1097 1966; x_wconf 72' lang='lat' dir='ltr'>interpretatio</span> 
     </span>
     <span class='ocr_line' id='line_1_20' title="bbox 125 1975 884 2058; baseline 0.001 -24"><span class='ocrx_word' id='word_1_149' title='bbox 125 1975 307 2038; x_wconf 88' lang='lat' dir='ltr'>extensionis</span> <span class='ocrx_word' id='word_1_150' title='bbox 320 1975 512 2058; x_wconf 82' lang='lat' dir='ltr'>obligationis</span> <span class='ocrx_word' id='word_1_151' title='bbox 525 1979 542 2038; x_wconf 75' lang='lat' dir='ltr'>d</span> <span class='ocrx_word' id='word_1_152' title='bbox 557 1977 714 2039; x_wconf 79' lang='lat' dir='ltr'>fundatore</span> <span class='ocrx_word' id='word_1_153' title='bbox 727 1975 884 2057; x_wconf 78' lang='lat' dir='ltr'>impositae.</span> 
     </span>
    </p>

    <p class='ocr_par' dir='ltr' id='par_1_7' title="bbox 125 2063 1095 2393">
     <span class='ocr_line' id='line_1_21' title="bbox 164 2063 1095 2146; baseline -0.002 -20"><span class='ocrx_word' id='word_1_154' title='bbox 164 2064 316 2146; x_wconf 84' lang='lat' dir='ltr'>Quidquid</span> <span class='ocrx_word' id='word_1_155' title='bbox 330 2065 368 2127; x_wconf 88' lang='lat' dir='ltr'>sit</span> <span class='ocrx_word' id='word_1_156' title='bbox 381 2065 419 2126; x_wconf 93' lang='lat' dir='ltr'>de</span> <span class='ocrx_word' id='word_1_157' title='bbox 433 2064 501 2142; x_wconf 86' lang='lat' dir='ltr'>hoc,</span> <span class='ocrx_word' id='word_1_158' title='bbox 515 2065 538 2125; x_wconf 86' lang='lat' dir='ltr'>si</span> <span class='ocrx_word' id='word_1_159' title='bbox 553 2064 687 2127; x_wconf 89' lang='lat' dir='ltr'>redditus</span> <span class='ocrx_word' id='word_1_160' title='bbox 696 2067 713 2126; x_wconf 76' lang='lat' dir='ltr'>a</span> <span class='ocrx_word' id='word_1_161' title='bbox 722 2063 869 2145; x_wconf 91' lang='lat' dir='ltr'>principio</span> <span class='ocrx_word' id='word_1_162' title='bbox 883 2067 984 2124; x_wconf 88' lang='lat' dir='ltr'>essent</span> <span class='ocrx_word' id='word_1_163' title='bbox 996 2063 1095 2126; x_wconf 84' lang='lat' dir='ltr'>insui-</span> 
     </span>
     <span class='ocr_line' id='line_1_22' title="bbox 125 2151 1095 2232; baseline 0.004 -20"><span class='ocrx_word' id='word_1_164' title='bbox 125 2151 271 2230; x_wconf 85' lang='lat' dir='ltr'>ficientes‚</span> <span class='ocrx_word' id='word_1_165' title='bbox 287 2154 328 2214; x_wconf 86' lang='lat' dir='ltr'>ita</span> <span class='ocrx_word' id='word_1_166' title='bbox 340 2158 375 2215; x_wconf 90' lang='lat' dir='ltr'>ut</span> <span class='ocrx_word' id='word_1_167' title='bbox 388 2153 489 2215; x_wconf 91' lang='lat' dir='ltr'>nullus</span> <span class='ocrx_word' id='word_1_168' title='bbox 498 2151 587 2214; x_wconf 87' lang='lat' dir='ltr'>vellet</span> <span class='ocrx_word' id='word_1_169' title='bbox 600 2154 705 2215; x_wconf 86' lang='lat' dir='ltr'>misses</span> <span class='ocrx_word' id='word_1_170' title='bbox 719 2158 884 2232; x_wconf 87' lang='lat' dir='ltr'>acceptare,</span> <span class='ocrx_word' id='word_1_171' title='bbox 893 2153 1095 2216; x_wconf 80' lang='lat' dir='ltr'>tunccerteex</span> 
     </span>
     <span class='ocr_line' id='line_1_23' title="bbox 125 2238 1095 2322; baseline 0 -20"><span class='ocrx_word' id='word_1_172' title='bbox 125 2241 259 2302; x_wconf 83' lang='lat' dir='ltr'>Decretis</span> <span class='ocrx_word' id='word_1_173' title='bbox 272 2241 310 2303; x_wconf 89' lang='lat' dir='ltr'>ab</span> <span class='ocrx_word' id='word_1_174' title='bbox 330 2241 458 2322; x_wconf 86' lang='lat' dir='ltr'>ipsomet</span> <span class='ocrx_word' id='word_1_175' title='bbox 476 2243 506 2302; x_wconf 90' lang='lat' dir='ltr'>S.</span> <span class='ocrx_word' id='word_1_176' title='bbox 530 2240 669 2321; x_wconf 82' lang='lat' dir='ltr'>Lignorio</span> <span class='ocrx_word' id='word_1_177' title='bbox 692 2241 792 2302; x_wconf 86' lang='lat' dir='ltr'>relatis</span> <span class='ocrx_word' id='word_1_178' title='bbox 811 2238 943 2320; x_wconf 79' lang='lat' dir='ltr'>(ibidem,</span> <span class='ocrx_word' id='word_1_179' title='bbox 966 2238 1039 2301; x_wconf 91' lang='lat' dir='ltr'>dub.</span> <span class='ocrx_word' id='word_1_180' title='bbox 1055 2241 1095 2316; x_wconf 75' lang='lat'>2),</span> 
     </span>
     <span class='ocr_line' id='line_1_24' title="bbox 125 2328 669 2393; baseline -0.002 -3"><span class='ocrx_word' id='word_1_181' title='bbox 125 2329 344 2393; x_wconf 85' lang='lat' dir='ltr'>recurrendum</span> <span class='ocrx_word' id='word_1_182' title='bbox 358 2336 436 2392; x_wconf 88' lang='lat' dir='ltr'>esset</span> <span class='ocrx_word' id='word_1_183' title='bbox 449 2328 487 2392; x_wconf 87' lang='lat' dir='ltr'>ad</span> <span class='ocrx_word' id='word_1_184' title='bbox 501 2331 531 2392; x_wconf 89' lang='lat' dir='ltr'>S.</span> <span class='ocrx_word' id='word_1_185' title='bbox 549 2329 669 2392; x_wconf 88' lang='lat' dir='ltr'>Sedem.</span> 
     </span>
    </p>
   </div>
   <div class='ocr_carea' id='block_1_5' title="bbox 126 2424 1099 2955">
    <p class='ocr_par' dir='ltr' id='par_1_8' title="bbox 126 2424 1099 2955">
     <span class='ocr_line' id='line_1_25' title="bbox 167 2424 1095 2507; baseline -0.003 -16"><span class='ocrx_word' id='word_1_186' title='bbox 167 2433 255 2492; x_wconf 76' lang='lat'>1048.</span> <span class='ocrx_word' id='word_1_187' title='bbox 267 2463 306 2474; x_wconf 90' lang='lat'><em>-</em></span> <span class='ocrx_word' id='word_1_188' title='bbox 315 2433 347 2491; x_wconf 73' lang='lat'>2⁰</span> <span class='ocrx_word' id='word_1_189' title='bbox 357 2426 460 2501; x_wconf 83' lang='lat' dir='ltr'>Quoad</span> <span class='ocrx_word' id='word_1_190' title='bbox 472 2427 679 2490; x_wconf 86' lang='lat' dir='ltr'>reductionem</span> <span class='ocrx_word' id='word_1_191' title='bbox 688 2426 815 2490; x_wconf 86' lang='lat' dir='ltr'>aliorum</span> <span class='ocrx_word' id='word_1_192' title='bbox 825 2424 946 2507; x_wconf 88' lang='lat' dir='ltr'>piorum</span> <span class='ocrx_word' id='word_1_193' title='bbox 956 2442 1095 2506; x_wconf 80' lang='lat' dir='ltr'>operum,</span> 
     </span>
     <span class='ocr_line' id='line_1_26' title="bbox 127 2515 1099 2601; baseline -0.002 -21"><span class='ocrx_word' id='word_1_194' title='bbox 127 2518 226 2601; x_wconf 81' lang='lat' dir='ltr'>piures</span> <span class='ocrx_word' id='word_1_195' title='bbox 241 2519 303 2580; x_wconf 83' lang='lat' dir='ltr'>bu.</span> <span class='ocrx_word' id='word_1_196' title='bbox 318 2517 399 2600; x_wconf 83' lang='lat' dir='ltr'>apud</span> <span class='ocrx_word' id='word_1_197' title='bbox 413 2519 444 2580; x_wconf 87' lang='lat' dir='ltr'>S.</span> <span class='ocrx_word' id='word_1_198' title='bbox 461 2517 580 2598; x_wconf 81' lang='lat' dir='ltr'>Ligucr.</span> <span class='ocrx_word' id='word_1_199' title='bbox 595 2518 650 2596; x_wconf 85' lang='lat' dir='ltr'>(Dc</span> <span class='ocrx_word' id='word_1_200' title='bbox 661 2515 819 2597; x_wconf 74' lang='lat' dir='ltr'>Priviteq„</span> <span class='ocrx_word' id='word_1_201' title='bbox 838 2518 872 2576; x_wconf 85' lang='lat' dir='ltr'>n⁰</span> <span class='ocrx_word' id='word_1_202' title='bbox 886 2517 946 2594; x_wconf 84' lang='grc'>68),</span> <span class='ocrx_word' id='word_1_203' title='bbox 962 2523 1099 2580; x_wconf 81' lang='lat' dir='ltr'>asserunt</span> 
     </span>
     <span class='ocr_line' id='line_1_27' title="bbox 126 2603 1097 2690; baseline 0 -21"><span class='ocrx_word' id='word_1_204' title='bbox 126 2626 213 2688; x_wconf 89' lang='lat' dir='ltr'>posse</span> <span class='ocrx_word' id='word_1_205' title='bbox 227 2607 408 2690; x_wconf 81' lang='lat' dir='ltr'>Episcopum</span> <span class='ocrx_word' id='word_1_206' title='bbox 417 2607 540 2686; x_wconf 83' lang='lat' dir='ltr'>exjustt</span> <span class='ocrx_word' id='word_1_207' title='bbox 553 2609 643 2669; x_wconf 77' lang='lat' dir='ltr'>coust</span> <span class='ocrx_word' id='word_1_208' title='bbox 652 2611 838 2669; x_wconf 84' lang='lat' dir='ltr'>commutare</span> <span class='ocrx_word' id='word_1_209' title='bbox 849 2603 912 2686; x_wconf 88' lang='lat' dir='ltr'>pias</span> <span class='ocrx_word' id='word_1_210' title='bbox 922 2609 1097 2669; x_wconf 86' lang='lat' dir='ltr'>testatorum</span> 
     </span>
     <span class='ocr_line' id='line_1_28' title="bbox 126 2691 1097 2778; baseline 0 -21"><span class='ocrx_word' id='word_1_211' title='bbox 126 2695 347 2778; x_wconf 87' lang='lat' dir='ltr'>dispositiones,</span> <span class='ocrx_word' id='word_1_212' title='bbox 362 2714 450 2759; x_wconf 85' lang='lat' dir='ltr'>exeo</span> <span class='ocrx_word' id='word_1_213' title='bbox 468 2694 549 2776; x_wconf 79' lang='lat' dir='ltr'>quod</span> <span class='ocrx_word' id='word_1_214' title='bbox 568 2695 623 2777; x_wconf 91' lang='lat' dir='ltr'>ipsi</span> <span class='ocrx_word' id='word_1_215' title='bbox 638 2695 766 2757; x_wconf 85' lang='lat' dir='ltr'>babeant</span> <span class='ocrx_word' id='word_1_216' title='bbox 784 2691 977 2774; x_wconf 86' lang='lat' dir='ltr'>dispensandi</span> <span class='ocrx_word' id='word_1_217' title='bbox 996 2701 1097 2775; x_wconf 88' lang='lat' dir='ltr'>potes-</span> 
     </span>
     <span class='ocr_line' id='line_1_29' title="bbox 127 2783 1097 2866; baseline 0 -20"><span class='ocrx_word' id='word_1_218' title='bbox 127 2792 218 2846; x_wconf 86' lang='lat' dir='ltr'>tatem</span> <span class='ocrx_word' id='word_1_219' title='bbox 232 2785 263 2846; x_wconf 91' lang='lat' dir='ltr'>in</span> <span class='ocrx_word' id='word_1_220' title='bbox 275 2785 340 2866; x_wconf 80' lang='lat' dir='ltr'>tege</span> <span class='ocrx_word' id='word_1_221' title='bbox 354 2803 422 2866; x_wconf 83' lang='lat' dir='ltr'>quae</span> <span class='ocrx_word' id='word_1_222' title='bbox 433 2783 517 2864; x_wconf 84' lang='lat' dir='ltr'>jubet</span> <span class='ocrx_word' id='word_1_223' title='bbox 529 2784 646 2866; x_wconf 85' lang='lat' dir='ltr'>impleri</span> <span class='ocrx_word' id='word_1_224' title='bbox 662 2783 966 2853; x_wconf 76' lang='lat' dir='ltr'>ultimasvotuntaua</span> <span class='ocrx_word' id='word_1_225' title='bbox 980 2783 1097 2864; x_wconf 88' lang='lat' dir='ltr'>quoties</span> 
     </span>
     <span class='ocr_line' id='line_1_30' title="bbox 126 2870 1096 2955; baseline -0.002 -20"><span class='ocrx_word' id='word_1_226' title='bbox 126 2872 211 2935; x_wconf 83' lang='lat' dir='ltr'>adest</span> <span class='ocrx_word' id='word_1_227' title='bbox 220 2875 301 2953; x_wconf 82' lang='lat' dir='ltr'>juste</span> <span class='ocrx_word' id='word_1_228' title='bbox 313 2891 423 2950; x_wconf 86' lang='lat' dir='ltr'>causa;</span> <span class='ocrx_word' id='word_1_229' title='bbox 439 2872 529 2955; x_wconf 89' lang='lat' dir='ltr'>idque</span> <span class='ocrx_word' id='word_1_230' title='bbox 547 2873 727 2935; x_wconf 86' lang='lat' dir='ltr'>confirmant</span> <span class='ocrx_word' id='word_1_231' title='bbox 741 2889 775 2934; x_wconf 82' lang='lat' dir='ltr'>ex</span> <span class='ocrx_word' id='word_1_232' title='bbox 789 2870 935 2942; x_wconf 79' lang='lat' dir='ltr'>Trident,</span> <span class='ocrx_word' id='word_1_233' title='bbox 953 2890 1025 2933; x_wconf 86' lang='lat' dir='ltr'>sess.</span> <span class='ocrx_word' id='word_1_234' title='bbox 1039 2875 1096 2949; x_wconf 53' lang='grc' dir='ltr'>Ξῖ),</span> 
     </span>
    </p>
   </div>
   <div class='ocr_carea' id='block_1_6' title="bbox 127 2961 1099 3119">
    <p class='ocr_par' dir='ltr' id='par_1_9' title="bbox 127 2961 1099 3119">
     <span class='ocr_line' id='line_1_31' title="bbox 127 2961 1096 3054; baseline -0.004 -28"><span class='ocrx_word' id='word_1_235' title='bbox 127 2979 193 3040; x_wconf 74' lang='lat' dir='ltr'>cap.</span> <span class='ocrx_word' id='word_1_236' title='bbox 209 2966 240 3050; x_wconf 78' lang='lat'>⁶:</span> <span class='ocrx_word' id='word_1_237' title='bbox 260 2983 276 3022; x_wconf 81' lang='grc' dir='ltr'>ι</span> <span class='ocrx_word' id='word_1_238' title='bbox 292 2961 351 3024; x_wconf 83' lang='lat' dir='ltr'>Sed</span> <span class='ocrx_word' id='word_1_239' title='bbox 363 3007 371 3039; x_wconf 83' lang='grc'><em>,</em></span> <span class='ocrx_word' id='word_1_240' title='bbox 382 2961 482 3054; x_wconf 74' lang='lat' dir='ltr'>inquit</span> <span class='ocrx_word' id='word_1_241' title='bbox 495 2962 526 3024; x_wconf 91' lang='lat' dir='ltr'>S.</span> <span class='ocrx_word' id='word_1_242' title='bbox 542 2961 681 3054; x_wconf 65' lang='lat' dir='ltr'>Liguor.¹</span> <span class='ocrx_word' id='word_1_243' title='bbox 702 2979 757 3022; x_wconf 90' lang='lat' dir='ltr'>nos</span> <span class='ocrx_word' id='word_1_244' title='bbox 778 2977 924 3038; x_wconf 80' lang='lat' dir='ltr'>negamus</span> <span class='ocrx_word' id='word_1_245' title='bbox 940 2979 1011 3022; x_wconf 91' lang='lat' dir='ltr'>cum</span> <span class='ocrx_word' id='word_1_246' title='bbox 1033 2980 1096 3022; x_wconf 86' lang='lat' dir='ltr'>sen-</span> 
     </span>
     <span class='ocr_line' id='line_1_32' title="bbox 128 3035 1099 3119; baseline 0.004 -25"><span class='ocrx_word' id='word_1_247' title='bbox 128 3057 144 3094; x_wconf 77' lang='lat' dir='ltr'>o</span> <span class='ocrx_word' id='word_1_248' title='bbox 168 3042 258 3100; x_wconf 81' lang='lat' dir='ltr'>tentrt</span> <span class='ocrx_word' id='word_1_249' title='bbox 281 3039 528 3119; x_wconf 72' lang='lat' dir='ltr'>probabiliore...</span> <span class='ocrx_word' id='word_1_250' title='bbox 543 3056 614 3119; x_wconf 82' lang='lat' dir='ltr'>quta</span> <span class='ocrx_word' id='word_1_251' title='bbox 628 3055 661 3098; x_wconf 92' lang='lat' dir='ltr'>m</span> <span class='ocrx_word' id='word_1_252' title='bbox 675 3053 742 3116; x_wconf 84' lang='lat' dir='ltr'>cop.</span> <span class='ocrx_word' id='word_1_253' title='bbox 768 3035 844 3111; x_wconf 80' lang='lat' dir='ltr'>Tuo,</span> <span class='ocrx_word' id='word_1_254' title='bbox 869 3035 905 3096; x_wconf 84' lang='lat' dir='ltr'>de</span> <span class='ocrx_word' id='word_1_255' title='bbox 924 3041 1052 3108; x_wconf 79' lang='lat' dir='ltr'>testam,</span> <span class='ocrx_word' id='word_1_256' title='bbox 1068 3047 1099 3100; x_wconf 87' lang='lat' dir='ltr'>et</span> 
     </span>
    </p>
   </div>
   <div class='ocr_carea' id='block_1_7' title="bbox 126 3122 1096 3475">
    <p class='ocr_par' dir='ltr' id='par_1_10' title="bbox 126 3122 1096 3385">
     <span class='ocr_line' id='line_1_33' title="bbox 127 3122 1096 3209; baseline -0.003 -23"><span class='ocrx_word' id='word_1_257' title='bbox 127 3147 144 3186; x_wconf 81' lang='lat' dir='ltr'>n</span> <span class='ocrx_word' id='word_1_258' title='bbox 163 3145 232 3208; x_wconf 88' lang='lat' dir='ltr'>cap.</span> <span class='ocrx_word' id='word_1_259' title='bbox 247 3131 279 3201; x_wconf 83' lang='lat'>8,</span> <span class='ocrx_word' id='word_1_260' title='bbox 294 3127 433 3209; x_wconf 81' lang='lat' dir='ltr'>ejusdem</span> <span class='ocrx_word' id='word_1_261' title='bbox 451 3145 525 3189; x_wconf 85' lang='lat' dir='ltr'>sess.</span> <span class='ocrx_word' id='word_1_262' title='bbox 545 3131 621 3190; x_wconf 75' lang='lat'>22...</span> <span class='ocrx_word' id='word_1_263' title='bbox 637 3126 782 3204; x_wconf 83' lang='lat' dir='ltr'>jubentur</span> <span class='ocrx_word' id='word_1_264' title='bbox 795 3125 936 3205; x_wconf 78' lang='lat' dir='ltr'>Episcopi</span> <span class='ocrx_word' id='word_1_265' title='bbox 958 3122 1096 3184; x_wconf 85' lang='lat' dir='ltr'>adamus·</span> 
     </span>
     <span class='ocr_line' id='line_1_34' title="bbox 126 3213 1092 3297; baseline -0.004 -21"><span class='ocrx_word' id='word_1_266' title='bbox 126 3239 142 3276; x_wconf 81' lang='grc' dir='ltr'>ι</span> <span class='ocrx_word' id='word_1_267' title='bbox 164 3218 222 3279; x_wconf 87' lang='lat' dir='ltr'>sim</span> <span class='ocrx_word' id='word_1_268' title='bbox 244 3217 354 3297; x_wconf 82' lang='lat' dir='ltr'>exequi</span> <span class='ocrx_word' id='word_1_269' title='bbox 379 3216 502 3277; x_wconf 82' lang='lat' dir='ltr'>ultimas</span> <span class='ocrx_word' id='word_1_270' title='bbox 515 3217 726 3278; x_wconf 73' lang='lat' dir='ltr'>voluntates.»</span> <span class='ocrx_word' id='word_1_271' title='bbox 748 3213 825 3276; x_wconf 87' lang='lat' dir='ltr'>Vide</span> <span class='ocrx_word' id='word_1_272' title='bbox 845 3215 938 3276; x_wconf 80' lang='lat' dir='ltr'>etiina</span> <span class='ocrx_word' id='word_1_273' title='bbox 952 3229 1026 3274; x_wconf 83' lang='lat' dir='ltr'>sesa.</span> <span class='ocrx_word' id='word_1_274' title='bbox 1041 3213 1092 3288; x_wconf 78' lang='lat' dir='ltr'>es,</span> 
     </span>
     <span class='ocr_line' id='line_1_35' title="bbox 127 3303 840 3385; baseline -0.01 -15"><span class='ocrx_word' id='word_1_275' title='bbox 127 3306 225 3370; x_wconf 84' lang='lat' dir='ltr'>uttirn.</span> <span class='ocrx_word' id='word_1_276' title='bbox 252 3307 346 3368; x_wconf 83' lang='lat' dir='ltr'>Conc.</span> <span class='ocrx_word' id='word_1_277' title='bbox 362 3304 445 3368; x_wconf 83' lang='lat' dir='ltr'>Trid.</span> <span class='ocrx_word' id='word_1_278' title='bbox 463 3303 580 3368; x_wconf 87' lang='lat' dir='ltr'>Decret.</span> <span class='ocrx_word' id='word_1_279' title='bbox 598 3303 635 3366; x_wconf 81' lang='lat' dir='ltr'>dc</span> <span class='ocrx_word' id='word_1_280' title='bbox 650 3303 840 3385; x_wconf 72' lang='lat' dir='ltr'>Poryotorio.</span> 
     </span>
    </p>

    <p class='ocr_par' dir='ltr' id='par_1_11' title="bbox 165 3386 1092 3475">
     <span class='ocr_line' id='line_1_36' title="bbox 165 3386 1092 3475; baseline -0.011 -15"><span class='ocrx_word' id='word_1_281' title='bbox 165 3397 361 3460; x_wconf 77' lang='lat' dir='ltr'>Fecottatest</span> <span class='ocrx_word' id='word_1_282' title='bbox 380 3397 412 3458; x_wconf 88' lang='lat' dir='ltr'>S.</span> <span class='ocrx_word' id='word_1_283' title='bbox 430 3393 506 3457; x_wconf 88' lang='lat' dir='ltr'>Sede</span> <span class='ocrx_word' id='word_1_284' title='bbox 530 3395 685 3475; x_wconf 82' lang='lat' dir='ltr'>Episcopis</span> <span class='ocrx_word' id='word_1_285' title='bbox 706 3411 857 3458; x_wconf 72' lang='lat' dir='ltr'>concesse</span> <span class='ocrx_word' id='word_1_286' title='bbox 881 3390 986 3453; x_wconf 85' lang='lat' dir='ltr'>missas</span> <span class='ocrx_word' id='word_1_287' title='bbox 1000 3386 1092 3450; x_wconf 89' lang='lat' dir='ltr'>redu-</span> 
     </span>
    </p>
   </div>
   <div class='ocr_carea' id='block_1_8' title="bbox 126 3474 1095 3739">
    <p class='ocr_par' dir='ltr' id='par_1_12' title="bbox 126 3474 1095 3739">
     <span class='ocr_line' id='line_1_37' title="bbox 126 3474 1091 3565; baseline -0.015 -13"><span class='ocrx_word' id='word_1_288' title='bbox 126 3487 225 3559; x_wconf 85' lang='lat' dir='ltr'>cendi,</span> <span class='ocrx_word' id='word_1_289' title='bbox 240 3504 302 3548; x_wconf 92' lang='lat' dir='ltr'>non</span> <span class='ocrx_word' id='word_1_290' title='bbox 316 3483 436 3556; x_wconf 78' lang='lat' dir='ltr'>debent,</span> <span class='ocrx_word' id='word_1_291' title='bbox 451 3484 549 3565; x_wconf 83' lang='lat' dir='ltr'>inquit</span> <span class='ocrx_word' id='word_1_292' title='bbox 562 3483 674 3548; x_wconf 87' lang='lat' dir='ltr'>Bened.</span> <span class='ocrx_word' id='word_1_293' title='bbox 690 3486 758 3548; x_wconf 77' lang='lat' dir='ltr'>XIV</span> <span class='ocrx_word' id='word_1_294' title='bbox 770 3481 823 3565; x_wconf 81' lang='lat' dir='ltr'>(De</span> <span class='ocrx_word' id='word_1_295' title='bbox 833 3476 962 3562; x_wconf 70' lang='lat' dir='ltr'>Synod„</span> <span class='ocrx_word' id='word_1_296' title='bbox 977 3474 1091 3553; x_wconf 80' lang='lat' dir='ltr'>tib.13,</span> 
     </span>
     <span class='ocr_line' id='line_1_38' title="bbox 127 3565 1095 3657; baseline -0.013 -17"><span class='ocrx_word' id='word_1_297' title='bbox 127 3595 193 3657; x_wconf 83' lang='lat' dir='ltr'>cap.</span> <span class='ocrx_word' id='word_1_298' title='bbox 208 3577 276 3652; x_wconf 81' lang='lat' dir='ltr'>utt,</span> <span class='ocrx_word' id='word_1_299' title='bbox 290 3583 325 3634; x_wconf 84' lang='lat' dir='ltr'>n⁰</span> <span class='ocrx_word' id='word_1_300' title='bbox 336 3573 400 3657; x_wconf 59' lang='grc' dir='ltr'>Ὦ),</span> <span class='ocrx_word' id='word_1_301' title='bbox 420 3573 588 3653; x_wconf 75' lang='lat' dir='ltr'>«protendi</span> <span class='ocrx_word' id='word_1_302' title='bbox 604 3573 641 3636; x_wconf 89' lang='lat' dir='ltr'>ad</span> <span class='ocrx_word' id='word_1_303' title='bbox 664 3575 779 3654; x_wconf 82' lang='lat' dir='ltr'>reliquo</span> <span class='ocrx_word' id='word_1_304' title='bbox 800 3572 848 3653; x_wconf 88' lang='lat' dir='ltr'>pia</span> <span class='ocrx_word' id='word_1_305' title='bbox 864 3571 971 3648; x_wconf 77' lang='lat' dir='ltr'>tegete,</span> <span class='ocrx_word' id='word_1_306' title='bbox 993 3565 1095 3646; x_wconf 87' lang='lat' dir='ltr'>piasve</span> 
     </span>
     <span class='ocr_line' id='line_1_39' title="bbox 129 3655 1093 3739; baseline -0.012 -12"><span class='ocrx_word' id='word_1_307' title='bbox 129 3686 144 3726; x_wconf 82' lang='grc' dir='ltr'>ι</span> <span class='ocrx_word' id='word_1_308' title='bbox 167 3665 376 3739; x_wconf 88' lang='lat' dir='ltr'>dispositiones</span> <span class='ocrx_word' id='word_1_309' title='bbox 390 3666 466 3724; x_wconf 88' lang='lat' dir='ltr'>inter</span> <span class='ocrx_word' id='word_1_310' title='bbox 479 3661 706 3732; x_wconf 68' lang='lat' dir='ltr'>rivosouibus.</span> <span class='ocrx_word' id='word_1_311' title='bbox 718 3659 849 3735; x_wconf 82' lang='lat' dir='ltr'>exempti</span> <span class='ocrx_word' id='word_1_312' title='bbox 864 3655 1093 3719; x_wconf 67' lang='lat' dir='ltr'>caresteteemo-</span> 
     </span>
    </p>
   </div>
   <div class='ocr_carea' id='block_1_9' title="bbox 0 0 1284 3992">
    <p class='ocr_par' dir='ltr' id='par_1_13' title="bbox 0 0 1284 3992">
     <span class='ocr_line' id='line_1_40' title="bbox 0 0 1284 3992; baseline 0 0"><span class='ocrx_word' id='word_1_313' title='bbox 0 0 1284 3992; x_wconf 95' lang='lat' dir='ltr'> </span> 
     </span>
    </p>
   </div>
  </div>
 </body>
</html>
