2574 3994
174 236 232 298 116
395 255 530 302 3333333333
549 254 650 302 renus
670 257 753 302 ruars
774 255 921 303 3333333333.

175 372 189 408 o
214 350 278 412 doit
291 349 403 444 former
418 351 445 412 13
458 352 706 434 circonscription
718 351 756 414 de
770 352 798 414 lo
812 351 950 415 nouvelle
964 353 1148 418 succursale.

215 465 230 501 3
255 445 286 502 31
302 427 457 522 L'Evdque
470 439 541 502 3313
556 440 654 502 Pre'let
667 440 804 503 donnent
819 441 883 503 leur
895 443 977 532 avis,
991 449 1021 504 et
1032 443 1059 504 13
1079 463 1153 524 gou-

178 552 193 588 o
217 537 391 593 vernement
402 547 566 612 prononce.
578 551 593 588 33
606 532 744 592 Attamen
759 529 813 592 «θ’
814 530 902 592 estl
886 489 1066 613 Evdqirequi
1077 551 1152 596 con·

178 645 193 682 o
220 619 281 682 1333
297 635 324 682 33
338 621 422 693 titre,
439 637 529 702 parce
543 637 603 695 que
617 617 769 682 l’ereetion
784 625 884 682 estun
898 626 963 684 acte
975 619 1014 684 de
1024 621 1154 700 juridic-

177 733 193 772 o
217 711 280 772 tion
296 707 549 771 essentiellement
563 709 770 790 spirituelle.r

217 797 319 872 Quoad
341 799 534 860 formalitates
548 816 604 879 pro
618 798 768 861 erectione
782 799 992 881 Coppellarum
1006 805 1036 863 et
1050 803 1152 865 Anne-

177 907 300 964 xarum‚
316 889 387 950 eum
406 887 504 949 3333133
517 887 689 966 hujusmodi
705 887 871 950 erectiones
884 891 902 950 3
916 889 1069 952 Gulteroio
1083 911 1153 973 pos-

177 937 330 1054 3331333133,
347 977 526 1038 remittimus
539 977 577 1038 ad
599 976 740 1040 eumdem
759 977 1009 1058 Dieulintidrnjd
1032 985 1154 1062 p.-810

177 1070 267 1146 813)
293 1025 366 1128 Vide
386 1067 477 1128 ctiam
497 1067 559 1127 Dll.
585 1065 689 1128 dffre:
715 1066 818 1128 333313
838 1066 873 1129 de
892 1067 1154 1133 t'admiowstroooo

66 1155 69 1162 ’
145 1156 359 1238 ,temporella
372 1176 402 1236 p.
415 1159 464 1224 33
477 1163 547 1231 etc,
560 1155 677 1218 redit.
693 1155 1014 1238 -Euidensestqudd
1023 1159 1155 1223 Ecclesia

125 1242 130 1253 '
149 1243 154 1252 ’
178 1241 258 1309 3331333
278 1245 450 1306 essentiales
473 1263 536 1308 non
550 1243 657 1307 lrabeat
671 1235 809 1328 praelatas
822 1245 1024 1308 formalitates.
1041 1247 1156 1312 Sufficit

178 1335 260 1417 qudd
268 1334 454 1398 Gubernium
465 1352 553 1397 suum
564 1334 695 1416 praebeat
704 1352 860 1396 assensum
870 1333 1156 1421 quomodocumque

179 1425 264 1488 illum
286 1423 814 1508 3333331311.33313333313333313333313
834 1423 967 1486 Ecclesia
986 1425 1153 1506 requisitis,

178 1520 245 1584 vide
259 1516 335 1578 infra
350 1518 447 1596 1338,
462 1511 556 1595 etc..)

218 1610 287 1669 330.
312 1603 408 1676 Ouau
402 1610 432 1666 rt
449 1608 482 1664 3ο
497 1604 601 1665 Utrum
617 1601 757 1683 parochia
771 1603 858 1682 cujus
871 1593 1034 1665 1133333331
1046 1607 1157 1668 33333333-

179 1697 247 1760 133133
261 1695 355 1777 possit
368 1712 403 1755 ex
419 1692 483 1754 sola
496 1690 671 1753 auctoritate
685 1690 838 1792 Episcopi,
852 1691 918 1753 33333
931 1691 1073 1755 alterius
1066 1701 1157 1757 mter·

180 1791 288 1860 ventu,
303 1783 412 1859 mutari
432 1781 464 1842 in
478 1779 651 1862 parochiam
665 1780 751 1858 cujus
764 1781 872 1842 Rector
886 1780 1086 1846 inamovibilrs
1099 1785 1155 1862 sit,

179 1884 208 1938 et
221 1875 285 1935 vice
298 1873 393 1934 33333,

219 1965 309 2042 llesp.
336 1965 366 2022 1ο
380 1961 414 2022 ln
439 1959 533 2020 Gallia
551 1959 631 2021 certe
649 1959 813 2039 requiritur
830 1959 869 2022 ad
890 1957 953 2023 hoc'
969 1961 1059 2023 ctiam
1082 1981 1155 2024 con·

181 2069 289 2115 sensus
304 2047 460 2114 Gubernii.
477 2049 508 2110 Si
522 2049 593 2109 verd
607 2047 732 2128 quaestio
753 2047 941 2128 expendatur
954 2067 991 2111 ox
1013 2049 1077 2112 solo
1088 2052 1156 2130 jure

123 2195 126 2200 .
180 2140 327 2204 canonico
343 2157 350 2198 :
371 2135 576 2218 «astragum,
593 2137 691 2217 inquit
707 2136 1154 2220 Β3333331113Ρ3333133,ρ.330),

181 2253 196 2292 o
221 2227 648 2312 apudJurisperitosrecepta,
665 2243 726 2287 non
741 2243 829 2306 posse
836 2225 1053 2290 beneficiorum
1069 2237 1156 2292 natu-

180 2343 195 2381 3
220 2335 297 2394 ram,
313 2333 480 2396 eorumque
489 2315 571 2396 leges
585 2313 825 2376 fundamentales
838 2315 876 2376 ab
890 2317 1039 2399 Episcopo
1049 2319 1157 2382 immu-

180 2433 196 2469 3
220 2407 274 2471 tari
287 2427 295 2483 ;
312 2405 364 2468 sed
378 2404 488 2466 adhoc
506 2402 693 2465 l‘ontidciam
708 2403 821 2484 requiri
835 2405 1053 2468 auctoritatem.
1069 2408 1156 2472 Unde

181 2521 195 2558 o
219 2494 402 2558 beneficium
423 2492 505 2574 quod
519 2491 613 2554 semel
633 2497 777 2572 tanquam
791 2493 927 2556 3333333313
945 2501 1078 2557 erectum
1092 2503 1154 2575 est,

181 2611 196 2647 3
219 2588 281 2666 jam
306 2584 465 2665 nequiter
485 2579 634 2642 Ordinarii
654 2580 775 2643 decreto
795 2589 975 2664 perpetuum
995 2583 1076 2662 3333,
1093 2603 1157 2649 nec

182 2701 196 2736 o
222 2676 427 2736 3333333311.»
451 2673 495 2732 lta
508 2670 599 2732 etiam
618 2677 722 2732 auctor
738 2671 950 2735 analectorum
961 2673 1037 2752 juris
1057 2673 1156 2755 ponti-

183 2764 239 2826 tlcii
251 2766 341 2844 (sept.
355 2764 444 2837 1855,
456 2759 513 2822 col.
527 2761 627 2838 1635),
638 2758 690 2820 ubi
700 2758 773 2821 dicit
783 2761 947 2842 Episcopus
956 2761 1035 2824 hanc
1044 2763 1157 2826 immu-

183 2853 325 2914 tationem
340 2867 401 2911 non
416 2867 504 2931 posse
519 2849 627 2922 133333,
644 2865 701 2910 nec
714 2867 769 2930 per
780 2856 923 2912 statutum
937 2851 1088 2931 generale,
1099 2869 1156 2916 nec

213 3035 306 3088 ¹Circa
325 3032 484 3084 formalitotes
501 3033 514 3082 d
533 3033 587 3098 lege
600 3033 683 3084 333313
677 3049 702 3082 ro
715 3033 791 3086 Gattia
804 3035 959 3102 praescriptas
972 3053 1016 3103 pro
1031 3037 1156 3091 erectione

147 3143 152 3153 .
183 3107 352 3178 parochiarum
368 3119 404 3154 333
416 3103 490 3155 1331331
503 3103 624 3156 3313333111)
636 3104 708 3164 111133,
720 3103 753 3156 33
757 3105 875 3171 ,samaa
885 3107 1155 3162 UnarrdtduConseil

183 3179 204 3227 d'
208 3167 261 3228 diat
274 3178 306 3227 du
320 3177 334 3226 8
347 3191 411 3226 utars
430 3175 516 3226 18833
530 3175 617 3226 31333313
629 3191 677 3241 que
694 3175 709 3224 l'
712 3176 830 3228 omission
843 3177 886 3228 des
899 3179 1035 3245 quelques·
1037 3196 1110 3242 unes,
1122 3197 1155 3233 333

187 3265 262 3301 3333333
275 3248 393 3298 3131333333
405 3245 585 3297 leslormalitds
597 3263 645 3312 que
658 3261 720 3296 nous
729 3249 850 3304 3333333331·
852 3247 975 3316 ludiquer,
986 3266 1016 3300 333
1025 3220 1155 3316 pouraicnt

185 3319 302 3372 invalider
320 3317 446 3369 idrection
464 3317 538 3370 dune
551 3319 693 3368 succursale
710 3317 767 3368 13313
781 3335 823 3384 par
836 3320 999 3372 Ordonnauee
1011 3322 1044 3371 du
1057 3323 1109 3384 τοίς
1123 3340 1155 3376 on

182 3407 213 3444 nc
224 3398 295 3457 peut,
316 3405 360 3456 par
376 3391 544 3456 consequent,
562 3389 692 3477 l'attaqucr
710 3389 800 3440 devant
816 3391 839 3442 le
858 3391 955 3444 Conseil
977 3380 1057 3444 d'Etat
1074 3410 1117 3459 pur
1133 3395 1154 3447 le

182 3463 236 3512 3333
249 3461 432 3521 contentionsa,
444 3461 545 3516 attendo
558 3477 606 3527 que
619 3459 678 3510 c'est
690 3475 723 3510 un
736 3471 790 3513 eote
802 3463 832 3514 de
841 3463 986 3546 juridiction
995 3465 1109 3530 3333333333
1112 3481 1133 3516 c.
1145 3485 1155 3515 3

182 3533 259 3584 Secus
272 3533 302 3584 de
320 3531 558 3583 formalitatibusd
552 3547 607 3593 Jure
624 3531 744 3581 canonico
758 3535 917 3602 praescriptis,
932 3551 1037 3600 quarum
1054 3537 1155 3588 omissio

182 3611 265 3672 posset
283 3603 435 3671 probabilitas
452 3603 581 3652 annullare
600 3601 749 3652 erectionem
770 3611 812 3653 aut
829 3604 1083 3659 dismembratiouem.
1102 3605 1153 3658 338.

182 3669 275 3730 douln
289 3669 1015 3750 1133333133885.318.1.13.,113.1,33·181,33313
