2570 4006
518 247 604 296 11111
624 244 745 298 ramus·
1066 230 1124 292 138

184 356 254 417 808.
271 351 392 426 Quaerit.
410 353 441 413 L⁰
455 349 641 424 Quibusnam
663 368 733 413 cum
752 348 921 432 insignibus
935 353 964 412 et
978 365 1125 412 caeremo-

148 442 205 504 niis
222 442 386 524 procedant
399 440 501 520 Legati
515 439 533 500 ἀ
548 437 666 500 latere?

187 531 276 612 Resp.
293 531 399 593 statim
412 547 449 592 ac
461 525 635 607 hujusmodi
648 527 750 609 Legati
764 529 892 590 1111111
903 527 951 589 vel
965 527 1084 590 civitate
1095 525 1127 594 in

148 621 209 702 qut
233 623 313 702 Papa
339 615 467 695 residet,
495 621 635 694 exeunt,
660 617 820 699 purpureis
854 616 1005 692 vestibus,
1041 633 1126 677 more

45 751 47 756 ·
149 727 276 790 regum,
301 726 381 789 equo
405 706 474 769 albo
496 724 550 769 seu
577 701 751 786 palafredo,
780 705 873 769 irenis
898 723 935 768 ac
959 704 1128 768 calcaribus
1211 783 1215 788 Ι

149 797 298 860 deauratis
320 797 418 860 ornati
438 794 609 879 procedunt
624 811 632 855 t
647 793 685 856 ad
706 793 783 858 fines
804 813 867 858 suae
891 793 1056 856 Provinciae
1077 792 1128 854 de-

150 887 313 962 venientes,
325 903 401 948 sono
415 901 633 964 campanarum
648 885 665 945 1
683 883 764 947 11111
779 884 953 967 populoque
967 881 1127 946 solemnis-

151 977 225 1037 sima
247 977 359 1056 pompa
382 974 440 1036 sub
462 971 661 1046 baldachino,
684 977 783 1036 erectt
804 992 911 1056 eorum
932 989 1041 1049 cruce,
1056 975 1129 1033 sunt

151 1064 331 1146 excipiendi.
358 1065 465 1126 Coram
486 1061 530 1123 eis
553 1061 777 1144 archiepiscopi
810 1081 896 1126 suam
922 1077 1045 1124 crucem
1072 1077 1127 1122 ne-

152 1158 269 1232 queunt
282 1153 416 1234 erigere,
439 1169 498 1214 nec
517 1149 590 1232 ipsis
603 1155 656 1213 aut
669 1151 825 1232 Episcopis
845 1151 972 1232 aliisque
994 1148 1128 1211 Praelatis

153 1238 671 1322 111111111111111111111111,11110
693 1241 793 1302 caeteri
810 1239 913 1320 Legati
932 1237 1061 1320 insignia
1075 1255 1129 1299 sua

152 1329 317 1411 deponunt.
339 1328 522 1410 ingredienti
545 1329 656 1410 Legata
676 1328 818 1392 ecclesias
836 1329 1004 1410 Episcopus
1026 1343 1128 1408 asper·

153 1419 268 1481 surium
282 1419 407 1500 porrigit
419 1419 545 1498 ejusque
558 1436 667 1480 manus
687 1418 849 1482 osculatur.
866 1416 942 1478 Vide
959 1413 1126 1493 11111111,1ο

153 1509 265 1590 11911·
279 1515 309 1570 11
324 1505 530 1572 Ceremoniale
543 1507 767 1590 Episcoporom.
1111 1587 1113 1594 γ

194 1601 340 1670 Quaenam
366 1601 469 1660 autem
492 1597 681 1660 caeremoniae
704 1595 764 1658 sint
785 1594 980 1660 observandae
1007 1593 1129 1677 quando

154 1689 281 1768 Legatos
293 1688 311 1749 ἀ
327 1687 419 1748 latere
432 1687 530 1748 Missae
545 1685 710 1750 Pontifinali
724 1685 851 1764 assistit,
875 1684 943 1747 ride
957 1685 1128 1766 expositum

156 1776 235 1857 apud
251 1777 407 1851 Analecta,
421 1776 502 1854 janv.
520 1779 614 1854 1866,
630 1776 687 1839 ccl.
706 1778 801 1854 1038,
817 1774 869 1838 ubi
882 1773 1128 1837 referturdecre·

156 1873 220 1926 tum
238 1869 274 1927 16
290 1864 428 1928 decemb.
446 1867 534 1927 1837.

196 1957 265 2017 800.
288 1954 408 2026 Quaerit.
436 1957 467 2014 8ο
482 1955 629 2024 Quaenam
650 1953 710 2015 sint
731 1953 888 2016 facultates
904 1953 1084 2035 Legatorum
1099 1960 1130 2018 et

157 2044 360 2105 Nuntlorum?

195 2134 285 2212 Resp.
302 2133 415 2192 Omnes
424 2133 550 2212 Legatos
563 2129 738 2192 Pontificius
749 2131 781 2191 in
794 2131 950 2193 Provincia
959 2150 1021 2194 suae
1035 2133 1128 2213 Lega-

156 2221 247 2280 tionis
261 2218 443 2280 ordinariam
458 2219 567 2281 habere
578 2219 836 2297 jurisdictionem,
851 2238 919 2301 quae
932 2239 986 2301 per
1001 2227 1129 2282 mortem

158 2308 246 2388 Papae
260 2307 492 2387 delegantisnon
500 2309 626 2390 expirat,
640 2308 758 2369 tametsi
769 2309 905 2370 nondum
915 2327 1129 2371 eamexercere

157 2396 316 2478 coeperint.
334 2415 391 2459 nec
405 2397 591 2460 Provinciam
612 2415 698 2459 suam
720 2397 846 2478 ingressi
860 2397 981 2459 luerint.
995 2397 1131 2459 Dasumi-

158 2492 255 2547 11111
273 2505 340 2567 cap.
357 2487 501 2568 Legatos,
516 2486 551 2548 de
564 2485 613 2566 off.
629 2486 713 2566 Lep,
730 2486 761 2547 in
776 2490 818 2548 6⁰.

198 2578 276 2637 Anto
287 2575 454 2638 Concilium
463 2575 610 2646 Trident,
619 2575 720 2655 Legati
734 2581 765 2637 et
778 2574 885 2658 Nuntii
891 2593 996 2637 causas
1005 2593 1129 2638 suorum

158 2663 398 2743 provincialium,
410 2683 471 2726 non
485 2665 603 2726 tantum
613 2663 643 2724 in
658 2682 729 2725 casu
743 2663 961 2745 appellationis,
977 2663 1029 2725 sed
1039 2664 1130 2727 etiam

159 2751 190 2811 in
199 2752 295 2833 primii
306 2754 445 2814 instantia
453 2771 634 2834 cognoscere
647 2759 784 2834 poterant
798 2757 875 2834 (cap.
890 2757 918 2826 l,
928 2751 1016 2832 deoffl
1029 2753 1126 2835 Lep).

159 2839 218 2900 Sed
232 2843 249 2901 a
263 2839 342 2902 dicto
355 2843 578 2920 Concilioisess.
595 2847 645 2916 81,
661 2861 727 2922 cap.
743 2845 797 2916 80,
813 2840 847 2902 de
862 2840 996 2921 reform.)
1014 2843 1129 2905 sublata

160 2928 216 2990 luit
229 2929 292 2990 haec
306 2936 445 3010 potestas,
461 2929 660 2992 etOrdinariis
670 2931 806 2992 locorum
816 2929 1129 2996 causaeecclesiasticae

161 3017 190 3077 in
205 3018 301 3098 primat
316 3018 454 3080 instantia
467 3017 588 3080 luerunt
602 3025 774 3094 reservatae,
798 3025 924 3100 excepto
946 3036 1017 3081 casu
1033 3020 1128 3100 negli-

161 3105 268 3186 gentiae
282 3125 350 3187 quae
364 3126 418 3188 per
427 3108 586 3168 biennium
600 3108 705 3168 saltem
719 3107 879 3170 duraverit.

199 3195 306 3256 Nullus
321 3197 517 3277 legatorum,
543 3195 705 3276 nequidem
721 3195 739 3258 d
762 3195 874 3273 latare,
890 3201 1004 3278 potest,
1027 3197 1130 3260 incon·

160 3284 238 3345 salto
252 3285 343 3366 Papa,
354 3291 484 3346 tractare·
490 3287 620 3364 majores
628 3285 768 3347 Ecclesia
778 3303 894 3347 causas.
907 3287 949 3347 lta
958 3288 1130 3348 communis

160 3372 805 3454 11111115111111111ᾳυί11111111111,Ιί1.
822 3378 851 3450 l,
866 3374 911 3436 tit.
928 3377 984 3443 30,
1003 3379 1037 3434 1ο
1051 3378 1127 3437 83...

160 3460 289 3540 Legatus
301 3461 392 3522 etiam
405 3460 423 3522 d
437 3460 527 3523 latere
542 3461 646 3543 nequit
659 3463 840 3544 Episcopum
850 3463 1010 3524 transferre
1023 3463 1060 3523 ab
1068 3468 1128 3528 unt

161 3549 295 3610 Ecclesia
304 3549 341 3610 ad
352 3549 439 3610 aliam
452 3551 490 3626 (c.
500 3549 570 3612 Nisi
577 3551 710 3632 speciali,
723 3551 758 3612 de
766 3553 905 3612 auctorit.
917 3560 1005 3611 11111
1012 3551 1127 3629 Palla).

175 3647 179 3654 ’
200 3637 332 3716 Legatid
349 3637 439 3700 111111
452 3640 612 3720 ampliores
620 3639 734 3702 habent
745 3645 906 3720 potestates
918 3641 1011 3719 quarn
1029 3641 1127 3702 caeteri
