2588 3994
507 270 594 318 nura
613 271 731 320 ramus.
1054 260 1110 324 lm

129 367 247 514 llm‘l
268 366 388 437 Quaerit.
413 369 443 427 l·
462 367 571 430 Utrum
594 365 757 449 aliquando
781 367 935 434 sulliciens
956 370 993 432 sil
1006 352 1111 436 titulus

140 471 160 515 a
173 471 242 515 sus.

174 541 325 622 Respond.
346 543 402 608 Ubi
416 543 498 606 deest
512 543 616 606 titulus
631 563 737 622 verus,
756 545 867 608 sufficit
879 548 974 629 salsas
987 568 1040 611 seu
1053 571 1109 632 pa-

131 631 259 701 tativus,
277 631 315 694 ad
334 631 534 694 exercendam
548 633 643 695 aalide
655 633 898 712 jurisdictionem
912 642 974 698 tam
987 637 1111 719 delega-

129 723 196 780 tam
211 723 305 801 qubm
318 721 501 784 ordinariam
518 721 549 782 in
564 730 693 804 utroque
707 722 773 786 loro
787 731 911 786 externo
926 731 955 788 et
973 726 1108 806 interno;

131 807 226 870 modo
246 814 276 871 l⁰
295 812 401 872 existat
423 829 506 872 error
529 812 684 872 commanis
704 813 1110 894 etprobatiliscircavitium

131 897 210 958 tituli
221 919 228 974 ;
240 903 273 961 2⁰
286 902 352 980 ejus
366 900 402 962 sil
416 907 530 962 naturae
544 901 649 964 vitium
664 901 713 964 cui
727 902 862 966 Ecclesia
876 902 991 966 mederi
1003 905 1109 986 possil;

132 989 167 1047 3⁰
181 986 286 1052 titulus
300 990 338 1052 sit
351 990 456 1051 sallem
470 989 627 1052 coloratus.

179 1077 327 1142 Probalur
340 1079 496 1160 responsio
506 1098 541 1140 ex
552 1079 571 1139 l.
585 1079 761 1153 Bucherius,
775 1079 809 1161 ff.
821 1079 855 1142 de
866 1081 945 1164 Offlc.
958 1086 1087 1148 Praetor.
1099 1106 1111 1150 .·

137 1197 154 1234 (ι
176 1171 231 1244 Qui
246 1168 424 1246 textus‚elsi
438 1167 550 1242 civilis,
567 1168 666 1250 inquit
676 1171 707 1231 S.
724 1168 845 1250 Liguor.
857 1169 919 1249 (lib.
932 1177 968 1250 6,
981 1183 1014 1235 n⁰
1028 1179 1109 1253 572),

132 1285 149 1324 a
174 1267 278 1323 tamen
292 1260 362 1322 clun
379 1275 441 1319 non
456 1257 493 1318 sit
506 1257 684 1339 reprobatus
697 1259 789 1337 ojure
797 1260 943 1324 canonico
953 1262 1012 1324 vim
1023 1263 1111 1327 habet

131 1373 150 1411 a
175 1351 265 1414 etiam
281 1350 311 1411 in
326 1348 395 1424 illo,
412 1352 446 1408 ut
461 1345 588 1408 habetur
602 1347 633 1408 in
651 1365 718 1428 cap.
736 1346 821 1423 l‚de
839 1348 914 1410 Nou.
931 1369 976 1431 op.
998 1363 1109 1414 nant...

174 1463 191 1500 a
216 1439 363 1504 Probatur
383 1436 524 1498 etiamen
541 1455 608 1517 cap.
625 1435 763 1516 Infamia,
779 1439 809 1512 3,
826 1456 857 1518 q.
868 1442 899 1513 7,
916 1438 1109 1504 ubidicitur:

139 1553 156 1588 a
176 1531 207 1592 Si
225 1529 333 1591 Seruus
348 1526 412 1607 (qui
426 1531 471 1586 cst
492 1525 616 1606 incapax
628 1524 854 1606 jurisdictionis)
873 1526 941 1587 dam
951 1539 1113 1612 putaretur

134 1642 151 1679 n
177 1617 262 1691 liber,
280 1636 317 1678 er
331 1615 510 1696 delegatione
523 1615 695 1674 senteutiam
710 1613 805 1684 duret,
824 1618 955 1697 qiiamoc's
966 1621 1065 1700 posted
1081 1622 1111 1681 io

135 1708 344 1770 »seruitutem
359 1703 492 1786 depulsus
505 1705 563 1778 sit,
574 1703 717 1764 sententio
730 1703 768 1764 ab
782 1724 813 1766 eo
826 1705 904 1765 dicto
919 1709 964 1768 rei
967 1707 1111 1788 judicatur

135 1819 152 1857 a
174 1796 349 1878 firmitatem
365 1800 450 1854 tenet.
471 1792 575 1866 llario,
591 1793 662 1872 quia
672 1811 708 1852 ex
722 1792 854 1874 benignis
868 1795 1111 1878 interpretatione

135 1909 151 1945 a
176 1882 370 1966 praesumitur
395 1901 431 1944 eo
452 1899 524 1943 casu
540 1880 587 1960 pia
606 1887 702 1942 mater
719 1881 853 1944 Ecclesia
867 1884 905 1944 ad
919 1883 1034 1947 bonnm
1046 1888 1111 1950 ani-

135 1996 151 2034 o
177 1992 298 2036 inarum
312 1971 452 2054 supplere
464 1969 716 2050 jurisdictionem.
733 1993 748 2030 a

177 2063 293 2125 Dicitur
307 2065 358 2144 lt:
375 2059 425 2124 Ad
436 2058 624 2122 camenctum
639 2059 750 2129 aalide,
769 2059 916 2140 quianon
931 2081 1050 2145 semper
1068 2073 1112 2127 est

136 2151 288 2215 sufficiens
302 2149 340 2212 ad
355 2147 553 2212 exercendam
574 2147 671 2223 licite,
687 2149 852 2228 praesertim
871 2149 902 2212 in
918 2170 954 2213 eo
975 2153 1028 2233 qui
1050 2172 1112 2216 non

136 2242 255 2322 ignorat
266 2240 313 2302 sui
326 2239 403 2301 tituli
416 2239 540 2310 vitium,
554 2237 611 2298 nisi
624 2235 655 2297 in
665 2255 738 2298 casu
748 2238 943 2300 necessitatis.

175 2329 413 2394 multidinum
425 2347 432 2387 :
445 2327 689 2389 turisdiclionem
698 2325 756 2384 tdrn
767 2325 929 2406 delegatam
939 2330 1111 2409 guimardi.

137 2420 264 2480 narium.
276 2417 405 2490 Quidam
419 2419 481 2478 llll.
495 2419 641 2498 puldrunt
653 2414 775 2476 titulum
790 2415 958 2496 putativum
976 2420 1112 2484 sufficere

139 2527 209 2570 cum
220 2525 321 2570 errore
330 2505 486 2569 communi
494 2505 531 2566 ad
541 2503 739 2567 exercendam
744 2503 985 2584 jurisdicuonem
993 2509 1111 2572 ordino-

139 2591 753 2675 rr'nmmonrerrldelegolam‚·quiabonum
764 2611 928 2657 commune
938 2613 1000 2659 non
1010 2601 1110 2682 exigit,

138 2685 295 2767 inquiunt,
309 2683 390 2766 qudd
405 2683 580 2765 suppleatur
590 2681 759 2761 jurisdictio
768 2682 798 2744 in
813 2701 883 2746 casu
899 2683 1109 2768 delegationis,

138 2793 207 2856 qnae
217 2793 278 2837 non
287 2772 408 2856 respicit
420 2773 477 2834 nisi
488 2789 584 2834 unum
599 2771 645 2832 vol
659 2772 786 2834 alterum
797 2789 919 2850 oasum;
931 2776 982 2838 sed
996 2777 1111 2861 ,inquit

138 2861 320 2942 Sanchezlde
333 2863 441 2937 Matr„
453 2861 530 2944 disp.
545 2864 595 2936 22,
611 2869 645 2921 n⁰
660 2863 728 2938 llil:
745 2863 922 2926 «Sententia
936 2866 1032 2930 mulld
1045 2889 1112 2950 pro

138 2973 154 3012 a
177 2952 314 3028 habilior,
326 2952 416 3014 docet
426 2950 524 3012 valere
534 2955 632 3031 gesta,
648 2949 709 3012 sira
716 2950 809 3029 judex
823 2951 861 3013 sit
873 2953 1042 3020 ordinarius
1051 2959 1111 3022 sive

139 3063 155 3100 a
179 3040 343 3123 delegatus.
361 3040 507 3102 Probatur
517 3059 551 3100 ex
564 3057 630 3119 cap.
644 3039 768 3120 Infamia
776 3039 877 3121 (modo
888 3043 991 3126 relato)
1003 3049 1110 3112 ....Ubi

139 3151 154 3188 a
178 3131 281 3212 aperte
292 3147 392 3192 sermo
405 3133 451 3190 est
463 3128 500 3190 de
509 3127 612 3206 iudice
625 3125 773 3209 delegato.
789 3151 805 3188 a

183 3218 225 3280 dd
238 3223 452 3300 argumentum
461 3215 698 3279 adversariorum
706 3219 915 3300 respondetur,
925 3243 996 3287 eum
1003 3227 1110 3290 eodem

140 3310 206 3387 liu,
221 3317 254 3370 n⁰
271 3311 338 3388 20),
355 3305 437 3390 qubd
455 3307 486 3368 in
498 3323 571 3369 casu
581 3305 797 3385 jurisdictionis
810 3309 963 3392 delegatae,
986 3317 1111 3396 «agitur

139 3418 156 3460 ι
178 3397 218 3460 da
240 3397 367 3460 utilitate
389 3395 527 3480 publice,
542 3395 613 3457 licet
638 3395 756 3459 intersit
780 3399 870 3462 unius
891 3405 1024 3480 tontum,
1040 3405 1111 3484 quia

140 3508 156 3548 a
180 3487 304 3550 interest
316 3485 500 3568 Reipublicae
514 3485 636 3548 cuilibet
645 3487 791 3566 justitiam
806 3489 976 3552 ministrari.
991 3509 1007 3549 a

180 3579 250 3639 aad.
274 3575 389 3638 Dicitur
400 3577 448 3637 3⁰:
461 3573 499 3636 Ia
511 3581 633 3657 atroque
645 3575 710 3656 foro
723 3583 845 3638 ectemo
854 3583 884 3638 et
897 3579 1026 3639 interno:
1042 3579 1111 3650 Oui-

141 3663 430 3728 damdubitaverunt
438 3661 548 3726 delore
556 3662 686 3740 interno,
697 3663 839 3728 ulaidere
848 3669 893 3726 est
904 3680 952 3742 ap.
968 3658 1109 3727 eumdem
