2588 3994
483 252 694 298 raouuoourua
1029 239 1082 302 tat

109 377 124 415 a
146 357 241 418 totius
254 355 398 418 Ecclesia
410 372 468 416 usu
486 355 683 430 eonllrmata,
706 362 796 437 atque
814 355 852 420 ab
872 355 1007 419 Ecclesia
1023 358 1088 420 Gal·

111 467 125 502 n
148 444 248 506 licant
262 447 407 526 perpetua
415 443 561 526 religione
570 443 718 506 custodita
735 445 855 507 decreta
868 445 906 508 de
916 447 1088 510 auctoritate

110 556 125 592 a
150 535 356 596 conciliorum
371 533 570 614 generalium.
580 551 647 614 quar
659 552 731 595 sess.
748 539 779 594 l*
790 542 819 595 et
828 538 858 596 5¹
874 535 1085 598 eontinentur:

111 645 126 682 a
152 641 208 686 nec
222 623 343 705 probari
358 626 375 684 a
390 622 542 683 Gallicana
556 622 690 683 Ecclesia
704 623 755 704 qui
771 641 877 686 eorum
893 625 1089 688 Decretorum

111 735 127 770 a
150 713 236 794 quasi
251 711 352 774 dubiae
365 711 425 773 sint
438 711 628 773 auctoritates
641 729 677 773 ae
690 711 792 774 minus
806 712 981 794 approbata,
996 713 1089 776 robur

113 823 128 858 a
152 797 339 882 infringant,
363 807 414 862 aut
439 799 476 862 ad
499 799 599 863 solum
627 798 795 864 schismatis
817 807 938 882 tempus
965 802 1087 864 Concilii

113 911 128 946 ι
152 887 232 951 dieta
245 889 476 972 detorqueant¹.

153 1001 169 1036 n
193 980 242 1040 III.
261 979 338 1040 Hine
354 977 531 1060 apostolica
544 978 697 1060 potestatis
707 996 797 1042 usum
805 977 1026 1042 moderandum
1037 999 1090 1062 por

113 1089 129 1126 a
152 1085 287 1130 canones
301 1068 413 1149 Spiritu
427 1067 480 1129 Dei
494 1067 642 1144 conditos,
657 1075 687 1129 et
699 1067 790 1130 totius
803 1065 909 1130 mundi
925 1071 1089 1132 reverentia

113 1181 128 1214 a
152 1163 362 1234 consecratos3
377 1157 476 1218 valere
490 1157 580 1218 etiam
594 1157 733 1238 regum,
755 1174 856 1218 mores
877 1163 906 1218 el
925 1157 1088 1222 instituted

113 1268 128 1304 a
153 1246 260 1326 Regno
272 1251 302 1307 et
315 1245 448 1308 Ecclesia
463 1245 616 1307 Gallicana
629 1251 768 1327 recepta;
784 1247 967 1327 Patremque
986 1249 1088 1309 termi-

112 1357 127 1393 n
154 1353 211 1396 nos
226 1353 348 1396 manere
362 1336 559 1396 inconcussos
575 1354 581 1394 :
598 1341 688 1414 atque
709 1333 739 1395 id
762 1335 913 1415 pertinere
931 1334 969 1396 ad
986 1337 1090 1417 ampli-

113 1445 128 1482 u
153 1423 291 1486 tudinem
315 1423 492 1506 Apostolioae
512 1421 609 1497 Sedis,
628 1427 661 1484 ut
678 1428 786 1484 statuta
806 1429 836 1484 et
855 1423 1090 1487 eonsuetudines

113 1535 130 1572 ι
154 1519 246 1576 tantae
261 1512 346 1576 Sedis
368 1519 399 1576 et
421 1513 624 1575 Ecclesiomm
645 1511 846 1574 consensione
868 1510 1003 1591 firmata,
1019 1532 1090 1596 pro·

113 1623 129 1660 ι
154 1603 253 1684 priam
268 1601 456 1664 stabilitatem
470 1601 658 1664 obtineant’.

155 1693 234 1752 nll'.
244 1693 279 1754 ln
290 1689 1089 1774 lideiquoquequaestionibuspraeoipuasS.Pontifiois

114 1805 130 1839 n
156 1799 223 1843 esse
236 1787 353 1862 partes,
364 1781 490 1861 ejusque
503 1779 623 1842 decreta
635 1777 673 1840 ad
683 1797 790 1840 omnes
799 1787 828 1841 et
842 1779 976 1862 singulas
989 1783 1089 1846 Eccle-

114 1894 130 1928 ι)
156 1871 216 1932 sias
230 1869 393 1949 pertinere,
418 1887 475 1930 nec
491 1875 594 1930 tamen
609 1865 827 1931 irreformabile
845 1887 911 1932 esse
922 1869 1087 1952 iudicium,

115 1981 131 2016 n
156 1957 214 2019 nisi
229 1956 370 2021 Ecclesiae
383 1973 549 2019 consensus
563 1956 752 2019 accesserat.

156 2071 172 2105 n
197 2049 269 2118 Oua
282 2047 429 2128 acceptati
443 2045 582 2108 Patribus
591 2045 627 2107 ad
642 2063 749 2107 omnes
762 2045 911 2110 Ecclesiae
924 2047 1090 2113 Gallicanas

114 2159 131 2196 a
156 2143 246 2216 atque
259 2135 297 2197 ad
311 2135 476 2216 Episcopos
489 2135 526 2196 iis
540 2135 653 2215 Spiritu
668 2135 778 2196 Sancto
792 2142 912 2198 auctore
926 2138 1088 2218 praesiden·

114 2247 131 2286 ι
156 2231 202 2286 les
224 2223 371 2286 mittendo
388 2223 592 2294 decrevimus,
608 2229 642 2284 ut
660 2221 792 2303 idipsum
812 2222 948 2286 dieamus
961 2243 1087 2306 omnes,

113 2337 131 2374 ι
155 2313 311 2394 simusque
330 2313 361 2373 in
378 2311 485 2374 eodem
499 2329 591 2374 sensu
605 2317 634 2374 et
649 2311 681 2371 in
695 2311 802 2372 eadem
816 2313 974 2374 sententia.
991 2337 1006 2372 a

156 2401 402 2466 observationem
432 2400 557 2479 hujusce
580 2399 795 2462 Declarationis
821 2401 1003 2481 praescripsit
1026 2405 1090 2467 lter

118 2511 173 2556 suo
187 2491 284 2553 edicto
298 2495 335 2552 22
350 2490 447 2552 martii
464 2481 560 2566 roam
577 2489 628 2552 sed
644 2489 813 2571 improbata
826 2495 855 2549 et
868 2489 1022 2552 annullata
1036 2490 1090 2555 fuit

118 2581 290 2644 solemniter
297 2580 337 2642 ab
346 2579 516 2641 Alexandro
526 2581 590 2640 vlll
601 2597 654 2660 per
663 2579 787 2640 Constit.
799 2577 885 2640 Inter
897 2579 1088 2661 multiplicer.

115 2674 184 2733 lam
197 2673 283 2732 antea
299 2670 491 2731 lnnocentius
508 2671 545 2730 xl
567 2667 784 2730 institutionem
804 2667 981 2730 canonicam
1000 2689 1089 2733 eons-

116 2766 214 2821 lanter
226 2759 422 2838 denegaverat
436 2757 578 2819 omnibus
591 2757 798 2820 ecclesiasticis
812 2757 913 2819 electis
925 2757 963 2820 od
972 2761 1088 2841 episco-

116 2855 238 2930 patum‚
253 2847 305 2929 qui
321 2845 439 2908 luerent
452 2847 589 2908 membra
602 2849 769 2907 conventus
784 2847 872 2908 1681).
997 2890 1001 2896 -

157 2937 232 2999 Pace
248 2935 373 2998 tandem
393 2935 559 3016 composita
580 2933 765 2996 ludovicum
778 2936 843 2997 lllV
863 2935 941 3000 inter
954 2943 984 3000 et
996 2939 1087 3004 luno·
1167 2960 1171 2968 ’

114 3026 247 3088 centium
263 3027 333 3102 llll,
353 3041 434 3086 anno
449 3027 546 3098 1693,
567 3021 638 3085 dieti
653 3023 739 3086 electi
754 3023 792 3084 ad
807 3025 1039 3109 Episcopatum,
1055 3037 1089 3094 ut

118 3111 443 3178 institutionemdSede
458 3111 629 3193 apostolice
638 3111 819 3190 obtinerent,
831 3115 962 3178 seribere
975 3116 1087 3182 debue-

116 3214 187 3267 runt
199 3203 236 3266 ad
251 3205 364 3285 Papam
376 3221 406 3264 ee
418 3199 515 3263 dolere
528 3200 610 3262 ultro
627 3200 705 3284 quod
720 3201 780 3264 diei
790 3211 886 3285 potest
894 3223 952 3286 pro
966 3225 997 3268 eo
1012 3209 1090 3289 quod

114 3293 307 3375 displicuerat
317 3289 388 3356 sue
400 3289 581 3360 Sanctitotr'‚·
594 3297 624 3352 et
636 3289 743 3353 dobere
750 3311 809 3373 pro
821 3293 1087 3378 amdeeretoquid·

114 3381 189 3467 quid
203 3381 350 3444 demetam
364 3380 483 3462 suerat,
500 3378 561 3440 eive
578 3379 611 3440 in
630 3379 746 3463 nepotio
759 3381 892 3462 Repetite
899 3428 910 3459 ,
925 3385 988 3446 aive
1007 3388 1087 3448 eirea

146 3521 156 3550 0
173 3515 225 3568 llid.
237 3515 365 3582 quomodo
379 3514 522 3566 conletatur
533 3511 580 3566 lete
590 3513 710 3565 articulus
721 3513 784 3566 inira
797 3517 859 3578 (ost,
872 3517 933 3585 etc.)

147 3591 157 3618 ¹
172 3586 225 3638 til.
238 3602 312 3652 supra
337 3585 424 3646 eo-aa.
437 3586 496 3649 etc.)
508 3589 533 3636 ot
544 3583 606 3646 infre
620 3585 685 3650 1615,
699 3591 757 3646 eto..
770 3585 825 3643 690.
838 3585 902 3644 ddi.)

146 3657 158 3690 ¹
173 3654 226 3708 ru.
237 3667 311 3722 supra
334 3653 376 3714 tt,
387 3655 445 3714 rte.)
458 3657 483 3705 et
493 3651 556 3706 indi
569 3652 633 3718 1111,
646 3653 714 3716 ott).
