<?xml version="1.0" encoding="UTF-8"?>
<!DOCTYPE html PUBLIC "-//W3C//DTD XHTML 1.0 Transitional//EN"
    "http://www.w3.org/TR/xhtml1/DTD/xhtml1-transitional.dtd">
<html xmlns="http://www.w3.org/1999/xhtml" xml:lang="en" lang="en">
 <head>
  <title>
</title>
<meta http-equiv="Content-Type" content="text/html;charset=utf-8" />
  <meta name='ocr-system' content='tesseract 3.04.00' />
  <meta name='ocr-capabilities' content='ocr_page ocr_carea ocr_par ocr_line ocrx_word'/>
</head>
<body>
  <div class='ocr_page' id='page_1' title='image "./manualetotiusju03craigoog_0500.png"; bbox 0 0 2546 3992; ppageno 0'>
   <div class='ocr_carea' id='block_1_1' title="bbox 472 257 1102 325">
    <p class='ocr_par' dir='ltr' id='par_1_1' title="bbox 472 257 1102 325">
     <span class='ocr_line' id='line_1_1' title="bbox 472 257 1102 325; baseline -0.011 0"><span class='ocrx_word' id='word_1_1' title='bbox 472 279 557 325; x_wconf 82' lang='lat' dir='ltr'>cmm</span> <span class='ocrx_word' id='word_1_2' title='bbox 579 277 697 323; x_wconf 76' lang='lat' dir='ltr'>narnus.</span> <span class='ocrx_word' id='word_1_3' title='bbox 1044 257 1102 318; x_wconf 75' lang='grc'>477</span> 
     </span>
    </p>
   </div>
   <div class='ocr_carea' id='block_1_2' title="bbox 108 369 1113 3738">
    <p class='ocr_par' dir='ltr' id='par_1_2' title="bbox 134 369 1106 724">
     <span class='ocr_line' id='line_1_2' title="bbox 135 369 1105 460; baseline -0.004 -24"><span class='ocrx_word' id='word_1_4' title='bbox 135 399 148 436; x_wconf 74' lang='grc' dir='ltr'><strong><em>ο</em></strong></span> <span class='ocrx_word' id='word_1_5' title='bbox 172 377 380 460; x_wconf 86' lang='lat' dir='ltr'>presbyterum</span> <span class='ocrx_word' id='word_1_6' title='bbox 404 381 433 438; x_wconf 89' lang='lat' dir='ltr'>et</span> <span class='ocrx_word' id='word_1_7' title='bbox 447 375 630 457; x_wconf 84' lang='lat' dir='ltr'><strong>Episcopum</strong></span> <span class='ocrx_word' id='word_1_8' title='bbox 650 392 659 448; x_wconf 88' lang='lat'>;</span> <span class='ocrx_word' id='word_1_9' title='bbox 683 371 790 434; x_wconf 84' lang='lat' dir='ltr'>eadam</span> <span class='ocrx_word' id='word_1_10' title='bbox 808 370 942 452; x_wconf 85' lang='lat' dir='ltr'>Dignitas</span> <span class='ocrx_word' id='word_1_11' title='bbox 962 369 1105 434; x_wconf 86' lang='lat' dir='ltr'>mittentis</span> 
     </span>
     <span class='ocr_line' id='line_1_3' title="bbox 134 460 1105 548; baseline -0.006 -22"><span class='ocrx_word' id='word_1_12' title='bbox 134 489 148 526; x_wconf 77' lang='lat' dir='ltr'>a</span> <span class='ocrx_word' id='word_1_13' title='bbox 171 465 334 548; x_wconf 84' lang='lat' dir='ltr'><strong>(Episcopi)</strong></span> <span class='ocrx_word' id='word_1_14' title='bbox 356 471 386 528; x_wconf 91' lang='lat' dir='ltr'>et</span> <span class='ocrx_word' id='word_1_15' title='bbox 412 463 495 525; x_wconf 88' lang='lat' dir='ltr'>missi</span> <span class='ocrx_word' id='word_1_16' title='bbox 515 461 706 546; x_wconf 82' lang='lat' dir='ltr'>(presbyteri)</span> <span class='ocrx_word' id='word_1_17' title='bbox 720 479 727 522; x_wconf 89' lang='lat'>:</span> <span class='ocrx_word' id='word_1_18' title='bbox 743 460 801 522; x_wconf 87' lang='lat' dir='ltr'>hoc</span> <span class='ocrx_word' id='word_1_19' title='bbox 814 461 884 522; x_wconf 89' lang='lat' dir='ltr'>satis</span> <span class='ocrx_word' id='word_1_20' title='bbox 900 460 1056 540; x_wconf 79' lang='lat' dir='ltr'>imperitd3</span> <span class='ocrx_word' id='word_1_21' title='bbox 1072 461 1105 521; x_wconf 91' lang='lat' dir='ltr'>in</span> 
     </span>
     <span class='ocr_line' id='line_1_4' title="bbox 135 549 1106 636; baseline -0.005 -21"><span class='ocrx_word' id='word_1_22' title='bbox 135 577 149 615; x_wconf 78' lang='lat' dir='ltr'>a</span> <span class='ocrx_word' id='word_1_23' title='bbox 172 563 272 636; x_wconf 79' lang='lat' dir='ltr'>portu,</span> <span class='ocrx_word' id='word_1_24' title='bbox 288 561 323 616; x_wconf 92' lang='lat' dir='ltr'>ut</span> <span class='ocrx_word' id='word_1_25' title='bbox 334 553 454 626; x_wconf 88' lang='lat' dir='ltr'>dicitur,</span> <span class='ocrx_word' id='word_1_26' title='bbox 471 549 803 632; x_wconf 78' lang='lat' dir='ltr'>naufragium.n(ddv.</span> <span class='ocrx_word' id='word_1_27' title='bbox 815 551 924 612; x_wconf 85' lang='lat' dir='ltr'>Joann.</span> <span class='ocrx_word' id='word_1_28' title='bbox 937 549 1106 630; x_wconf 81' lang='lat' dir='ltr'>Hierosoly-</span> 
     </span>
     <span class='ocr_line' id='line_1_5' title="bbox 135 643 367 724; baseline 0.004 -20"><span class='ocrx_word' id='word_1_29' title='bbox 135 643 240 705; x_wconf 85' lang='lat' dir='ltr'>miton.</span> <span class='ocrx_word' id='word_1_30' title='bbox 254 643 367 724; x_wconf 80' lang='lat' dir='ltr'>Episc.)</span> 
     </span>
    </p>

    <p class='ocr_par' dir='ltr' id='par_1_3' title="bbox 135 727 1110 1612">
     <span class='ocr_line' id='line_1_6' title="bbox 174 727 1107 810; baseline -0.005 -15"><span class='ocrx_word' id='word_1_31' title='bbox 174 733 258 795; x_wconf 81' lang='lat' dir='ltr'>ctare</span> <span class='ocrx_word' id='word_1_32' title='bbox 278 731 343 794; x_wconf 88' lang='lat' dir='ltr'>baec</span> <span class='ocrx_word' id='word_1_33' title='bbox 362 731 556 794; x_wconf 84' lang='lat' dir='ltr'>manifestant</span> <span class='ocrx_word' id='word_1_34' title='bbox 578 745 724 810; x_wconf 83' lang='lat' dir='ltr'>magnum</span> <span class='ocrx_word' id='word_1_35' title='bbox 745 727 906 803; x_wconf 82' lang='lat' dir='ltr'>interesse,</span> <span class='ocrx_word' id='word_1_36' title='bbox 931 745 966 790; x_wconf 85' lang='lat' dir='ltr'>ex</span> <span class='ocrx_word' id='word_1_37' title='bbox 988 729 1018 790; x_wconf 84' lang='lat' dir='ltr'>S.</span> <span class='ocrx_word' id='word_1_38' title='bbox 1040 727 1107 790; x_wconf 80' lang='lat' dir='ltr'>Hie</span> 
     </span>
     <span class='ocr_line' id='line_1_7' title="bbox 135 815 1105 902; baseline -0.005 -18"><span class='ocrx_word' id='word_1_39' title='bbox 135 837 283 902; x_wconf 86' lang='lat' dir='ltr'>ronymo,</span> <span class='ocrx_word' id='word_1_40' title='bbox 298 821 461 883; x_wconf 84' lang='lat' dir='ltr'>discrimen</span> <span class='ocrx_word' id='word_1_41' title='bbox 483 820 562 881; x_wconf 87' lang='lat' dir='ltr'>inter</span> <span class='ocrx_word' id='word_1_42' title='bbox 583 818 767 900; x_wconf 82' lang='lat' dir='ltr'>Episcopum</span> <span class='ocrx_word' id='word_1_43' title='bbox 791 821 822 879; x_wconf 90' lang='lat' dir='ltr'>et</span> <span class='ocrx_word' id='word_1_44' title='bbox 840 815 1059 898; x_wconf 87' lang='lat' dir='ltr'>presbyterum.</span> <span class='ocrx_word' id='word_1_45' title='bbox 1077 817 1105 879; x_wconf 91' lang='lat' dir='ltr'>Si</span> 
     </span>
     <span class='ocr_line' id='line_1_8' title="bbox 136 905 1106 992; baseline -0.005 -19"><span class='ocrx_word' id='word_1_46' title='bbox 136 928 207 992; x_wconf 78' lang='lat' dir='ltr'>crgo</span> <span class='ocrx_word' id='word_1_47' title='bbox 219 910 310 972; x_wconf 86' lang='lat' dir='ltr'>verbu</span> <span class='ocrx_word' id='word_1_48' title='bbox 324 910 355 971; x_wconf 91' lang='lat' dir='ltr'>in</span> <span class='ocrx_word' id='word_1_49' title='bbox 369 909 538 988; x_wconf 77' lang='lat' dir='ltr'>obiectione</span> <span class='ocrx_word' id='word_1_50' title='bbox 556 907 650 970; x_wconf 83' lang='lat' dir='ltr'>relata</span> <span class='ocrx_word' id='word_1_51' title='bbox 664 905 694 968; x_wconf 94' lang='lat' dir='ltr'>in</span> <span class='ocrx_word' id='word_1_52' title='bbox 709 905 823 968; x_wconf 90' lang='lat' dir='ltr'>bonum</span> <span class='ocrx_word' id='word_1_53' title='bbox 840 923 963 968; x_wconf 89' lang='lat' dir='ltr'>sensum</span> <span class='ocrx_word' id='word_1_54' title='bbox 985 905 1106 986; x_wconf 81' lang='lat' dir='ltr'>intelligi</span> 
     </span>
     <span class='ocr_line' id='line_1_9' title="bbox 137 993 1105 1080; baseline -0.005 -19"><span class='ocrx_word' id='word_1_55' title='bbox 137 1017 196 1061; x_wconf 90' lang='lat' dir='ltr'>non</span> <span class='ocrx_word' id='word_1_56' title='bbox 209 1006 349 1080; x_wconf 81' lang='lat' dir='ltr'>possunt,</span> <span class='ocrx_word' id='word_1_57' title='bbox 360 997 523 1060; x_wconf 90' lang='lat' dir='ltr'>dicendum</span> <span class='ocrx_word' id='word_1_58' title='bbox 532 995 653 1059; x_wconf 88' lang='lat' dir='ltr'>eritsibi</span> <span class='ocrx_word' id='word_1_59' title='bbox 663 993 868 1057; x_wconf 80' lang='lat' dir='ltr'>contradicere</span> <span class='ocrx_word' id='word_1_60' title='bbox 882 996 914 1057; x_wconf 90' lang='lat' dir='ltr'>S.</span> <span class='ocrx_word' id='word_1_61' title='bbox 930 998 1105 1070; x_wconf 78' lang='lat' dir='ltr'>Hectorem,</span> 
     </span>
     <span class='ocr_line' id='line_1_10' title="bbox 137 1083 1107 1170; baseline -0.002 -21"><span class='ocrx_word' id='word_1_62' title='bbox 137 1087 262 1170; x_wconf 91' lang='lat' dir='ltr'>proinde</span> <span class='ocrx_word' id='word_1_63' title='bbox 275 1088 389 1148; x_wconf 85' lang='lat' dir='ltr'>nuliam</span> <span class='ocrx_word' id='word_1_64' title='bbox 410 1105 475 1148; x_wconf 89' lang='lat' dir='ltr'>esse</span> <span class='ocrx_word' id='word_1_65' title='bbox 496 1085 588 1166; x_wconf 92' lang='lat' dir='ltr'>ipsius</span> <span class='ocrx_word' id='word_1_66' title='bbox 608 1085 838 1146; x_wconf 83' lang='lat' dir='ltr'>auctoritatem:</span> <span class='ocrx_word' id='word_1_67' title='bbox 863 1083 916 1146; x_wconf 90' lang='lat' dir='ltr'>sed</span> <span class='ocrx_word' id='word_1_68' title='bbox 939 1085 970 1145; x_wconf 95' lang='lat' dir='ltr'>in</span> <span class='ocrx_word' id='word_1_69' title='bbox 993 1085 1107 1147; x_wconf 91' lang='lat' dir='ltr'>bonum</span> 
     </span>
     <span class='ocr_line' id='line_1_11' title="bbox 137 1171 1107 1258; baseline -0.002 -20"><span class='ocrx_word' id='word_1_70' title='bbox 137 1194 258 1238; x_wconf 85' lang='lat' dir='ltr'>sensum</span> <span class='ocrx_word' id='word_1_71' title='bbox 271 1195 359 1258; x_wconf 88' lang='lat' dir='ltr'>posse</span> <span class='ocrx_word' id='word_1_72' title='bbox 373 1175 475 1237; x_wconf 88' lang='lat' dir='ltr'>reduci</span> <span class='ocrx_word' id='word_1_73' title='bbox 483 1172 652 1236; x_wconf 79' lang='lat' dir='ltr'>necessario</span> <span class='ocrx_word' id='word_1_74' title='bbox 663 1171 825 1234; x_wconf 89' lang='lat' dir='ltr'>dicendum</span> <span class='ocrx_word' id='word_1_75' title='bbox 840 1179 900 1250; x_wconf 88' lang='lat' dir='ltr'>est,</span> <span class='ocrx_word' id='word_1_76' title='bbox 915 1173 1046 1255; x_wconf 88' lang='lat' dir='ltr'>alioquin</span> <span class='ocrx_word' id='word_1_77' title='bbox 1057 1195 1107 1236; x_wconf 82' lang='lat' dir='ltr'>ex-</span> 
     </span>
     <span class='ocr_line' id='line_1_12' title="bbox 138 1260 1108 1345; baseline 0.002 -21"><span class='ocrx_word' id='word_1_78' title='bbox 138 1263 240 1345; x_wconf 79' lang='lat' dir='ltr'>plicari</span> <span class='ocrx_word' id='word_1_79' title='bbox 261 1283 323 1326; x_wconf 91' lang='lat' dir='ltr'>non</span> <span class='ocrx_word' id='word_1_80' title='bbox 346 1263 456 1326; x_wconf 87' lang='lat' dir='ltr'>valeret</span> <span class='ocrx_word' id='word_1_81' title='bbox 475 1260 629 1344; x_wconf 89' lang='lat' dir='ltr'>quomodo</span> <span class='ocrx_word' id='word_1_82' title='bbox 644 1263 674 1322; x_wconf 88' lang='lat' dir='ltr'>S.</span> <span class='ocrx_word' id='word_1_83' title='bbox 694 1261 898 1341; x_wconf 86' lang='lat' dir='ltr'>Hieronymus</span> <span class='ocrx_word' id='word_1_84' title='bbox 912 1281 973 1323; x_wconf 93' lang='lat' dir='ltr'>non</span> <span class='ocrx_word' id='word_1_85' title='bbox 992 1263 1108 1326; x_wconf 87' lang='lat' dir='ltr'>habitus</span> 
     </span>
     <span class='ocr_line' id='line_1_13' title="bbox 139 1348 1110 1435; baseline -0.001 -22"><span class='ocrx_word' id='word_1_86' title='bbox 139 1351 271 1414; x_wconf 82' lang='lat' dir='ltr'>fueritin</span> <span class='ocrx_word' id='word_1_87' title='bbox 285 1352 344 1414; x_wconf 87' lang='lat' dir='ltr'>hoc</span> <span class='ocrx_word' id='word_1_88' title='bbox 359 1359 472 1435; x_wconf 92' lang='lat' dir='ltr'>puncto</span> <span class='ocrx_word' id='word_1_89' title='bbox 486 1349 662 1425; x_wconf 85' lang='lat' dir='ltr'>haereticus‚</span> <span class='ocrx_word' id='word_1_90' title='bbox 678 1348 754 1410; x_wconf 86' lang='lat' dir='ltr'>siout</span> <span class='ocrx_word' id='word_1_91' title='bbox 776 1351 878 1410; x_wconf 78' lang='lat' dir='ltr'>revera</span> <span class='ocrx_word' id='word_1_92' title='bbox 896 1350 979 1430; x_wconf 90' lang='lat' dir='ltr'>prius</span> <span class='ocrx_word' id='word_1_93' title='bbox 992 1351 1110 1413; x_wconf 90' lang='lat' dir='ltr'>habitus</span> 
     </span>
     <span class='ocr_line' id='line_1_14' title="bbox 140 1437 1110 1522; baseline -0.002 -20"><span class='ocrx_word' id='word_1_94' title='bbox 140 1440 237 1504; x_wconf 83' lang='lat' dir='ltr'>iuerat</span> <span class='ocrx_word' id='word_1_95' title='bbox 250 1443 369 1517; x_wconf 80' lang='lat' dir='ltr'>Aurius,</span> <span class='ocrx_word' id='word_1_96' title='bbox 384 1442 528 1503; x_wconf 80' lang='lat' dir='ltr'>statimne</span> <span class='ocrx_word' id='word_1_97' title='bbox 542 1444 700 1520; x_wconf 80' lang='lat' dir='ltr'>negaverat</span> <span class='ocrx_word' id='word_1_98' title='bbox 712 1437 876 1518; x_wconf 86' lang='lat' dir='ltr'>Episcopos</span> <span class='ocrx_word' id='word_1_99' title='bbox 889 1439 980 1500; x_wconf 90' lang='lat' dir='ltr'>meris</span> <span class='ocrx_word' id='word_1_100' title='bbox 990 1440 1110 1522; x_wconf 75' lang='lat' dir='ltr'>presby-</span> 
     </span>
     <span class='ocr_line' id='line_1_15' title="bbox 140 1529 787 1612; baseline -0.008 -21"><span class='ocrx_word' id='word_1_101' title='bbox 140 1530 210 1592; x_wconf 88' lang='lat' dir='ltr'>teris</span> <span class='ocrx_word' id='word_1_102' title='bbox 222 1529 392 1612; x_wconf 89' lang='lat' dir='ltr'>superiores</span> <span class='ocrx_word' id='word_1_103' title='bbox 407 1549 482 1592; x_wconf 86' lang='lat' dir='ltr'>esse.</span> <span class='ocrx_word' id='word_1_104' title='bbox 786 1583 787 1586; x_wconf 74' lang='grc'>,</span> 
     </span>
    </p>

    <p class='ocr_par' dir='ltr' id='par_1_4' title="bbox 108 1615 1113 2939">
     <span class='ocr_line' id='line_1_16' title="bbox 179 1615 1111 1698; baseline 0.001 -18"><span class='ocrx_word' id='word_1_105' title='bbox 179 1619 272 1682; x_wconf 83' lang='lat' dir='ltr'>Porrd</span> <span class='ocrx_word' id='word_1_106' title='bbox 285 1617 484 1680; x_wconf 81' lang='lat' dir='ltr'>diversimode</span> <span class='ocrx_word' id='word_1_107' title='bbox 498 1617 614 1698; x_wconf 85' lang='lat' dir='ltr'>objecta</span> <span class='ocrx_word' id='word_1_108' title='bbox 624 1617 714 1680; x_wconf 85' lang='lat' dir='ltr'>verba</span> <span class='ocrx_word' id='word_1_109' title='bbox 725 1619 756 1680; x_wconf 92' lang='lat' dir='ltr'>S.</span> <span class='ocrx_word' id='word_1_110' title='bbox 776 1615 1111 1698; x_wconf 77' lang='lat' dir='ltr'>Hieronymioathoiiod</span> 
     </span>
     <span class='ocr_line' id='line_1_17' title="bbox 140 1705 1111 1789; baseline -0.003 -17"><span class='ocrx_word' id='word_1_111' title='bbox 140 1708 290 1789; x_wconf 81' lang='lat' dir='ltr'>explicant</span> <span class='ocrx_word' id='word_1_112' title='bbox 316 1707 513 1789; x_wconf 87' lang='lat' dir='ltr'>interpretes:</span> <span class='ocrx_word' id='word_1_113' title='bbox 530 1706 579 1768; x_wconf 88' lang='lat' dir='ltr'>alii</span> <span class='ocrx_word' id='word_1_114' title='bbox 605 1707 686 1769; x_wconf 91' lang='lat' dir='ltr'>enim</span> <span class='ocrx_word' id='word_1_115' title='bbox 700 1755 707 1783; x_wconf 91' lang='lat'>,</span> <span class='ocrx_word' id='word_1_116' title='bbox 720 1707 805 1786; x_wconf 85' lang='lat' dir='ltr'>juxta</span> <span class='ocrx_word' id='word_1_117' title='bbox 822 1705 941 1768; x_wconf 87' lang='lat' dir='ltr'>allatam</span> <span class='ocrx_word' id='word_1_118' title='bbox 960 1707 991 1768; x_wconf 95' lang='lat' dir='ltr'>in</span> <span class='ocrx_word' id='word_1_119' title='bbox 1015 1707 1111 1788; x_wconf 76' lang='lat' dir='ltr'>prima</span> 
     </span>
     <span class='ocr_line' id='line_1_18' title="bbox 141 1795 1112 1877; baseline 0.002 -18"><span class='ocrx_word' id='word_1_120' title='bbox 141 1797 308 1874; x_wconf 82' lang='lat' dir='ltr'>olrjeotione</span> <span class='ocrx_word' id='word_1_121' title='bbox 321 1796 432 1858; x_wconf 88' lang='lat' dir='ltr'>Petavii</span> <span class='ocrx_word' id='word_1_122' title='bbox 446 1795 690 1877; x_wconf 83' lang='lat' dir='ltr'>responsionem,</span> <span class='ocrx_word' id='word_1_123' title='bbox 701 1796 805 1858; x_wconf 81' lang='lat' dir='ltr'>uolunt</span> <span class='ocrx_word' id='word_1_124' title='bbox 815 1797 845 1856; x_wconf 89' lang='lat' dir='ltr'>S.</span> <span class='ocrx_word' id='word_1_125' title='bbox 857 1797 1016 1858; x_wconf 86' lang='lat' dir='ltr'>Doctorem</span> <span class='ocrx_word' id='word_1_126' title='bbox 1032 1797 1112 1860; x_wconf 89' lang='lat' dir='ltr'>iocu-</span> 
     </span>
     <span class='ocr_line' id='line_1_19' title="bbox 142 1884 1112 1968; baseline 0.003 -22"><span class='ocrx_word' id='word_1_127' title='bbox 142 1890 206 1947; x_wconf 88' lang='lat' dir='ltr'>tum</span> <span class='ocrx_word' id='word_1_128' title='bbox 217 1884 358 1947; x_wconf 78' lang='lat' dir='ltr'>fuissede</span> <span class='ocrx_word' id='word_1_129' title='bbox 369 1885 606 1968; x_wconf 78' lang='lat' dir='ltr'>presbyterisqui</span> <span class='ocrx_word' id='word_1_130' title='bbox 616 1932 623 1961; x_wconf 87' lang='lat'>,</span> <span class='ocrx_word' id='word_1_131' title='bbox 633 1884 1005 1966; x_wconf 84' lang='lat' dir='ltr'>utprimitussolebattieri</span> <span class='ocrx_word' id='word_1_132' title='bbox 1016 1935 1023 1958; x_wconf 87' lang='lat'>,</span> <span class='ocrx_word' id='word_1_133' title='bbox 1034 1887 1112 1949; x_wconf 92' lang='lat' dir='ltr'>crdi-</span> 
     </span>
     <span class='ocr_line' id='line_1_20' title="bbox 142 1973 1109 2054; baseline 0.003 -19"><span class='ocrx_word' id='word_1_134' title='bbox 142 1974 202 2035; x_wconf 82' lang='lat' dir='ltr'>nuti</span> <span class='ocrx_word' id='word_1_135' title='bbox 221 1979 305 2036; x_wconf 87' lang='lat' dir='ltr'>erant</span> <span class='ocrx_word' id='word_1_136' title='bbox 324 1975 413 2035; x_wconf 85' lang='lat' dir='ltr'>etiam</span> <span class='ocrx_word' id='word_1_137' title='bbox 428 1973 586 2054; x_wconf 82' lang='lat' dir='ltr'>Episcopi3</span> <span class='ocrx_word' id='word_1_138' title='bbox 612 1973 660 2034; x_wconf 88' lang='lat' dir='ltr'>aiii</span> <span class='ocrx_word' id='word_1_139' title='bbox 681 1979 781 2034; x_wconf 87' lang='lat' dir='ltr'>autem</span> <span class='ocrx_word' id='word_1_140' title='bbox 800 1973 987 2035; x_wconf 88' lang='lat' dir='ltr'>contendunt</span> <span class='ocrx_word' id='word_1_141' title='bbox 1010 1976 1109 2038; x_wconf 91' lang='lat' dir='ltr'>Hiero-</span> 
     </span>
     <span class='ocr_line' id='line_1_21' title="bbox 108 2059 1112 2145; baseline 0.003 -21"><span class='ocrx_word' id='word_1_142' title='bbox 108 2059 116 2072; x_wconf 83' lang='lat'><strong>&#39;</strong></span> <span class='ocrx_word' id='word_1_143' title='bbox 143 2081 270 2143; x_wconf 87' lang='lat' dir='ltr'>nymum</span> <span class='ocrx_word' id='word_1_144' title='bbox 284 2062 418 2124; x_wconf 89' lang='lat' dir='ltr'>locutum</span> <span class='ocrx_word' id='word_1_145' title='bbox 426 2060 532 2137; x_wconf 84' lang='lat' dir='ltr'>fuisse,</span> <span class='ocrx_word' id='word_1_146' title='bbox 543 2078 605 2120; x_wconf 93' lang='lat' dir='ltr'>non</span> <span class='ocrx_word' id='word_1_147' title='bbox 620 2059 658 2122; x_wconf 89' lang='lat' dir='ltr'>de</span> <span class='ocrx_word' id='word_1_148' title='bbox 672 2079 708 2122; x_wconf 90' lang='lat' dir='ltr'>eo</span> <span class='ocrx_word' id='word_1_149' title='bbox 723 2061 805 2142; x_wconf 86' lang='lat' dir='ltr'>quod</span> <span class='ocrx_word' id='word_1_150' title='bbox 819 2063 944 2122; x_wconf 85' lang='lat' dir='ltr'>erantin</span> <span class='ocrx_word' id='word_1_151' title='bbox 956 2063 1023 2141; x_wconf 87' lang='lat' dir='ltr'>jure</span> <span class='ocrx_word' id='word_1_152' title='bbox 1033 2084 1112 2145; x_wconf 74' lang='lat' dir='ltr'>pres</span> 
     </span>
     <span class='ocr_line' id='line_1_22' title="bbox 141 2147 1109 2232; baseline 0.002 -20"><span class='ocrx_word' id='word_1_153' title='bbox 141 2151 237 2232; x_wconf 83' lang='lat' dir='ltr'>byteri</span> <span class='ocrx_word' id='word_1_154' title='bbox 250 2197 258 2226; x_wconf 94' lang='lat'>,</span> <span class='ocrx_word' id='word_1_155' title='bbox 273 2149 327 2211; x_wconf 90' lang='lat' dir='ltr'>sed</span> <span class='ocrx_word' id='word_1_156' title='bbox 340 2149 378 2210; x_wconf 90' lang='lat' dir='ltr'>de</span> <span class='ocrx_word' id='word_1_157' title='bbox 392 2167 429 2210; x_wconf 92' lang='lat' dir='ltr'>eo</span> <span class='ocrx_word' id='word_1_158' title='bbox 447 2147 530 2229; x_wconf 88' lang='lat' dir='ltr'>quod</span> <span class='ocrx_word' id='word_1_159' title='bbox 550 2155 635 2209; x_wconf 89' lang='lat' dir='ltr'>erant</span> <span class='ocrx_word' id='word_1_160' title='bbox 654 2150 794 2230; x_wconf 79' lang='lat' dir='ltr'>primitus</span> <span class='ocrx_word' id='word_1_161' title='bbox 814 2168 851 2210; x_wconf 86' lang='lat' dir='ltr'>ex</span> <span class='ocrx_word' id='word_1_162' title='bbox 867 2151 1086 2214; x_wconf 89' lang='lat' dir='ltr'>consuetudine</span> <span class='ocrx_word' id='word_1_163' title='bbox 1103 2176 1109 2214; x_wconf 92' lang='lat'>:</span> 
     </span>
     <span class='ocr_line' id='line_1_23' title="bbox 143 2235 1112 2321; baseline 0.002 -19"><span class='ocrx_word' id='word_1_164' title='bbox 143 2238 280 2321; x_wconf 87' lang='lat' dir='ltr'>quumvis</span> <span class='ocrx_word' id='word_1_165' title='bbox 293 2239 376 2300; x_wconf 93' lang='lat' dir='ltr'>enim</span> <span class='ocrx_word' id='word_1_166' title='bbox 397 2253 516 2318; x_wconf 88' lang='lat' dir='ltr'>semper</span> <span class='ocrx_word' id='word_1_167' title='bbox 529 2235 567 2298; x_wconf 89' lang='lat' dir='ltr'>de</span> <span class='ocrx_word' id='word_1_168' title='bbox 579 2237 646 2314; x_wconf 87' lang='lat' dir='ltr'>jure</span> <span class='ocrx_word' id='word_1_169' title='bbox 660 2237 799 2318; x_wconf 83' lang='lat' dir='ltr'>Episcopi</span> <span class='ocrx_word' id='word_1_170' title='bbox 819 2236 931 2298; x_wconf 83' lang='lat' dir='ltr'>suerint</span> <span class='ocrx_word' id='word_1_171' title='bbox 944 2242 1112 2319; x_wconf 90' lang='lat' dir='ltr'>superiores</span> 
     </span>
     <span class='ocr_line' id='line_1_24' title="bbox 143 2325 1110 2410; baseline 0.005 -22"><span class='ocrx_word' id='word_1_172' title='bbox 143 2327 346 2410; x_wconf 80' lang='lat' dir='ltr'>presbyteris,</span> <span class='ocrx_word' id='word_1_173' title='bbox 362 2331 465 2387; x_wconf 87' lang='lat' dir='ltr'>tamen</span> <span class='ocrx_word' id='word_1_174' title='bbox 479 2343 515 2386; x_wconf 88' lang='lat' dir='ltr'>ex</span> <span class='ocrx_word' id='word_1_175' title='bbox 539 2325 777 2398; x_wconf 86' lang='lat' dir='ltr'>consuetudine,</span> <span class='ocrx_word' id='word_1_176' title='bbox 793 2325 932 2406; x_wconf 87' lang='lat' dir='ltr'>primitirs</span> <span class='ocrx_word' id='word_1_177' title='bbox 956 2332 1110 2392; x_wconf 87' lang='lat' dir='ltr'>communi</span> 
     </span>
     <span class='ocr_line' id='line_1_25' title="bbox 143 2412 1113 2498; baseline 0.003 -21"><span class='ocrx_word' id='word_1_178' title='bbox 143 2415 386 2498; x_wconf 81' lang='lat' dir='ltr'>prosbyterorum</span> <span class='ocrx_word' id='word_1_179' title='bbox 395 2412 520 2476; x_wconf 82' lang='lat' dir='ltr'>oonsilio</span> <span class='ocrx_word' id='word_1_180' title='bbox 534 2413 740 2494; x_wconf 81' lang='lat' dir='ltr'>gubernabant</span> <span class='ocrx_word' id='word_1_181' title='bbox 753 2412 910 2475; x_wconf 81' lang='lat' dir='ltr'>Ecclesias.</span> <span class='ocrx_word' id='word_1_182' title='bbox 924 2435 940 2472; x_wconf 83' lang='lat' dir='ltr'>u</span> <span class='ocrx_word' id='word_1_183' title='bbox 953 2414 1058 2492; x_wconf 90' lang='lat' dir='ltr'>Unde,</span> <span class='ocrx_word' id='word_1_184' title='bbox 1073 2419 1113 2480; x_wconf 86' lang='lat' dir='ltr'>ait</span> 
     </span>
     <span class='ocr_line' id='line_1_26' title="bbox 143 2498 1111 2584; baseline 0.002 -22"><span class='ocrx_word' id='word_1_185' title='bbox 143 2523 158 2562; x_wconf 85' lang='lat' dir='ltr'>n</span> <span class='ocrx_word' id='word_1_186' title='bbox 183 2505 219 2565; x_wconf 84' lang='lat' dir='ltr'>l).</span> <span class='ocrx_word' id='word_1_187' title='bbox 236 2498 331 2565; x_wconf 85' lang='lat' dir='ltr'>Bouix</span> <span class='ocrx_word' id='word_1_188' title='bbox 344 2549 352 2579; x_wconf 91' lang='lat'>,</span> <span class='ocrx_word' id='word_1_189' title='bbox 366 2503 407 2564; x_wconf 85' lang='lat' dir='ltr'>De</span> <span class='ocrx_word' id='word_1_190' title='bbox 420 2501 581 2584; x_wconf 82' lang='lat' dir='ltr'>Episcopo,</span> <span class='ocrx_word' id='word_1_191' title='bbox 596 2508 671 2564; x_wconf 90' lang='lat' dir='ltr'>tom.</span> <span class='ocrx_word' id='word_1_192' title='bbox 688 2507 717 2579; x_wconf 86' lang='lat' dir='ltr'>t,</span> <span class='ocrx_word' id='word_1_193' title='bbox 732 2522 762 2583; x_wconf 93' lang='lat' dir='ltr'>p.</span> <span class='ocrx_word' id='word_1_194' title='bbox 778 2505 828 2578; x_wconf 71' lang='lat'>29,</span> <span class='ocrx_word' id='word_1_195' title='bbox 845 2502 876 2563; x_wconf 95' lang='lat' dir='ltr'>in</span> <span class='ocrx_word' id='word_1_196' title='bbox 892 2500 953 2564; x_wconf 91' lang='lat' dir='ltr'>hoc</span> <span class='ocrx_word' id='word_1_197' title='bbox 970 2521 1032 2566; x_wconf 91' lang='lat' dir='ltr'>uno</span> <span class='ocrx_word' id='word_1_198' title='bbox 1046 2511 1111 2568; x_wconf 79' lang='lat' dir='ltr'>ten.-</span> 
     </span>
     <span class='ocr_line' id='line_1_27' title="bbox 144 2591 1112 2675; baseline 0.007 -24"><span class='ocrx_word' id='word_1_199' title='bbox 144 2615 159 2651; x_wconf 80' lang='lat' dir='ltr'>r</span> <span class='ocrx_word' id='word_1_200' title='bbox 183 2593 253 2654; x_wconf 89' lang='lat' dir='ltr'>dem</span> <span class='ocrx_word' id='word_1_201' title='bbox 268 2593 398 2674; x_wconf 73' lang='lat' dir='ltr'>aquales</span> <span class='ocrx_word' id='word_1_202' title='bbox 412 2591 496 2652; x_wconf 90' lang='lat' dir='ltr'>initio</span> <span class='ocrx_word' id='word_1_203' title='bbox 510 2591 674 2673; x_wconf 89' lang='lat' dir='ltr'>Episcopos</span> <span class='ocrx_word' id='word_1_204' title='bbox 687 2599 716 2653; x_wconf 89' lang='lat' dir='ltr'>et</span> <span class='ocrx_word' id='word_1_205' title='bbox 731 2591 919 2674; x_wconf 86' lang='lat' dir='ltr'>presbyteros</span> <span class='ocrx_word' id='word_1_206' title='bbox 934 2593 1112 2675; x_wconf 90' lang='lat' dir='ltr'>pronuntia-</span> 
     </span>
     <span class='ocr_line' id='line_1_28' title="bbox 145 2681 1111 2765; baseline 0.008 -25"><span class='ocrx_word' id='word_1_207' title='bbox 145 2703 160 2740; x_wconf 67' lang='grc' dir='ltr'><strong>υ</strong></span> <span class='ocrx_word' id='word_1_208' title='bbox 183 2683 225 2743; x_wconf 78' lang='lat' dir='ltr'>rit</span> <span class='ocrx_word' id='word_1_209' title='bbox 238 2681 440 2761; x_wconf 84' lang='lat' dir='ltr'>Hieronymus</span> <span class='ocrx_word' id='word_1_210' title='bbox 452 2727 460 2756; x_wconf 91' lang='lat'>,</span> <span class='ocrx_word' id='word_1_211' title='bbox 472 2681 503 2741; x_wconf 96' lang='lat' dir='ltr'>in</span> <span class='ocrx_word' id='word_1_212' title='bbox 517 2682 630 2742; x_wconf 81' lang='lat' dir='ltr'>nomine</span> <span class='ocrx_word' id='word_1_213' title='bbox 644 2681 756 2742; x_wconf 85' lang='lat' dir='ltr'>scilicet</span> <span class='ocrx_word' id='word_1_214' title='bbox 769 2687 799 2742; x_wconf 88' lang='lat' dir='ltr'>et</span> <span class='ocrx_word' id='word_1_215' title='bbox 813 2681 844 2741; x_wconf 97' lang='lat' dir='ltr'>in</span> <span class='ocrx_word' id='word_1_216' title='bbox 858 2683 999 2744; x_wconf 79' lang='lat' dir='ltr'>exercitio</span> <span class='ocrx_word' id='word_1_217' title='bbox 1014 2691 1111 2765; x_wconf 90' lang='lat' dir='ltr'>potes-</span> 
     </span>
     <span class='ocr_line' id='line_1_29' title="bbox 145 2768 1110 2853; baseline 0.01 -25"><span class='ocrx_word' id='word_1_218' title='bbox 145 2795 160 2829; x_wconf 77' lang='lat'>»</span> <span class='ocrx_word' id='word_1_219' title='bbox 185 2773 252 2831; x_wconf 84' lang='lat' dir='ltr'>tatis</span> <span class='ocrx_word' id='word_1_220' title='bbox 278 2769 532 2831; x_wconf 70' lang='lat' dir='ltr'>administrandae.</span> <span class='ocrx_word' id='word_1_221' title='bbox 561 2791 577 2828; x_wconf 84' lang='lat' dir='ltr'>n</span> <span class='ocrx_word' id='word_1_222' title='bbox 607 2769 644 2830; x_wconf 89' lang='lat' dir='ltr'>Et</span> <span class='ocrx_word' id='word_1_223' title='bbox 665 2768 722 2832; x_wconf 90' lang='lat' dir='ltr'>hoc</span> <span class='ocrx_word' id='word_1_224' title='bbox 749 2769 872 2850; x_wconf 87' lang='lat' dir='ltr'>quidem</span> <span class='ocrx_word' id='word_1_225' title='bbox 891 2772 1050 2853; x_wconf 79' lang='lat' dir='ltr'>contigisse</span> <span class='ocrx_word' id='word_1_226' title='bbox 1076 2794 1110 2838; x_wconf 81' lang='lat' dir='ltr'>en</span> 
     </span>
     <span class='ocr_line' id='line_1_30' title="bbox 146 2857 754 2939; baseline -0.002 -19"><span class='ocrx_word' id='word_1_227' title='bbox 146 2859 350 2921; x_wconf 73' lang='lat' dir='ltr'>Ecclesiastioat</span> <span class='ocrx_word' id='word_1_228' title='bbox 364 2857 557 2939; x_wconf 89' lang='lat' dir='ltr'>dispositione</span> <span class='ocrx_word' id='word_1_229' title='bbox 568 2858 754 2920; x_wconf 84' lang='lat' dir='ltr'>existimavit.</span> 
     </span>
    </p>

    <p class='ocr_par' dir='ltr' id='par_1_5' title="bbox 146 2946 1110 3122">
     <span class='ocr_line' id='line_1_31' title="bbox 186 2946 1110 3028; baseline 0.005 -18"><span class='ocrx_word' id='word_1_230' title='bbox 186 2947 327 3021; x_wconf 75' lang='lat' dir='ltr'>ttuaedam</span> <span class='ocrx_word' id='word_1_231' title='bbox 342 2947 400 3009; x_wconf 87' lang='lat' dir='ltr'>alia</span> <span class='ocrx_word' id='word_1_232' title='bbox 416 2947 598 3027; x_wconf 83' lang='lat' dir='ltr'>objiciuntur</span> <span class='ocrx_word' id='word_1_233' title='bbox 616 2964 653 3008; x_wconf 86' lang='lat' dir='ltr'>ex</span> <span class='ocrx_word' id='word_1_234' title='bbox 671 2946 804 3027; x_wconf 85' lang='lat' dir='ltr'>epistolis</span> <span class='ocrx_word' id='word_1_235' title='bbox 818 2949 848 3010; x_wconf 88' lang='lat' dir='ltr'>S.</span> <span class='ocrx_word' id='word_1_236' title='bbox 864 2949 1044 3028; x_wconf 81' lang='lat' dir='ltr'>Clementis3</span> <span class='ocrx_word' id='word_1_237' title='bbox 1060 2955 1110 3015; x_wconf 91' lang='lat' dir='ltr'>sed</span> 
     </span>
     <span class='ocr_line' id='line_1_32' title="bbox 146 3035 1108 3122; baseline 0.004 -21"><span class='ocrx_word' id='word_1_238' title='bbox 146 3039 211 3101; x_wconf 82' lang='lat' dir='ltr'>vido</span> <span class='ocrx_word' id='word_1_239' title='bbox 226 3054 331 3100; x_wconf 89' lang='lat' dir='ltr'>eorum</span> <span class='ocrx_word' id='word_1_240' title='bbox 346 3036 526 3098; x_wconf 86' lang='lat' dir='ltr'>solutionem</span> <span class='ocrx_word' id='word_1_241' title='bbox 537 3053 585 3117; x_wconf 86' lang='lat' dir='ltr'>ap.</span> <span class='ocrx_word' id='word_1_242' title='bbox 598 3037 635 3096; x_wconf 86' lang='lat' dir='ltr'>D.</span> <span class='ocrx_word' id='word_1_243' title='bbox 647 3035 754 3110; x_wconf 82' lang='lat' dir='ltr'>Bouix,</span> <span class='ocrx_word' id='word_1_244' title='bbox 766 3037 809 3098; x_wconf 86' lang='lat' dir='ltr'>De</span> <span class='ocrx_word' id='word_1_245' title='bbox 819 3037 937 3120; x_wconf 71' lang='lat' dir='ltr'>Epioe,</span> <span class='ocrx_word' id='word_1_246' title='bbox 947 3045 970 3100; x_wconf 86' lang='lat' dir='ltr'>t.</span> <span class='ocrx_word' id='word_1_247' title='bbox 984 3043 1050 3122; x_wconf 87' lang='lat' dir='ltr'>t,p.</span> <span class='ocrx_word' id='word_1_248' title='bbox 1061 3047 1108 3105; x_wconf 75' lang='lat'>⁶20.</span> 
     </span>
    </p>

    <p class='ocr_par' dir='ltr' id='par_1_6' title="bbox 147 3122 1113 3388">
     <span class='ocr_line' id='line_1_33' title="bbox 186 3122 1113 3210; baseline 0.004 -21"><span class='ocrx_word' id='word_1_249' title='bbox 186 3131 255 3190; x_wconf 83' lang='grc'><strong>861.</strong></span> <span class='ocrx_word' id='word_1_250' title='bbox 278 3125 399 3198; x_wconf 82' lang='lat' dir='ltr'>Quaerit.</span> <span class='ocrx_word' id='word_1_251' title='bbox 425 3127 457 3186; x_wconf 57' lang='grc' dir='ltr'><em>Ψ</em></span> <span class='ocrx_word' id='word_1_252' title='bbox 482 3122 544 3186; x_wconf 91' lang='lat' dir='ltr'>Sub</span> <span class='ocrx_word' id='word_1_253' title='bbox 564 3141 698 3204; x_wconf 85' lang='lat' dir='ltr'>quonam</span> <span class='ocrx_word' id='word_1_254' title='bbox 726 3133 860 3209; x_wconf 86' lang='lat' dir='ltr'>respectu</span> <span class='ocrx_word' id='word_1_255' title='bbox 887 3128 1026 3210; x_wconf 88' lang='lat' dir='ltr'>Episcopi</span> <span class='ocrx_word' id='word_1_256' title='bbox 1054 3131 1113 3193; x_wconf 90' lang='lat' dir='ltr'>sint</span> 
     </span>
     <span class='ocr_line' id='line_1_34' title="bbox 147 3211 1110 3298; baseline 0.002 -20"><span class='ocrx_word' id='word_1_257' title='bbox 147 3215 326 3298; x_wconf 76' lang='lat' dir='ltr'>presbyteris</span> <span class='ocrx_word' id='word_1_258' title='bbox 345 3211 713 3294; x_wconf 77' lang='lat' dir='ltr'>superioresi-Ordine</span> <span class='ocrx_word' id='word_1_259' title='bbox 736 3215 878 3278; x_wconf 78' lang='lat' dir='ltr'>tantum?</span> <span class='ocrx_word' id='word_1_260' title='bbox 892 3251 931 3262; x_wconf 91' lang='lat'>—-</span> <span class='ocrx_word' id='word_1_261' title='bbox 954 3219 1000 3278; x_wconf 81' lang='lat' dir='ltr'>An</span> <span class='ocrx_word' id='word_1_262' title='bbox 1023 3219 1110 3280; x_wconf 89' lang='lat' dir='ltr'>etiam</span> 
     </span>
     <span class='ocr_line' id='line_1_35' title="bbox 147 3302 374 3388; baseline -0.026 -20"><span class='ocrx_word' id='word_1_263' title='bbox 147 3302 374 3388; x_wconf 76' lang='lat' dir='ltr'>jurisdictione?</span> 
     </span>
    </p>

    <p class='ocr_par' dir='ltr' id='par_1_7' title="bbox 149 3387 1111 3738">
     <span class='ocr_line' id='line_1_36' title="bbox 187 3387 1111 3476; baseline 0.001 -21"><span class='ocrx_word' id='word_1_264' title='bbox 187 3397 277 3475; x_wconf 86' lang='lat' dir='ltr'>Itesp.</span> <span class='ocrx_word' id='word_1_265' title='bbox 288 3393 421 3460; x_wconf 82' lang='lat' dir='ltr'>Certum,</span> <span class='ocrx_word' id='word_1_266' title='bbox 430 3389 492 3451; x_wconf 86' lang='lat' dir='ltr'>imd</span> <span class='ocrx_word' id='word_1_267' title='bbox 500 3389 538 3452; x_wconf 89' lang='lat' dir='ltr'>de</span> <span class='ocrx_word' id='word_1_268' title='bbox 547 3387 606 3452; x_wconf 83' lang='lat' dir='ltr'>ude</span> <span class='ocrx_word' id='word_1_269' title='bbox 615 3395 661 3454; x_wconf 90' lang='lat' dir='ltr'>est</span> <span class='ocrx_word' id='word_1_270' title='bbox 669 3409 721 3454; x_wconf 91' lang='lat' dir='ltr'>eos</span> <span class='ocrx_word' id='word_1_271' title='bbox 734 3410 799 3455; x_wconf 86' lang='lat' dir='ltr'>esse</span> <span class='ocrx_word' id='word_1_272' title='bbox 812 3394 981 3475; x_wconf 89' lang='lat' dir='ltr'>superiores</span> <span class='ocrx_word' id='word_1_273' title='bbox 990 3394 1111 3476; x_wconf 79' lang='lat' dir='ltr'>presby·</span> 
     </span>
     <span class='ocr_line' id='line_1_37' title="bbox 149 3477 1110 3560; baseline 0 -15"><span class='ocrx_word' id='word_1_274' title='bbox 149 3481 339 3545; x_wconf 85' lang='lat' dir='ltr'>terisratione</span> <span class='ocrx_word' id='word_1_275' title='bbox 348 3477 462 3541; x_wconf 88' lang='lat' dir='ltr'>ordinis</span> <span class='ocrx_word' id='word_1_276' title='bbox 473 3525 481 3556; x_wconf 95' lang='lat'>,</span> <span class='ocrx_word' id='word_1_277' title='bbox 492 3478 618 3560; x_wconf 86' lang='lat' dir='ltr'>proinde</span> <span class='ocrx_word' id='word_1_278' title='bbox 627 3497 663 3542; x_wconf 87' lang='lat' dir='ltr'>ex</span> <span class='ocrx_word' id='word_1_279' title='bbox 673 3480 856 3544; x_wconf 87' lang='lat' dir='ltr'>institutione</span> <span class='ocrx_word' id='word_1_280' title='bbox 868 3481 977 3544; x_wconf 77' lang='lat' dir='ltr'>divina.</span> <span class='ocrx_word' id='word_1_281' title='bbox 994 3484 1110 3546; x_wconf 90' lang='lat' dir='ltr'>Etenim</span> 
     </span>
     <span class='ocr_line' id='line_1_38' title="bbox 149 3566 1110 3651; baseline 0.002 -18"><span class='ocrx_word' id='word_1_282' title='bbox 149 3571 259 3633; x_wconf 89' lang='lat' dir='ltr'>habent</span> <span class='ocrx_word' id='word_1_283' title='bbox 285 3573 459 3651; x_wconf 85' lang='lat' dir='ltr'>potestatem</span> <span class='ocrx_word' id='word_1_284' title='bbox 485 3566 642 3629; x_wconf 87' lang='lat' dir='ltr'>ordinandi</span> <span class='ocrx_word' id='word_1_285' title='bbox 664 3575 694 3630; x_wconf 93' lang='lat' dir='ltr'>et</span> <span class='ocrx_word' id='word_1_286' title='bbox 719 3569 917 3632; x_wconf 80' lang='lat' dir='ltr'>confirmandi</span> <span class='ocrx_word' id='word_1_287' title='bbox 936 3589 1025 3651; x_wconf 83' lang='lat' dir='ltr'>quam</span> <span class='ocrx_word' id='word_1_288' title='bbox 1049 3589 1110 3634; x_wconf 89' lang='lat' dir='ltr'>non</span> 
     </span>
     <span class='ocr_line' id='line_1_39' title="bbox 152 3655 1110 3738; baseline 0.002 -22"><span class='ocrx_word' id='word_1_289' title='bbox 152 3655 594 3738; x_wconf 79' lang='lat' dir='ltr'>bubentaimpiioespresbyteri,</span> <span class='ocrx_word' id='word_1_290' title='bbox 605 3655 1110 3738; x_wconf 71' lang='lat' dir='ltr'>utdioemusiniru(1720-1723);et</span> 
     </span>
    </p>
   </div>
   <div class='ocr_carea' id='block_1_3' title="bbox 960 3760 1012 3818">
    <p class='ocr_par' dir='ltr' id='par_1_8' title="bbox 960 3760 1012 3818">
     <span class='ocr_line' id='line_1_40' title="bbox 960 3760 1012 3818; baseline 0.019 -1"><span class='ocrx_word' id='word_1_291' title='bbox 960 3760 1012 3818; x_wconf 74' lang='lat' dir='ltr'><em>w</em></span> 
     </span>
    </p>
   </div>
   <div class='ocr_carea' id='block_1_4' title="bbox 0 0 1292 3992">
    <p class='ocr_par' dir='ltr' id='par_1_9' title="bbox 0 0 1292 3992">
     <span class='ocr_line' id='line_1_41' title="bbox 0 0 1292 3992; baseline 0 0"><span class='ocrx_word' id='word_1_292' title='bbox 0 0 1292 3992; x_wconf 95' lang='lat' dir='ltr'> </span> 
     </span>
    </p>
   </div>
  </div>
 </body>
</html>
