2574 3994
488 305 575 349 niusa
596 303 713 349 carnus,
1018 299 1076 360 233

560 459 578 538 s
597 461 646 520 ur.

112 596 156 659 Oe
180 595 378 680 qualitatibus
396 595 429 656 in
448 593 650 676 promouendis
679 591 720 655 ud
740 593 912 675 Dr'pnitoter
930 595 974 658 vet
994 592 1086 673 utiu'a

415 690 610 754 ecclesiastico
624 691 786 774 requisitis.

155 835 225 894 tou.
248 832 283 892 ln
306 825 518 911 promovendis
541 825 579 888 ad
602 826 779 888 Praelatnras
801 825 891 890 etad
914 827 971 890 alia
993 827 1089 890 officia

116 921 316 984 ecclesiastica
328 924 388 978 tres
403 917 568 996 generatim
584 915 740 996 qualitates
754 919 771 976 a
784 934 851 996 cap.
870 915 943 980 Cium
958 917 990 977 ia
1004 937 1089 978 cunc·-

117 1013 195 1082 tis't,
209 1010 227 1089 ἓ
242 1014 270 1084 t,
286 1007 319 1068 dc
329 1006 361 1068 Ε
363 1005 429 1067 lect.
446 1006 650 1085 requiruntur,
662 1004 798 1066 videlicet
811 1007 909 1069 utatis
918 1008 1085 1076 maturitas.

115 1099 248 1184 pronitus
262 1115 390 1162 ructum.
406 1103 435 1155 et
447 1093 616 1154 litterarum
630 1093 751 1154 scientio
765 1114 777 1155 .·
796 1117 810 1154 a
830 1096 905 1157 Cium
929 1096 959 1157 in
974 1105 1090 1160 cuncus

119 1211 135 1250 o
157 1189 249 1250 sacris
270 1183 428 1248 ordinibus
449 1189 479 1244 et
498 1181 706 1244 ecclesiasticis
726 1182 899 1246 ministeriis
913 1185 973 1247 sint
993 1190 1090 1250 utatis

117 1301 133 1339 o
158 1277 334 1348 maturitas,
358 1273 491 1354 pravitas
519 1290 650 1346 morum,
675 1278 704 1331 et
729 1271 851 1334 scientio
879 1276 1088 1354 requirendae,

120 1393 135 1425 ι
158 1363 381 1429 multd'iortiirs
396 1362 427 1422 in
448 1361 617 1442 Episcopo,
637 1358 703 1420 haeo
723 1366 839 1440 oportet
859 1363 1013 1442 requiri.»
1038 1367 1090 1427 His

118 1456 237 1518 dotibus
257 1453 325 1516 duae
338 1452 404 1514 aiiae
413 1449 594 1528 adjiciuntur
607 1449 624 1508 it
639 1447 742 1509 Glossd
756 1465 866 1531 nempe
880 1450 961 1531 qudd
974 1471 1091 1532 pronao

118 1545 233 1607 vendas
246 1543 285 1605 sit
298 1541 429 1621 legitime
452 1545 557 1612 natus,
573 1543 603 1599 et
616 1535 697 1617 quod
711 1537 889 1600 constitutus
901 1539 939 1601 sit
953 1540 984 1600 in
1000 1544 1091 1604 sacris

118 1633 292 1707 ordinibus;
307 1630 346 1691 de
360 1628 454 1691 electo
468 1627 616 1708 Episcopo
632 1625 734 1687 Glossa
748 1625 890 1707 loquitur.
907 1629 981 1690 Vide
994 1629 1090 1694 adhuc

119 1724 210 1785 Gonc.
229 1718 377 1792 Trident,
394 1735 467 1778 sess.
484 1720 514 1790 7,
530 1733 558 1776 c.
577 1719 606 1790 i,
621 1713 655 1774 ua
668 1714 787 1795 reform.

157 1825 228 1881 467.
252 1854 291 1864 -
313 1821 342 1878 i⁰
364 1813 487 1878 AEtutis
504 1811 662 1874 ittuturitus
682 1832 692 1872 :
712 1814 771 1874 Pro
789 1833 982 1898 quocumque
1002 1819 1091 1882 bene-

120 1910 188 1972 ficio
223 1905 424 1970 ecclesiastico
452 1900 637 1978 obtinendo,
670 1899 709 1961 ad
736 1902 897 1966 minimum
929 1909 1091 1987 requiritur

117 2005 189 2062 retas
212 1997 284 2059 anni
311 1993 420 2056 decimi
445 1991 542 2071 quarti
562 1989 703 2050 inchoati.
738 1992 897 2069 «Nullus,
920 1995 1018 2076 inquit
1031 1997 1091 2060 Tri-

118 2109 134 2148 a
158 2087 240 2148 dent.
252 2087 335 2164 (sess.
352 2087 401 2158 23,
418 2099 444 2142 c.
457 2084 487 2154 6,
500 2079 533 2140 de
548 2077 699 2160 reform.)‚
710 2085 777 2140 ante
787 2079 940 2144 decimum
950 2094 1090 2165 quartum

118 2201 134 2238 n
159 2193 275 2239 annum
289 2171 471 2234 beneficium
484 2169 578 2250 possit
591 2168 736 2230 obtinere.
752 2191 817 2226 a—
832 2172 865 2230 In
879 2176 1091 2253 promovendis

119 2273 219 2329 autern
243 2263 280 2326 ad
303 2263 439 2342 regimen
459 2258 658 2339 paroeciarum
680 2257 875 2338 requiruntur
898 2264 935 2320 25
958 2266 1028 2324 anni
1053 2267 1089 2328 ad

119 2357 222 2418 minus
237 2351 379 2414 inchoati.
393 2352 435 2410 Ita
458 2366 524 2428 cap.
541 2345 625 2407 Licet
641 2349 694 2419 tu,
711 2345 745 2406 de
758 2345 921 2417 Electioue,
940 2350 970 2411 in
995 2357 1038 2428 6⁰,
1062 2363 1091 2416 et

120 2443 232 2506 Concil.
250 2442 399 2513 Tricent.‚
414 2455 487 2498 sess.
509 2440 540 2512 7,
565 2453 629 2514 cap.
647 2436 680 2510 33
704 2434 824 2497 atcirca
847 2435 905 2498 hoc
919 2446 989 2500 ncta
1009 2444 1090 2522 quiid

119 2552 156 2596 ex
174 2551 211 2595 eo
234 2529 315 2612 qudd
333 2527 421 2590 alicui
436 2543 579 2588 concessa
597 2522 685 2584 inerit
698 2521 880 2604 dispensatio
894 2545 984 2608 super
1005 2537 1092 2594 aetata

120 2619 353 2703 udreuptendos
361 2615 485 2702 ordines
495 2633 557 2676 non
572 2613 640 2674 ideo
649 2615 759 2693 pariter
770 2633 841 2676 cuin
852 2633 889 2678 eo
902 2615 1090 2700 dispensetur

120 2712 158 2774 ad
171 2707 380 2792 recipiendum
394 2703 562 2787 parochiale
576 2701 769 2764 beneficium.

159 2802 236 2862 Nota
250 2799 374 2877 insuper
388 2813 442 2876 pro
457 2793 551 2854 Gattit
563 2790 644 2872 quod
666 2791 723 2853 hoc
741 2809 804 2854 non
823 2793 860 2854 sit
877 2795 1090 2877 applicandum

120 2887 338 2951 succursalium
367 2881 618 2957 deservitonbus;
640 2881 711 2960 quia
737 2883 922 2946 succursales
943 2885 974 2946 in
998 2888 1089 2953 Gallia
1151 2937 1155 2946 .

122 2995 183 3040 non
198 2976 345 3038 habentur
359 2979 393 3034 ut
406 2969 552 3032 beneficia
564 2969 665 3030 stricte
679 2967 772 3046 dicta3
792 2977 844 3032 aut
864 2972 969 3034 saltem
983 2973 1021 3038 de
1034 2977 1087 3040 hor

1 3098 12 3117 ι
122 3083 183 3128 non
198 3065 275 3126 bene
289 3067 416 3140 constat.
433 3058 509 3120 Vide
519 3057 597 3120 inira
610 3057 738 3119 dicenda
752 3061 861 3140 (5377).

162 3155 207 3215 Ad
230 3153 395 3234 Dignitates
421 3155 453 3212 et
477 3147 802 3228 Personatus‚quibus
829 3169 901 3213 cura
921 3153 1092 3218 animarum

122 3263 183 3308 non
197 3243 378 3316 annectitur,
394 3244 432 3301 22
442 3237 512 3300 anni
528 3236 688 3317 completi,
711 3240 877 3318 praesertim
892 3241 921 3302 in
937 3243 1093 3306 Cathedra-

121 3333 198 3396 tibus
221 3333 433 3412 requiruntur3
453 3328 525 3389 dicit
545 3326 628 3386 enirn
651 3325 764 3388 Concil.
784 3327 907 3390 'trident
925 3350 932 3391 :
952 3353 968 3390 u
986 3335 1093 3408 Vipinti

119 3445 135 3482 a
158 3421 266 3483 duodus
274 3439 331 3480 aun
341 3417 484 3485 minores:
495 3438 510 3474 u
521 3419 663 3492 (sessui,
675 3433 702 3504 (ι.λ
721 3417 768 3486 id,
780 3415 814 3477 de
828 3418 960 3498 rasum.)
971 3422 1092 3500 qnando

119 3513 190 3574 arrd
214 3510 286 3592 ipsis
313 3507 414 3570 subest
440 3523 512 3566 cura
534 3507 720 3574 animarum,
740 3505 934 3584 requiruntur
956 3513 993 3567 25
1020 3513 1091 3573 snni

1 3619 2 3636 ³
120 3599 251 3663 inchoati
274 3599 322 3680 (V.
338 3597 375 3656 D.
398 3594 509 3671 Bonis,
529 3592 573 3654 lte
593 3593 707 3676 Cupit.²
730 3613 760 3674 p.
787 3598 862 3671 164,
884 3603 957 3672 etc,
974 3603 1002 3656 et
1017 3597 1092 3662 inira

120 3687 231 3767 sarar).
