2570 4006
202 183 260 248 386
332 223 335 229 =
406 189 669 243 uiauicn‘aonos
689 185 774 236 sunta
794 177 944 231 cauoutct.

205 314 532 384 intormattonesatc,
543 309 628 390 legit.
639 305 768 380 Deinde,
785 283 1155 373 rebeneperspeetaad-

206 410 372 470 mittuntur
385 400 595 467 consultores,
606 398 658 478 qui
673 396 705 456 in
721 393 794 456 outa
808 386 909 452 victua
922 392 1011 446 eraut
1021 395 1156 460 exspec-

206 506 319 568 tantes,
335 497 375 556 ab
391 493 491 572 iisque
503 501 610 552 votum
626 483 795 568 expetitur.

245 587 441 664 Eorumquae
458 580 582 643 decreta
599 583 675 640 sunt
689 575 724 636 tit
739 570 849 634 eodem
865 559 1034 630 dicrelatio
1049 555 1089 619 ad
1100 555 1158 616 Pa-

207 695 292 758 pain,
305 675 359 754 qui
369 673 445 735 huic
459 665 693 751 congregationi
709 681 770 725 non
788 657 924 730 assistit3
942 669 1005 734 quo
1019 649 1112 721 t'acto,
1123 651 1159 704 ut

209 763 381 847 uterinum
400 761 529 823 nominc
551 753 767 820 Cardiualiutn
791 749 952 812 decretutn
969 741 1071 800 aditui·
1097 735 1161 794 hac

209 856 308 918 t'ocnta
319 873 325 914 :
336 850 450 915 Ferte!
456 849 489 924 V,
497 849 545 910 die
556 845 702 909 mensis...
713 842 745 906 S.
761 834 957 918 Cooqreoott'o
969 829 1038 895 ΕΕ.
1051 834 1079 888 et
1092 825 1159 887 aa.

213 945 247 1006 S.
264 943 300 1004 R.
317 945 351 1005 d.
374 939 587 1002 Cordinotium
600 933 832 1015 ioquuitorum,
851 925 950 988 tacita
963 921 996 984 ic
1008 919 1164 982 Cone-outo

212 1034 232 1096 8
260 1031 368 1093 Mariae
381 1027 666 1109 ettprcMineruom,
688 1015 855 1102 prehabito
866 1022 932 1076 uoto
949 1011 1014 1074 un.
1035 1005 1165 1067 Consul·

213 1129 324 1190 torum‚
340 1119 423 1199 factet
442 1117 584 1179 relatione
596 1114 635 1174 cd
647 1109 712 1183 SS.,
725 1104 866 1188 presenti
881 1103 997 1164 decreto
1013 1097 1163 1168 declarat,

212 1188 1162 1271 atc.SedttottenonhabeturadSdtariantsupraitinervam.

244 1293 331 1357 Ferte
346 1293 382 1366 V,
392 1288 560 1352 celebratur
573 1283 694 1366 proprie
708 1280 786 1342 dicta
801 1287 831 1341 et
846 1275 1000 1338 definitiva
1012 1289 1180 1352 cottgrega-

205 1383 247 1444 tio
261 1378 464 1444 Ca1·dinatium
478 1393 580 1439 cocant
595 1374 674 1454 Papt
693 1371 724 1432 in
739 1367 851 1430 Palatio
872 1361 1054 1445 apostolico.
1074 1363 1110 1421 In
1126 1359 1182 1422 hoc

207 1491 283 1535 nova
307 1469 342 1531 iit
367 1487 466 1531 oausae
491 1463 616 1540 relatio,
650 1457 833 1540 quandoque
862 1450 1000 1516 admissis
1023 1447 1183 1512 Consulto·

207 1561 291 1622 cibus
300 1559 353 1640 qui
367 1557 484 1628 denuo,
496 1553 589 1615 relata
602 1556 631 1612 et
644 1547 780 1610 discussa
792 1546 896 1617 causi,
912 1538 1072 1614 accedunt;
1089 1547 1117 1599 et
1129 1555 1184 1600 sua

209 1647 349 1728 suffragia
363 1643 535 1706 Cardinales
549 1638 741 1719 exprimunt;
756 1635 866 1718 quibus
880 1628 1063 1714 ponderatis,
1078 1625 1184 1688 Ponti-

211 1732 258 1798 iex
273 1734 400 1796 tinatitec
410 1728 573 1804 concludit,
584 1733 614 1788 et
627 1733 700 1789 tunc
709 1723 802 1786 sertui
820 1724 980 1784 Decretum
994 1717 1051 1778 hac
1065 1715 1183 1776 torma:

211 1822 301 1886 Ferici
330 1820 362 1894 V,
388 1819 435 1882 die
460 1816 602 1879 mensis...
623 1815 655 1874 in
676 1811 811 1896 generali
835 1806 1065 1890 Cooqreyotioae
1079 1801 1116 1865 S.
1134 1805 1186 1865 Ro

212 1929 304 1972 monte
316 1917 346 1972 ot
367 1905 550 1972 Universolis
563 1901 780 1986 Inquisitioais,
795 1897 897 1961 tacito
910 1898 943 1958 in
958 1893 1077 1957 Palatio
1091 1894 1186 1974 Apos-

214 1998 299 2060 totico
312 2017 409 2060 eorum
422 1994 482 2058 88.
494 1993 534 2056 D.
549 1991 591 2054 N.
608 2010 642 2052 oc
655 1989 729 2052 ΕΕ.
745 1997 774 2051 et
788 1987 856 2052 BR.
872 1986 907 2050 S.
923 1985 962 2048 tt.
978 1983 1021 2046 Ε.
1038 1979 1187 2044 Cardine-

213 2087 289 2148 it'bus
304 2087 334 2148 iu
350 2085 410 2146 toto
425 2081 580 2164 Republica
600 2078 773 2141 Christiani
786 2085 887 2139 contro
901 2073 1066 2136 decreticum
1078 2069 1187 2152 pruvi-

216 2184 305 2238 tutem
329 2171 570 2258 inquisitoribus,
586 2168 646 2231 88.
664 2167 773 2246 Potor,
788 2165 899 2228 cuditis
913 2163 986 2226 votis
998 2159 1185 2230 eorumdem,

214 2265 320 2326 statuit
334 2283 368 2324 oo
380 2261 522 2336 decreuit,
536 2268 593 2322 etc.

259 2376 274 2412 a
295 2352 451 2434 Inquisitio
466 2353 616 2417 Romana,
634 2347 733 2428 inquit
746 2347 888 2425 mqueux
901 2340 945 2422 (n0
961 2343 1030 2416 too,
1046 2339 1077 2400 iu
1094 2338 1187 2420 stuc),

217 2443 285 2504 iicet
298 2447 473 2524 potestatem
485 2437 674 2518 judiciariam
688 2434 806 2508 habeat,
822 2435 857 2494 aa
871 2449 941 2494 cum
954 2433 1074 2492 summit
1089 2428 1190 2490 mode-

218 2532 332 2593 ratione
359 2530 450 2592 utitur
476 2546 484 2588 a
513 2525 551 2589 de
577 2525 661 2588 omni
687 2521 833 2586 catholica
860 2519 993 2583 Ecclesia
1023 2517 1190 2600 plurimum

218 2621 324 2681 inertia
344 2625 408 2696 est,
433 2616 494 2678 sive
519 2613 738 2696 sapientissima
759 2627 903 2693 responsa
923 2605 1191 2671 consultationibus

219 2707 407 2789 praestando,
423 2705 485 2767 sive
498 2721 615 2767 encres
634 2699 833 2782 insequendo.
846 2700 883 2760 V.
907 2698 1040 2778 Bergion,
1055 2693 1191 2759 Dieticn-

219 2795 320 2870 noire,
344 2801 399 2856 art.
421 2792 610 2875 quut'sitioa.
635 2793 796 2872 Perpetem
818 2785 1013 2850 contunditur
1034 2783 1191 2864 Inquisitio

220 2886 355 2945 Romana
382 2900 453 2944 cum
480 2881 665 2962 Hispanico,
690 2877 738 2942 oui
762 2875 884 2940 aliunde
911 2873 1062 2937 immerito
1089 2873 1192 2936 inultae

221 2972 390 3036 inferuntur
405 2969 646 3032 accusationes.»

262 3060 341 3121 Noto
355 3056 454 3139 quoad
472 3057 662 3138 inquisitores
676 3051 889 3136 particulares,
905 3049 1006 3132 quod,
1026 3049 1081 3112 etsi
1104 3053 1194 3134 Papae

223 3150 284 3212 sint
297 3147 441 3210 duntaxat
453 3143 579 3224 delegati
593 3190 600 3220 ,
616 3144 750 3224 ipsorum
766 3149 867 3203 tamen
878 3139 1057 3220 jurisdictio
1073 3147 1194 3204 mortuo

225 3240 320 3320 Papa,
333 3253 396 3298 non
410 3233 539 3315 expiret,
554 3233 645 3294 etiam
660 3251 691 3295 re
706 3232 821 3311 integat
831 3277 838 3306 ,
848 3229 918 3310 quia
929 3230 971 3291 sic
985 3229 1039 3291 tuit
1052 3231 1192 3312 expresse
1250 3299 1251 3308 χ

226 3325 373 3391 taccitum
389 3339 442 3404 per
456 3339 522 3401 cap.
541 3321 585 3382 Ne
602 3320 697 3402 aliqui
713 3324 762 3394 10,
778 3318 813 3380 de
831 3317 999 3389 Hieratiet'e,
1016 3317 1047 3379 in
1065 3321 1109 3380 6⁰.
1124 3319 1193 3381 cte·
1250 3309 1251 3330 ¹

227 3414 333 3478 tuentis
344 3415 394 3492 tv,
413 3430 494 3472 anno
511 3413 597 3470 tetii.
611 3409 733 3472 -vidc
753 3407 861 3485 Bouix,
877 3407 920 3468 De
937 3406 1029 3471 Curio
1044 3407 1188 3477 Romami,

228 3524 247 3584 p
278 3507 343 3566 154.
