2574 3994
505 231 591 280 aram
607 204 729 279 'antara
1044 215 1099 278 tat

165 345 181 384 a
206 325 237 388 Si
251 326 325 396 unio
339 323 561 388 laciendaassct
575 324 779 389 Seminario...
793 325 970 389 intervenire
980 324 1103 390 deberet

126 435 141 472 a
165 413 327 478 consilium
341 421 474 498 quatuor
487 413 712 496 deputatorum.

166 523 182 562 a
207 505 288 566 luter
299 522 352 567 cos
361 503 413 586 qui
422 503 533 566 citandi
544 508 722 566 sunt...non
730 501 995 585 comprehenditur
1005 508 1104 567 rector

126 614 142 651 a
166 591 304 656 benetlcii
326 592 472 656 uniendis
493 609 565 656 nam
578 593 650 656 ciam
676 591 751 656 unio
767 609 859 654 suum
879 591 1022 656 ellectum
1042 611 1104 656 non

95 719 97 722 -
126 701 141 741 a
167 679 307 746 habitura
331 681 370 744 sit
391 681 448 744 nisi
471 685 539 762 post
554 681 621 762 eius
640 686 771 744 mortem
792 679 861 760 (nisi
874 680 945 744 relit
957 679 1104 746 beneficio

127 789 143 828 a
169 769 370 852 renuntiare),
386 769 505 832 callum
519 769 546 831 ei
556 769 754 833 damnum...
771 767 910 833 infertur.

169 879 185 918 a
209 860 285 920 ttem
304 875 366 920 non
382 857 545 940 requiritur
558 876 724 922 consensus
739 857 848 939 plebia.
866 877 883 919 a
908 855 1019 940 (Boutr
1033 903 1044 938 ,
1060 857 1106 922 Dc

132 943 279 1020 Parocdo,
301 965 332 1030 p.
357 947 436 1029 286).
453 949 497 1008 Ex
510 947 623 1010 Concil.
638 945 771 1010 Trident.
787 948 871 1025 (sess.
888 951 924 1012 at
937 993 946 1026 ,
959 965 1028 1030 cap.
1057 950 1103 1024 dl:

129 1036 203 1098 unio
231 1033 296 1098 lieri
322 1033 412 1098 dehet
431 1035 495 1098 siue
513 1035 689 1118 prejudicio
715 1035 919 1100 obtinentium.
948 1037 983 1098 ln
1011 1035 1103 1100 (tellit

128 1121 294 1206 requiritur
315 1141 481 1188 consensus
494 1123 636 1188 Gubernii
649 1144 657 1185 2
670 1124 757 1204 juxta
777 1123 860 1186 enim
882 1122 1104 1190 Concordetum

130 1213 204 1363 {Elii
230 1213 524 1296 circumscriptiones
544 1212 756 1296 parochiarum
783 1212 973 1278 bGubernio
993 1231 1105 1298 appro-

151 1299 238 1364 andae
253 1307 334 1366 sunt.

170 1402 240 1462 362.
264 1400 386 1473 Quaerit.
401 1402 435 1464 3·
448 1399 527 1474 Ouid
547 1417 584 1464 cx
598 1397 732 1464 Concilio
743 1397 878 1464 uident.
893 1397 1011 1482 possint
1023 1397 1107 1486 Epis·

129 1489 200 1570 copi
214 1489 294 1552 circa
308 1487 458 1552 uniones?

169 1579 260 1658 Eesp.
281 1577 331 1640 Sic
353 1577 443 1640 hahet
456 1575 762 1641 ConciliumTrident.
779 1576 863 1658 (sess.
883 1577 946 1654 El,
969 1593 1036 1658 cap.
1053 1576 1102 1655 ὃ).

133 1685 151 1728 c
170 1665 290 1728 Possint
304 1664 459 1748 Episcopi,
480 1667 571 1728 etiam
582 1672 729 1748 tanquam
741 1665 918 1750 apostolica
933 1663 1019 1727 Sedis
1028 1663 1108 1728 dele,

128 1775 145 1814 n
171 1755 231 1836 gati
243 1801 251 1832 ,
264 1755 349 1835 iuxta
365 1753 495 1818 tormam
512 1754 608 1834 juris,
625 1754 690 1818 sine
714 1759 818 1819 tamen
841 1753 1015 1838 pchudicio
1028 1753 1106 1817 obti-

128 1843 327 1914 snentium,
358 1843 458 1906 locere
491 1843 619 1906 uniones
645 1851 808 1927 perpetuas
839 1859 1107 1926 quarumcumque

129 1951 146 1990 s
171 1931 374 1996 Ecclesiarum
397 1931 613 2014 parochialium
629 1939 660 1995 et
673 1932 920 2014 baptismalium,
933 1937 966 1993 et
977 1930 1108 1994 aliorum

129 2040 147 2084 r
172 2019 388 2084 beneficiorum
398 2025 573 2084 curatorum
588 2021 632 2084 rel
646 2037 709 2084 non
724 2027 921 2096 curatorum,
936 2035 1009 2084 cum
1022 2037 1108 2083 cura·

129 2130 146 2168 a
170 2109 223 2184 tis,
235 2117 357 2192 propter
371 2127 477 2172 earum
491 2113 718 2191 paupertatem,
734 2117 765 2171 et
778 2113 808 2170 'm
826 2110 942 2172 caetaris
956 2107 1075 2170 casibus
1089 2109 1106 2170 t

128 2218 146 2258 a
169 2197 238 2278 jure
252 2195 1108 2280 permissis,etiamsidlrtaeEcclesiaevelbeneficiaessant

128 2307 146 2346 n
172 2287 350 2370 generalitor
363 2286 409 2352 vel
424 2287 592 2370 specialiter
605 2292 769 2364 reservata,
780 2291 834 2348 aut
846 2285 1107 2368 qualitercumque

129 2396 146 2436 a
170 2375 286 2440 allecta.
304 2398 321 2437 a

170 2467 204 2528 ln
219 2465 352 2528 sessione
362 2463 434 2528 verb
451 2469 506 2540 at,
520 2483 588 2548 cap.
605 2467 643 2530 ta
655 2511 664 2541 ‚
677 2463 721 2528 sic
733 2461 855 2527 statuit:
876 2457 1044 2524 «Ecclesia
1057 2477 1108 2543 pn-

128 2574 146 2614 n
170 2553 316 2616 rochiales
334 2554 523 2616 monasteriis
541 2553 785 2635 quibuscumque
803 2556 858 2615 aut
880 2549 1035 2627 ltbbatiis,
1052 2567 1106 2613 seu

129 2663 146 2704 r
170 2642 387 2724 Dignitatibus,
412 2642 473 2706 sive
500 2642 669 2724 prebendis
694 2641 829 2706 ecclesia
853 2637 1036 2702 Gathedralis
1059 2639 1107 2702 vel

129 2751 146 2792 a
169 2731 357 2812 Collegiataa,
373 2731 434 2795 aire
445 2731 510 2794 aliis
523 2731 677 2794 beneflciis
691 2729 893 2814 simplicibus,
909 2735 961 2792 aut
973 2727 1106 2814 hospita-

129 2839 146 2882 ο
169 2819 249 2882 libus
262 2819 411 2882 militiisve
424 2839 486 2884 non
500 2821 643 2884 uniantur
654 2825 675 2883 ¹.
692 2842 709 2881 n

169 2919 239 2980 363.
262 2917 335 2980 Inda
353 2918 486 2981 Ferraria
508 2915 606 2996 (itia,
624 2929 658 2978 ῃ·
672 2919 721 2996 tta)
743 2915 897 2980 concludit
913 2913 996 2999 qudd
1015 2931 1106 2978 anon

128 3025 146 3068 a
169 3010 268 3088 potest
282 3005 447 3088 Episcopus
467 3007 554 3069 unire
576 3005 740 3069 Ecclesiam
753 3003 954 3088 parochialem
969 3003 1106 3086 Capitulo

127 3113 146 3158 a
169 3093 353 3158 Gathedralis
367 3095 408 3158 ob
420 3095 599 3158 tenuitatem
613 3095 847 3158 canonicatuum
856 3093 934 3158 ctob
943 3091 1104 3158 dilllculta·

128 3277 190 3330 dicit
201 3279 285 3346 plures
297 3279 438 3332 moniales
450 3281 550 3350 exigere
562 3281 592 3333 ad
604 3279 653 3333 boc
665 3287 784 3333 consuetu
792 3279 869 3332 linem
887 3277 1103 3333 immemorabilem

7 3357 9 3366 ’
129 3349 166 3400 tel
182 3351 404 3417 quadragenariam
421 3368 477 3404 cum
495 3353 576 3404 titulo.
588 3353 616 3404 2⁰
633 3352 658 3404 Si
676 3353 811 3420 capitulus
827 3358 953 3406 recusaret
965 3352 1104 3404 morentiae

128 3420 224 3488 absque
235 3421 377 3473 rationabili
389 3423 463 3476 eausa
476 3426 521 3488 (lle
534 3425 655 3491 Capitale,
668 3441 692 3491 p.
701 3425 767 3489 aet).

160 3495 168 3524 r
187 3491 222 3543 ilc
233 3493 368 3576 unionibus
381 3493 557 3547 beneficiorum
567 3495 743 3562 parochialium
754 3493 910 3578 monasteriis
921 3495 1006 3558 laclia,
1014 3493 1103 3545 riden-

130 3561 968 3700 lltlltlrlltls.liltltltabtttttitlltll'll
985 3563 1103 3630 „nul
