2506 3984
389 223 474 268 ursan
495 222 612 268 sarnus.
928 204 984 268 ddi

14 321 116 386 denda
126 330 195 388 sunt
207 323 326 386 tantiam
339 325 495 405 sequentia
508 322 688 404 verbaque
701 324 841 404 praesenti
854 323 987 386 materia

14 413 114 492 magis
127 419 298 494 congruunt
313 431 322 474 t
341 434 357 471 o
372 410 507 493 Capitula
519 411 590 473 verb
612 418 642 472 et
656 411 827 476 Conventus
840 411 987 474 Ecclesia·

14 523 29 558 n
57 519 125 562 rum
148 510 178 563 et
197 499 448 563 monasteriorum
471 499 621 580 ipsorum,
645 499 727 581 ipsos
744 499 859 582 absone
881 500 989 580 hujus-

14 611 30 648 »
57 589 139 651 modi
161 588 248 651 dictas
263 588 347 652 Sedis
367 587 471 650 litteris
485 589 664 670 recipientes
680 588 726 650 vel
742 588 917 652 obedientes
930 588 989 651 eis·

15 699 30 736 a
56 677 144 754 dem,
165 678 282 741 tamdiu
303 677 393 740 sintt
412 677 631 741 beneficiorum
651 695 776 740 suorum
797 677 984 760 perceptione

14 789 30 826 a
58 767 214 848 suspensi,
229 767 328 830 donec
341 785 431 850 super
449 767 507 830 hoc
520 765 658 846 ejusdem
679 765 764 830 Sedis
778 763 904 848 gratiam
924 783 984 829 mo

15 879 30 914 a
59 855 171 917 ruerint
185 855 332 918 obtinere.
355 878 371 916 a

59 946 130 1006 Haec
141 945 303 1008 Decretalis
315 965 370 1028 pro
381 947 449 1026 jure
462 945 619 1008 communi
632 944 759 1008 babetur
771 964 779 1007 ε
790 944 873 1009 mide
886 964 991 1010 caven-

14 1034 93 1096 dum
107 1040 161 1110 est,
176 1034 217 1096 sit
230 1035 397 1097 Leurenius
410 1052 459 1116 ap.
470 1035 507 1095 D.
520 1033 615 1096 Bouix
630 1033 698 1114 (ila,
715 1053 746 1116 p.
762 1036 842 1113 655),
855 1035 874 1097 la
887 1035 991 1117 paucis

14 1123 201 1204 quibusdam
214 1123 388 1186 auctoribus
401 1123 469 1204 qui,
484 1128 553 1184 ante
566 1127 702 1184 ostensas
717 1123 853 1204 Capitulo
866 1123 987 1199 litteras,

12 1212 256 1292 jurisdictionem
270 1211 419 1293 Episcopo
432 1210 610 1274 confirmato
624 1209 801 1273 attribuunt.

62 1305 149 1363 11282.
171 1301 307 1364 Diximus
325 1319 415 1383 supra
437 1301 591 1378 (sas-381)
606 1297 688 1382 qudd
710 1299 843 1378 electus,
858 1319 990 1382 praesen·

15 1395 98 1452 tatus
120 1395 171 1452 aut
193 1389 366 1452 nominatus
383 1388 422 1452 ad
439 1389 640 1471 prelaturam,
666 1387 750 1450 nullo
767 1387 854 1452 titulo
875 1390 990 1472 possit,

14 1480 134 1559 absque
162 1477 334 1561 privilegio,
362 1495 427 1541 sese
450 1479 587 1558 ingerere
609 1477 703 1559 ipsius
724 1475 991 1558 administrationi,

15 1575 90 1630 ante
118 1567 271 1630 obtentam
298 1568 315 1628 d
348 1569 380 1630 S.
408 1565 578 1648 Apostolica
595 1565 812 1628 institutionem
835 1585 843 1628 :
865 1568 992 1650 proinde

16 1655 190 1738 Capitulum
218 1661 248 1720 et
270 1656 406 1719 Vicarius
427 1654 603 1737 Capitularis
625 1654 769 1737 repellere
786 1659 822 1720 ut
840 1655 992 1721 intrusum

15 1745 163 1808 deberent
176 1763 248 1809 eum
262 1743 325 1828 qui,
338 1743 511 1807 nominatus
523 1744 641 1807 tantum
655 1745 672 1806 a
687 1743 851 1824 Cubemio,
865 1750 992 1810 tentaret

16 1833 246 1915 apprehendere
268 1834 508 1917 possessionem,
530 1839 564 1897 ut
587 1833 678 1896 talem
703 1851 826 1916 quoque
847 1833 992 1899 deberent

15 1923 198 1986 denuntiare
213 1923 339 2005 populo,
361 1929 391 1986 et
407 1941 473 1986 rem
486 1925 626 2005 prompte
639 1921 755 1986 deterre
768 1923 807 1985 ad
821 1923 852 1986 S.
869 1924 989 1988 Sedem.

16 2011 96 2074 Vide
109 2011 202 2075 Bouix
218 2012 293 2092 (id).

63 2103 150 2162 t283.
172 2101 294 2162 Cessare
316 2099 439 2180 insuper
452 2103 550 2180 potest
566 2098 733 2178 jurisdictio
749 2099 860 2162 Vicarii
875 2101 992 2184 Capitu-

16 2190 93 2253 laris
106 2209 159 2270 per
172 2189 265 2270 ipsius
278 2187 484 2250 dimissionem
499 2190 516 2249 a
530 2189 665 2268 Capitulo
688 2195 888 2268 acceptatam
904 2197 991 2254 tunc·

16 2297 84 2362 que
100 2277 209 2340 aliusa
232 2276 367 2358 Capitulo
384 2275 520 2359 deputari
543 2283 650 2358 potest.
673 2275 731 2339 Sed
749 2275 912 2358 ambigitur
934 2298 990 2356 an,

16 2385 93 2430 casu
113 2383 173 2449 quo
195 2366 297 2448 plures
316 2365 425 2428 Vicarii
447 2364 558 2427 fuerint
579 2363 731 2446 deputati,
746 2371 776 2427 et
797 2385 877 2428 unus
898 2385 933 2430 ex
948 2368 993 2430 eis

16 2457 192 2530 renuntiat,
215 2455 330 2518 caeteris
356 2454 593 2532 remanentibus,
616 2453 693 2516 alius
716 2453 806 2516 etiam
833 2454 864 2516 in
891 2456 992 2520 locum

15 2544 239 2622 renuntiantis,
254 2543 347 2626 possit
367 2545 385 2606 a
405 2543 540 2625 Capitulo
554 2543 726 2625 subrogarit
741 2542 870 2606 affirmat
888 2553 993 2610 sudor

19 2633 161 2700 Proeleet.
172 2631 207 2697 S.
216 2632 347 2716 sulpitii
360 2635 404 2712 (η’
416 2631 494 2712 185),
505 2651 578 2696 casu
589 2650 650 2714 quo
658 2632 722 2696 baec
729 2632 902 2714 subrogatio
911 2633 993 2698 bono

16 2724 161 2787 dioecesis
179 2722 348 2786 necessaria
366 2721 566 2800 existimatum
585 2721 672 2785 nobis
690 2727 793 2785 brnen
811 2722 911 2804 potius
924 2742 992 2787 am·

16 2811 181 2896 plectenda
202 2810 317 2873 videtur
333 2811 481 2874 sententia
495 2830 609 2892 negans
624 2832 631 2872 :
650 2811 722 2894 quia
739 2810 910 2892 Capitulum
930 2833 992 2878 non

16 2901 114 2968 habet
136 2903 187 2980 jus
212 2899 342 2982 eligendi
364 2900 513 2980 Vicarios‚
537 2901 595 2962 nisi
619 2901 651 2963 in
671 2899 790 2963 casibus
812 2899 921 2981 quibus
935 2902 992 2985 ipsi

20 2990 188 3054 devolvitur
209 2987 346 3052 dioecesis
369 2989 602 3067 administratio;
625 2987 708 3053 unde
740 2989 766 3054 si
788 2988 925 3052 vicarius
941 2997 993 3055 aut

23 3078 132 3142 vicarii
146 3078 319 3159 superstites
332 3075 582 3141 administrationi
595 3077 732 3141 dioecesis
745 3076 876 3160 impares
888 3077 992 3146 viden-

17 3177 85 3244 tur,
101 3167 139 3229 ad
152 3167 261 3230 Sedena
276 3165 478 3249 Apostolicam
492 3173 535 3229 est
548 3167 776 3230 recurrendum.

66 3261 154 3320 lasa.
170 3257 291 3329 Quaerit.
312 3257 344 3318 l⁰
358 3255 516 3329 Quomodo
531 3257 699 3338 Capitulum
713 3262 744 3320 et
756 3257 892 3322 Vioarius
906 3257 992 3342 Capi·

18 3346 129 3411 tularis
154 3351 312 3408 teneantur
338 3363 416 3408 novo
438 3345 586 3428 Episcopo
613 3347 761 3409 rationem
783 3345 908 3412 reddere
930 3365 993 3411 sua

18 3433 311 3502 administrationis?

65 3525 155 3604 ltesp.
172 3519 219 3583 Ad
231 3520 289 3583 hoc
301 3526 442 3583 tenentur
454 3520 544 3584 etiam
557 3521 615 3586 sub
628 3525 708 3604 gravi
725 3541 733 3584 ι
753 3543 769 3582 s
787 3522 879 3598 Quia,
896 3520 993 3604 inquit

20 3631 42 3678 a
64 3609 221 3676 Monaoclli
243 3609 300 3690 (ap.
327 3609 423 3672 Boaix
442 3608 532 3689 ibid,
554 3628 585 3692 p.
616 3613 698 3690 657),
718 3609 832 3676 Concil.
856 3609 990 3676 Trident.
