2588 3994
509 309 595 356 arsen
616 311 736 360 narnus.
1053 304 1105 364 ibt

130 423 146 461 a
172 401 263 487 pauci
284 409 353 464 aaut
379 423 459 465 cauis
479 403 519 465 ud
543 404 707 468 Ecclesiam
728 409 920 489 pertinentes,
947 410 979 473 in
1002 413 1107 494 qriibns

129 511 147 550 s
171 490 284 554 directe
296 490 344 554 uel
357 491 498 554 indirecte
509 513 564 576 per
582 514 627 556 eos
644 497 795 559 saeculares
809 499 1003 561 ecelesiastica
1011 500 1110 582 juris«

129 599 147 638 o
172 577 263 641 dictio
275 600 331 642 uon
343 580 477 644 turbetur
492 583 523 643 iu
537 582 660 646 detersis
673 585 776 647 mundi
784 589 960 668 pertidia...

172 689 187 725 n
213 669 303 731 Hisce
315 669 454 750 judicum
468 671 658 734 saecularium
679 675 803 736 ausibus
822 675 860 736 ab
877 677 964 738 initio
985 677 1110 740 obstite-

130 779 148 818 o
173 763 245 818 runt
260 759 472 836 Pontifices...;
488 759 540 822 sed
562 763 633 823 cirin
653 761 720 825 illos
740 766 757 824 a
779 765 934 848 proposito
957 765 1110 829 dimovere

130 868 147 903 n
173 848 375 928 nequiverint,
395 847 433 909 ad
454 849 592 912 evitanda
615 852 729 930 majora
743 852 843 930 mala,
864 853 1065 917 inolescentes
1079 855 1109 917 in

130 957 147 992 n
172 935 237 997 dies
251 943 356 998 contra
369 937 603 1000 ecclesiasticam
615 940 856 1018 iurisdictionem
874 943 1110 1006 eonsuetudines

131 1046 147 1082 n
172 1023 401 1088 dissimularunt
413 1031 444 1088 et
456 1028 642 1104 tolerarunt,
658 1036 688 1092 et
706 1031 925 1112 quandoque...
942 1031 1110 1095 consultius

130 1135 147 1174 o
172 1113 286 1176 duxere
300 1115 432 1198 idipsum
455 1117 611 1198 privilegio
625 1119 814 1201 principibus
828 1121 1011 1198 concedere,
1027 1121 1108 1203 quod

131 1225 147 1260 n
172 1208 294 1286 propria
308 1206 484 1270 auctoritate
495 1207 683 1288 jampridem
699 1209 755 1270 sibi
771 1214 967 1291 usurparunt.

173 1297 242 1354 273.
265 1317 281 1354 o
306 1297 373 1358 Jam
387 1297 458 1357 verb
471 1297 542 1358 obn]
557 1297 780 1378 desperandum
792 1299 855 1378 J'am
870 1301 908 1360 sit
923 1305 957 1360 ut
976 1301 1109 1362 Potestas

130 1406 146 1442 o
172 1384 326 1446 saecularis
340 1386 419 1446 intra
437 1387 616 1448 constitutos
635 1387 690 1448 sibi
705 1385 743 1448 ab
763 1387 889 1467 antiquo
909 1387 1020 1450 limites
1038 1407 1107 1450 con·

130 1495 146 1530 n
171 1473 260 1534 tineri
276 1473 417 1555 patiatur,
433 1475 642 1556 imprudenter
656 1481 758 1557 ageret
772 1477 952 1558 Episcopus
968 1477 992 1537 si
1008 1477 1039 1538 in
1054 1480 1107 1540 sud

130 1584 146 1620 n
172 1561 296 1643 Synodo
310 1559 422 1645 aliquid
432 1563 620 1641 decerneret,
632 1584 693 1646 quo
704 1565 946 1646 jurisdictionem
962 1565 1018 1626 sibi
1033 1565 1106 1628 olim

130 1673 146 1709 o
169 1651 238 1730 jure
271 1653 427 1715 communi
462 1653 636 1716 attributam
663 1673 843 1736 recuperare
870 1660 1015 1731 tentarem
1042 1674 1107 1718 rena

130 1764 146 1801 o
172 1741 196 1802 si
210 1741 334 1822 quidem
349 1741 564 1824 impossibilem
578 1743 801 1824 aggrederetur,
814 1751 843 1806 et
853 1745 918 1808 sine
933 1745 993 1808 ulla
1006 1746 1107 1808 Eccle-

128 1853 145 1892 o
171 1831 356 1892 siaeutiiitate
366 1831 492 1912 graviter
504 1831 584 1912 apud
594 1833 763 1914 Principem
774 1833 949 1896 offenderet.
961 1857 976 1892 n
989 1836 1103 1914 (abib).

171 1923 240 1981 274.
277 1921 346 1981 'Pria
368 1925 469 1982 tannen
498 1921 692 1983 commendat
713 1921 819 1984 doetus
850 1921 984 1984 Pontifex
1013 1921 1103 2003 (ib.):

135 2032 150 2067 a
173 2013 202 2070 1⁰
213 2011 257 2070 Ne
272 2010 413 2090 princeps
427 2009 578 2071 saecularis
592 2009 647 2071 sibi
662 2029 797 2091 unquam
814 2018 933 2091 arroget
939 2011 988 2088 jus
1003 2031 1106 2074 sacre-

128 2121 144 2156 o
172 2117 240 2159 runi
262 2119 269 2159 ι
290 2097 348 2160 hoc
370 2103 432 2175 est,
455 2117 530 2160 ne...
557 2118 588 2160 se
612 2099 781 2160 immisceat
801 2099 833 2161 in
862 2099 997 2160 causis...
1024 2103 1105 2163 nrerb

129 2209 145 2246 o
170 2187 413 2268 spiritualibus...
433 2191 465 2248 2⁰
481 2190 524 2248 Ne
539 2187 632 2266 judex
648 2187 741 2249 laicus
761 2205 828 2248 cani
849 2206 971 2267 quoque
989 2195 1105 2268 partem

127 2301 144 2337 o
170 2276 380 2340 ecclesiasticae
398 2275 616 2355 jurisdictionis
630 2275 751 2337 invadat
763 2294 831 2356 quae
845 2273 991 2335 hactenus
1004 2295 1105 2356 perse-

127 2389 144 2425 »
169 2361 1104 2444 xeratintaeta.'l¹amen...inbocnegoti0‚sunrniaprudentid,

128 2479 144 2515 o
170 2455 427 2536 circumpectione
438 2461 468 2516 et
481 2453 656 2516 dexteritate
670 2471 746 2534 opus
760 2458 841 2514 cst...
858 2456 889 2514 3⁰
904 2451 971 2525 Ubi,
983 2458 1035 2513 aut
1049 2455 1106 2533 pri-

127 2545 279 2626 nxilegio
305 2549 358 2606 aut
396 2543 529 2624 legitime
557 2542 795 2616 consuetudine,
826 2540 882 2604 fori
913 2540 1105 2605 ecclesiastici

128 2655 145 2694 u
169 2633 281 2695 limites
295 2633 373 2695 ultra
382 2633 459 2712 juris
473 2633 646 2694 communis
659 2636 831 2693 sanctiones
844 2628 977 2711 ampliati
996 2637 1103 2695 sunt...

128 2745 144 2782 o
169 2722 287 2785 curabit
308 2722 476 2803 Episcopus
511 2739 568 2798 ne,
593 2723 648 2784 sua
669 2719 786 2782 incuria
810 2723 864 2781 aut
887 2721 1103 2800 conniventia,

128 2833 144 2872 n
170 2812 396 2874 contrahantur.
416 2833 430 2870 o
449 2813 575 2890 (N013.)

169 2901 258 2963 Initio
269 2901 405 2980 ejusdem
419 2901 540 2982 capitis,
556 2899 679 2962 illustris
694 2897 832 2960 Pontifex
845 2899 930 2962 valde
944 2897 1104 2963 laudatve-

129 2991 190 3054 rias
212 2989 365 3072 synodos,
389 2991 421 3050 in
442 2989 552 3071 quibus
572 2990 692 3052 strenue
715 2988 877 3051 tuebantur
900 2989 1105 3052 immunitates

130 3081 340 3144 ecclesiastieae
359 3081 404 3156 in·
428 3082 467 3158 t).
490 3079 533 3140 De
556 3077 602 3138 bis
623 3076 782 3156 omnibus,
801 3078 862 3141 vid.
883 3081 920 3141 D.
943 3077 1056 3156 Radix,
1071 3079 1105 3140 de

132 3171 290 3252 Episcopo,
307 3174 330 3229 t.
348 3175 377 3245 2,
394 3187 462 3249 pag.
481 3169 624 3229 tea-115.

170 3264 240 3321 275.
267 3282 283 3317 n
297 3259 364 3321 Sive
378 3257 495 3327 divino,
509 3257 570 3317 sive
585 3255 719 3318 humano
732 3257 815 3336 jure,
831 3257 931 3339 iuquit
945 3257 1031 3319 Card.
1049 3260 1103 3324 So·

128 3373 144 3412 o
170 3349 230 3431 glia
239 3349 324 3425 (lost.
334 3345 419 3428 juris
428 3344 527 3427 pubb,
540 3345 837 3425 §supernaturali
852 3347 981 3427 exempti
994 3347 1105 3408 fuerint

130 3463 144 3498 n
168 3437 304 3517 (clerici).
326 3435 415 3518 Apud
435 3451 543 3496 ornnes
566 3441 682 3497 certum
704 3441 768 3512 est,
791 3454 859 3498 earn
883 3434 1105 3495 immunitatem

129 3551 144 3589 u
171 3527 300 3591 nectolii
314 3543 418 3610 posse,
429 3542 485 3586 nec
498 3525 684 3605 abrogari...;
697 3523 765 3586 iicet
774 3525 815 3604 (S.
829 3523 978 3598 Pontifex)
992 3521 1104 3600 optime

129 3641 145 3679 n
169 3619 265 3700 possit
285 3633 354 3679 earn
377 3613 600 3694 exemptionem
625 3613 725 3694 quoad
752 3611 899 3692 quosdam
929 3609 1053 3669 ciericos
1075 3616 1104 3668 et

130 3729 146 3769 n
170 3706 271 3788 quoad
280 3703 427 3788 quasdam
437 3719 542 3762 causas
551 3717 702 3762 revocare.
715 3719 731 3756 a
745 3699 813 3760 Vid.
830 3698 919 3758 etiarn
936 3694 1102 3770 neieina,
