2506 3984
198 255 257 318 596
415 261 551 306 aaronis
572 262 672 306 rorrus
691 241 774 308 ionis
794 260 941 307 canonici.

236 375 298 418 non
312 357 408 419 teneri
419 357 616 440 Episcopum,
627 356 763 420 absolute
774 358 939 438 loquendo,
952 356 1011 418 sibi
1020 355 1180 418 Vicarium

196 468 210 504 o
235 446 412 509 Generalem
423 447 616 512 constituere.
629 446 871 510 dliivolunteum
878 447 916 508 ad
924 445 953 507 id
961 445 1076 522 teneri,
1087 446 1180 507 ctiam

195 557 209 592 n
235 541 318 598 extra
336 553 442 598 casum
462 537 661 613 necessitatis;
677 536 727 598 alii
747 536 872 599 tandem
885 535 1083 617 distinguunt
1101 535 1180 596 inter

195 647 210 684 n
236 643 341 688 casum
366 644 429 707 quo
454 628 623 709 Episcopus
645 626 807 690 commoda
833 632 931 710 potest
958 643 1013 707 per
1039 625 1179 705 seipsum

196 737 212 773 o
236 715 339 778 omnia
353 715 523 778 Dioeceseos
535 716 656 798 negotia
668 715 822 798 expedire,
837 722 869 777 et
880 731 1061 796 casumque
1078 713 1109 775 id
1126 731 1175 776 nc·

196 826 210 862 a
236 803 352 887 quit...;
367 810 398 867 et
414 804 445 866 in
459 803 615 886 posteriori
635 803 814 887 hypothesi,
833 803 945 867 debere
962 803 1001 865 ab
1023 803 1180 886 Episcopo

197 913 211 951 n
237 893 379 956 constitui
400 893 553 956 Vicarium
576 895 772 972 Generalem,
797 913 859 957 non
882 901 983 957 autem
1006 893 1038 954 in
1062 891 1178 974 priori,

197 1006 211 1042 o
237 984 408 1045 sustinent..
425 984 654 1066 Rota...primae
663 985 819 1047 sententiae
828 981 1175 1046 constanteradlraesit.»

200 1073 282 1134 llanc
296 1073 387 1134 etiam
404 1073 612 1155 complectitur
626 1073 691 1155 ipse
704 1073 812 1150 Bouix,
828 1071 987 1135 statuendo
1004 1091 1012 1133 :
1028 1069 1179 1152 «Simpli-

196 1183 212 1220 o
236 1159 311 1224 citer
330 1179 393 1224 non
407 1161 502 1224 teneri
517 1162 548 1223 in
563 1161 626 1224 ullo
638 1181 711 1226 casu
725 1163 925 1244 Episcopum,
939 1161 993 1244 qui
1006 1160 1039 1223 in
1059 1159 1179 1222 diaecesi

197 1273 213 1310 o
235 1248 288 1312 sud
302 1251 417 1320 residet,
435 1251 588 1313 Vicarium
604 1252 782 1314 Generalem
795 1252 989 1328 constituere,
1003 1249 1064 1312 nisi
1078 1250 1140 1310 hoc
1153 1251 1177 1311 ei

197 1363 213 1400 a
237 1339 401 1422 iniunxerit
414 1339 571 1404 Pontificio
581 1343 754 1404 auctoritas.
770 1363 785 1400 o
803 1342 884 1404 Varii
898 1339 1069 1420 enimjuris
1080 1347 1179 1401 textus

198 1429 252 1511 qui
275 1430 306 1492 in
320 1431 506 1493 contrarium
521 1429 702 1507 afferuntur,
721 1429 759 1492 ad
779 1449 844 1493 rem
868 1447 930 1492 non
943 1428 1117 1512 pertinent,
1134 1429 1178 1490 rel

198 1519 370 1600 generalem
397 1537 459 1582 non
487 1519 630 1600 ingerunt
652 1519 883 1600 obligationem3
907 1517 1078 1601 capitulum
1107 1521 1179 1580 vero

197 1609 484 1683 laterculorum,
506 1607 667 1689 chsfieio
682 1607 780 1688 judie.
805 1607 939 1670 ardinor.
965 1613 1140 1669 extractum
1163 1613 1179 1668 ir

197 1697 311 1760 Concil.
327 1697 518 1759 Laterunensi
528 1699 578 1772 tv,
590 1696 713 1778 intelligi
726 1703 822 1778 potest
831 1695 869 1758 de
876 1695 1005 1778 simplici
1017 1695 1178 1778 Delepato,

198 1803 256 1848 nec
270 1784 396 1867 proinde
412 1784 518 1867 probat
531 1785 745 1866 obligationem
759 1785 918 1868 Episcopis
931 1783 1107 1867 impositam
1122 1785 1179 1847 eli-

198 1874 289 1955 gendi
303 1874 455 1936 Vicarium
469 1875 657 1937 Generalem.

239 1967 328 2026 tras.
351 1963 469 2025 Dictum
495 1961 551 2026 luit
574 1964 627 2046 qui
648 1964 680 2024 in
702 1963 817 2027 diecesi
835 1963 960 2040 residet;
982 1963 1072 2028 aliter
1094 1965 1179 2028 enim

198 2059 275 2116 esset
282 2051 739 2136 pronuntiandurndeEpiscopo
753 2071 815 2117 non
823 2053 973 2116 residente
985 2073 993 2115 ι
1003 2061 1082 2117 tunc
1094 2056 1179 2118 enim

9 2227 24 2235 ἢ
83 2207 85 2209 ,
198 2141 333 2206 Vicarius
346 2143 500 2204 Generalis
514 2151 591 2205 esset
606 2143 774 2206 necessarid
788 2143 1029 2220 constituendus,
1044 2143 1089 2206 ob
1107 2146 1177 2207 uni·

199 2239 288 2295 tatem
303 2231 469 2314 regiminis,
484 2237 515 2294 et
527 2233 696 2314 etiamquia
709 2232 1043 2315 tuncpossetappellari
1055 2234 1097 2296 de
1107 2253 1178 2296 sen-

198 2323 291 2384 tentis
304 2323 388 2383 mere
406 2320 540 2402 Delegali
554 2321 592 2384 ad
615 2321 816 2404 Episcopum,
841 2323 893 2404 qui
917 2323 1022 2403 utpote
1040 2323 1177 2402 absens,

199 2411 337 2493 nequiret
357 2409 532 2489 hujusmodi
552 2410 767 2492 appellationes
784 2410 937 2494 expedire.
957 2409 1034 2474 Vide
1056 2413 1177 2496 Bouin,

198 2499 243 2562 De
255 2499 368 2574 dudio,
382 2507 456 2561 tom.
474 2501 509 2576 1,
524 2518 556 2580 p.
570 2504 641 2563 109.

238 2593 327 2652 1156.
350 2587 454 2662 Ouoad
463 2587 586 2650 alteram
601 2592 925 2671 quaestionem,utrum
934 2595 1045 2676 nempe
1054 2597 1180 2679 Episco-

199 2697 256 2762 pus
277 2680 378 2761 plures
398 2678 533 2740 Vicarios
555 2679 715 2742 Generales
735 2681 829 2761 possit
849 2679 959 2744 habere
981 2683 1177 2751 :dicendum

198 2775 259 2832 est:
271 2773 301 2830 1ο
315 2774 432 2832 certum
445 2766 599 2849 essequod
613 2768 643 2829 in
652 2771 714 2830 und
726 2768 848 2832 dioecesi
855 2774 1049 2851 quantumvis
1058 2781 1175 2860 ampla,

198 2857 325 2920 unicum
345 2856 512 2938 Episcopus
534 2857 628 2938 possit
649 2855 760 2920 habere
784 2859 937 2922 vicarium
960 2863 1175 2930 Generalem:

199 2946 311 3028 quippe
324 2963 361 3007 cx
375 2944 464 3006 modd
476 2944 574 3021 dictis,
585 2945 676 3008 etiam
691 2946 810 3010 nullum
823 2949 1081 3030 teneturhabere;
1097 2959 1177 3020 exci-

200 3034 329 3117 piendus
341 3040 386 3096 est
405 3051 567 3115 casusque
581 3033 612 3096 in
625 3034 746 3098 dioecesi
759 3043 909 3100 exstarent
921 3039 1045 3104 diversae
1060 3043 1176 3126 linguas

199 3123 369 3204 diversique
388 3121 462 3184 ritus
476 3123 597 3205 populi;
612 3130 688 3187 tunc
701 3125 784 3188 enim
798 3145 854 3209 pro
874 3127 937 3191 istis
949 3131 1071 3212 populis
1084 3133 1178 3198 debet

199 3213 367 3295 Episcopus
380 3211 562 3276 constituere
582 3212 734 3276 Vicarium
756 3215 933 3279 Generalem
953 3219 1006 3301 qui
1023 3222 1062 3283 sit
1081 3225 1176 3288 etiam

200 3301 368 3384 Episcopus
391 3301 474 3383 (Cap.
497 3305 552 3379 11,
570 3301 617 3364 tit.
638 3305 694 3380 31,
716 3302 768 3368 lib.
791 3308 807 3367 1
828 3306 972 3386 liceret).
988 3308 1063 3373 Vide
1081 3331 1175 3396 supra

200 3389 452 3468 dissuendam).
936 3421 938 3428 ·

241 3481 330 3539 ll5'l.
352 3477 522 3541 Dicendum
535 3483 568 3542 2·
581 3498 644 3542 non
657 3483 841 3547 concordare
853 3485 917 3547 DD.
931 3487 1013 3550 circa
1030 3495 1177 3570 quaestio-

202 3583 284 3642 nem,
296 3583 335 3626 an
346 3565 513 3648 Episcopus
522 3568 835 3648 possitplureshabere
845 3573 980 3638 Vicarios
990 3577 1175 3646 Generales:

204 3669 265 3713 uon
280 3654 369 3735 pauci
383 3652 548 3730 affirmare
564 3661 677 3737 negant
683 3661 754 3720 vero
767 3660 828 3736 alii;
842 3664 999 3727 sententie
1012 3665 1177 3734 affirmanti
