2546 3992
196 113 256 176 490
417 127 556 174 aaronis
577 127 680 173 rorrus
699 125 782 172 runis
805 122 953 171 canonror.
1254 167 1255 204 p

195 249 210 284 a
236 225 417 308 praescriptis
444 228 460 286 'a
489 227 520 287 S.
550 224 664 286 Concil.
694 223 841 302 Trident,
871 241 944 285 sess.
969 226 1027 298 23,
1043 241 1112 303 cap.
1138 227 1177 294 t,

195 339 210 374 a
236 317 267 377 S.
283 315 379 395 Gong.
397 315 511 396 Episc.‚
529 318 564 376 tt
584 313 721 376 decemb.
747 317 866 376 tore.»
889 313 929 376 Ut
950 311 1050 374 statim
1064 311 1176 375 dicturi

195 421 301 466 sumus
315 422 351 465 ex
365 403 480 466 Concii.
496 401 630 465 Trident.
649 403 744 482 (885).
1254 421 1255 480 i

235 497 305 555 885.
328 491 450 565 Ouaerit.
475 496 505 554 1⁰
531 495 577 552 An
602 509 759 574 nunquam
788 490 875 554 liceat
906 490 1063 571 Episcopis
1081 491 1099 551 tr
1120 491 1178 552 sua

196 579 317 644 dioecesi
331 581 457 644 abessa?

237 671 328 752 Resp.
355 693 370 730 r
393 670 561 748 Quoniam,
586 670 686 752 inquit
705 669 819 732 Concil.
848 669 984 731 Trident.
1007 669 1092 746 (sess.
1112 672 1177 746 23,

198 783 212 816 a
236 778 303 840 cap.
321 761 366 836 i),
383 759 436 840 qui
459 759 674 840 aliquantisper
693 761 812 820 tantiam
834 758 960 834 absunt,
985 775 1023 820 ex
1036 762 1177 819 veterum

197 871 211 905 n
236 865 389 910 canonum
397 849 628 924 sententiamon
637 846 776 910 videntur
784 847 926 909 abesse...
938 848 1021 908 Sacr.
1034 845 1179 925 synodus

198 961 211 993 a
236 936 299 999 vuit
320 934 395 998 iliud
418 935 561 998 absentiae
583 935 735 1018 spatium,
751 934 878 1017 singulis
898 935 1007 1011 annis,
1022 933 1084 996 sive
1101 953 1179 997 con-

198 1049 212 1080 »
238 1027 359 1087 tinuum
373 1025 434 1087 sive
448 1023 668 1106 interruptum,
692 1023 776 1087 nulio
798 1030 884 1105 pacto
898 1023 1009 1087 debere
1027 1023 1105 1086 duos
1124 1029 1181 1086 aut

199 1135 212 1164 n
238 1111 276 1174 ad
290 1130 446 1176 summum
456 1119 515 1176 tres
530 1131 650 1176 menses
664 1113 828 1189 excedere3
844 1119 873 1174 et
888 1111 990 1174 haberi
1005 1112 1178 1190 rationem,

199 1227 212 1257 υ
239 1207 272 1264 ut
295 1201 325 1263 id
346 1205 434 1284 aequa
456 1222 493 1265 ex
514 1207 605 1266 causa
619 1201 681 1279 fiat,
698 1208 728 1264 et
746 1201 860 1284 absque
879 1201 942 1264 ullo
963 1201 1064 1284 gregis
1083 1201 1181 1264 detri-

200 1315 214 1348 ι)
241 1297 362 1354 mento:
379 1292 461 1373 quod
482 1311 521 1354 an
539 1293 578 1354 ita
596 1292 653 1366 sit,
678 1291 906 1354 abscedentium
919 1292 1114 1354 conscientian
1130 1309 1182 1354 ne-

200 1405 214 1438 η
240 1380 400 1463 linquit...
416 1381 546 1444 Eosdem
562 1380 681 1444 interim
695 1381 838 1444 admonet
856 1387 887 1444 et
908 1381 940 1442 in
961 1380 1092 1442 Domino
1106 1379 1182 1444 hor·
1256 1385 1257 1434 t

201 1495 215 1529 n
241 1476 329 1538 tatur.
338 1475 372 1533 ut
382 1490 436 1552 per
446 1471 526 1534 iiiius
535 1470 679 1551 temporis
689 1468 1181 1552 spatiumDominicisAdventus,

202 1584 215 1617 n
241 1559 494 1642 Quadragesimae,
510 1560 686 1636 Natiuitatis,
702 1557 1081 1631 Resurrectionisliomini‚
1098 1561 1182 1620 Pen-

201 1674 216 1708 »
240 1655 384 1726 tecostes,
399 1649 470 1711 item
484 1655 514 1712 et
534 1649 674 1730 Corporis
687 1647 793 1711 Christi
816 1648 939 1725 diebus,
960 1645 1072 1730 quibus
1093 1647 1183 1712 retici

202 1761 217 1796 a
243 1737 373 1800 maxime
387 1739 461 1800 etin
476 1738 607 1800 Domino
627 1737 758 1820 gaudere
776 1737 907 1800 Pastoris
929 1737 1089 1819 praesentia
1108 1755 1185 1800 oves

202 1849 217 1884 a
242 1825 381 1896 debeant,
393 1825 449 1906 ipsi
463 1825 501 1888 ab
515 1825 648 1888 Eooiesit
662 1829 717 1889 sut
728 1824 960 1889 cathedraliuiio
970 1823 1182 1906 pactoabsint,

203 1937 217 1973 a
243 1913 299 1976 nisi
315 1915 496 1996 episcopalia
509 1916 614 1977 munia
624 1916 656 1978 in
666 1917 722 1978 sut
736 1914 855 1978 dioeccsi
871 1933 923 1978 eos
937 1914 995 1977 aiio
1009 1920 1148 1978 avocent.
1164 1939 1180 1976 a

243 2007 312 2066 886.
336 2004 464 2067 Licitum
475 2011 521 2068 est
533 2021 606 2086 ergo
619 2005 802 2086 Episcopisa
813 2005 874 2066 suis
883 2003 1064 2068 dioecesibus
1074 2003 1186 2068 abesse

204 2111 258 2175 per
269 2091 348 2156 duos
362 2093 407 2155 vet
422 2093 460 2156 ad
469 2111 626 2156 summum
636 2101 697 2156 tres
708 2111 845 2169 menses;
858 2092 909 2155 sed
923 2091 996 2154 ittud
1011 2111 1072 2156 non
1083 2099 1187 2173 potest

205 2183 269 2246 tieri
285 2183 340 2245 nisi
356 2204 394 2246 eu
407 2183 487 2264 requei
500 2183 586 2245 consti
600 2191 629 2245 et
642 2182 747 2265 absque
761 2181 824 2244 ullo
837 2181 937 2263 propia
950 2180 1139 2244 detrimento.

249 2295 264 2332 o
285 2273 400 2345 Quibus
414 2273 522 2344 verbis,
539 2273 638 2355 inquit
651 2271 765 2334 Bened.
782 2273 859 2346 XIV,
878 2269 1021 2333 ButiaAd
1033 2271 1184 2350 universa,

206 2385 221 2422 a
245 2365 277 2426 3⁰
291 2365 392 2425 Nonas
405 2362 575 2424 decembris
589 2365 682 2438 1746,
697 2361 792 2422 animi
810 2360 931 2432 leuitas,
947 2359 1186 2424 oblectationum

206 2476 221 2512 a
246 2453 412 2534 cupiditas,
437 2451 563 2533 aliaeque
586 2450 685 2513 futiles
707 2468 805 2512 causae
828 2448 1041 2512 excluduntur.
1062 2471 1080 2510 n
1106 2451 1187 2514 Vide

206 2543 297 2605 etiam
311 2541 464 2622 Encycl.3
479 2541 546 2602 deo.
563 2543 653 2616 1740,
672 2537 730 2603 Ubi
740 2539 881 2621 primam.

247 2631 358 2694 Dicunt
378 2631 449 2692 vero
472 2629 653 2710 itoncagtia‚
679 2627 764 2690 Eibel
788 2647 858 2691 cum
880 2629 1013 2692 Barbost
1039 2635 1071 2692 et
1095 2628 1186 2707 aliis,

213 2720 391 2784 «Sufficerc
414 2739 471 2802 pro
485 2719 538 2782 tati
559 2717 695 2781 absentia
722 2717 912 2796 excusanda,
935 2737 1059 2782 causam
1092 2719 1187 2782 etiam

209 2833 223 2868 a
249 2809 401 2872 relaxandi
421 2809 574 2885 animum,
599 2808 646 2870 vel
672 2807 914 2888 consanguineos
931 2813 984 2870 aut
1005 2809 1119 2869 amieos
1133 2807 1188 2868 in-

210 2922 224 2956 »
250 2899 375 2960 visendi.
394 2901 534 2960 Attamen
548 2897 692 2959 Patous...
709 2899 881 2976 vasquez...
897 2914 968 2958 cum
981 2897 1064 2972 aliis,
1080 2896 1188 2958 dicunt

211 3012 225 3046 n
250 2986 388 3069 praetatas
401 3005 507 3048 causas
521 3004 583 3048 non
598 2985 745 3060 sufficere,
763 2986 819 3048 nisi
830 2984 906 3048 torte
920 2985 958 3046 ad
972 3003 1121 3061 mensem,
1132 2986 1188 3066 qui
1258 2987 1259 2992 ’

212 3101 226 3134 a
251 3079 352 3138 revera
373 3075 450 3138 beno
473 3075 544 3136 satis
562 3074 663 3137 estad
683 3075 818 3136 animum
842 3073 1060 3150 relaxandum3
1081 3073 1189 3137 dunat

212 3189 226 3224 a
251 3183 396 3228 converso
415 3164 634 3226 concilium...
658 3183 713 3246 pro
734 3163 912 3226 sutticientit
934 3181 1033 3226 causae
1052 3182 1187 3244 aequae...

213 3279 227 3312 n
252 3254 375 3316 remittit
389 3253 580 3316 conscientiis
591 3254 827 3335 Episcoporum,
846 3260 875 3315 et
889 3251 995 3314 sedulo
1010 3259 1133 3326 monet,
1149 3271 1191 3314 ne

213 3367 227 3404 a
253 3340 1188 3424 satutispericutoobhocsecommioant.»s.Ltg.‚t.a,n⁰raa.

254 3437 321 3496 887.
347 3435 405 3494 Pro
414 3431 556 3493 trimestri
570 3431 710 3492 absentio
723 3431 862 3514 Episcopi
874 3449 936 3494 non
951 3430 1088 3514 indigent
1101 3429 1193 3492 licen-

215 3525 255 3586 tia
278 3523 308 3584 S.
335 3519 430 3584 Sedis.
455 3520 559 3582 Plures
578 3537 666 3580 casus
688 3519 768 3580 circa
787 3519 909 3586 illorum
931 3520 1024 3581 trium
1039 3519 1192 3582 mensium
