2570 4006
489 261 714 320 emmeramus,
1021 261 1081 328 tta

109 381 171 428 non
182 367 343 451 recipiendi
357 370 485 433 Nuntios
499 379 677 437 ceterarum
692 375 828 456 gentium
843 378 899 441 nisi
914 399 985 446 oum
999 384 1088 448 certia

109 454 353 536 conditionibus;
371 466 489 540 ergoet
505 461 585 524 idem
598 462 658 525 diei
673 471 771 546 potest
783 467 821 529 de
835 469 953 551 Legatis
963 473 994 534 S.
1012 465 1089 535 Pon·

2 595 3 606 2
108 541 207 606 uncis.
224 549 355 609 -Nam
377 549 484 629 ingens
505 555 551 611 est
571 550 733 615 discrimen
758 556 836 618 inter
856 559 888 622 S.
912 561 1087 625 Pontificem

2 657 3 692 1
111 636 140 692 et
154 632 229 695 alios
243 635 394 718 principes
409 643 460 699 aut
480 646 584 719 gentes
605 660 612 700 :
628 641 730 705 nutius
744 645 826 706 enim
841 646 980 730 princeps
996 669 1088 714 secu·

2 743 3 750 ,
70 793 72 798 Α
110 717 192 796 laris,
207 726 401 804 quantumvis
410 733 528 808 potens,
539 729 620 790 nulia
631 737 676 792 est
690 751 765 813 gens
775 734 805 794 in
815 739 970 818 terraque
980 737 1085 802 habeat

110 805 279 874 Primatum
289 813 506 892 jurisdictionis
521 816 599 880 sicut
611 817 701 886 hebet
715 823 795 902 Papa
809 823 840 885 in
855 825 1007 904 subjectos
1018 829 1087 890 atio

108 911 177 957 rum
199 901 383 984 principum.
412 906 513 986 Ergo,
536 924 572 968 ex
594 907 663 986 jure
685 927 748 971 non
771 911 935 994 recipiendi
961 915 1087 997 Legatos

108 983 237 1050 eliorum
260 990 498 1071 guberniorum,
516 995 656 1058 concludi
681 1015 743 1060 non
760 1005 859 1081 potest
880 1001 985 1066 adesse
1005 1004 1086 1068 idem

104 1072 155 1150 ius
169 1079 270 1156 quoad
285 1081 410 1162 Legatos
424 1083 456 1144 S.
472 1084 636 1146 Pontificis.
648 1087 685 1148 V.
700 1087 788 1150 Gard.
804 1089 916 1172 chlia,
930 1092 1004 1155 lest.
1014 1093 1083 1174 jur.

103 1161 231 1241 publici,
246 1166 265 1241 ᾖ
278 1170 336 1241 3“Ι;
353 1176 382 1230 et
397 1171 503 1244 Bouin,
520 1172 564 1234 De
580 1173 672 1235 certe
687 1175 832 1252 Romami,
848 1199 879 1253 p.
896 1181 1041 1246 cat-626.

153 1247 224 1306 att.
248 1246 369 1317 Quaerit.
393 1251 428 1310 5⁰
446 1249 607 1322 Quomodo
627 1261 724 1316 cesset
738 1255 918 1336 Legatomm
932 1265 1082 1331 odicium?

112 1332 205 1410 Eesp.
224 1353 240 1391 e
260 1335 362 1395 Cesset
376 1343 507 1415 quatuor
532 1338 667 1404 modis...
690 1362 698 1404 ε
722 1348 755 1405 1⁰
770 1363 823 1426 per
843 1357 971 1414 inertem
990 1356 1083 1436 ipsius

112 1439 127 1475 n
144 1419 256 1497 Legati.
269 1422 293 1482 si
301 1423 423 1503 Legatin
430 1423 655 1506 tuitpersonatis
661 1448 670 1505 ;
681 1435 777 1512 aper
784 1436 997 1517 expietumsibi
1009 1464 1082 1524 pra-

111 1505 205 1569 fluum
220 1515 350 1592 tempus,
364 1512 389 1575 si
405 1513 534 1595 Legatus
547 1514 603 1579 tuit
618 1517 785 1585 destinatus
797 1525 836 1586 ad
852 1531 1079 1600 terminandum

110 1600 263 1660 »tantine
291 1606 579 1686 tempus...;3⁰per
606 1626 762 1689 egressum
790 1611 846 1693 ipsi
873 1614 890 1677 d
918 1620 1072 1689 Provincia

112 1703 199 1749 »seu
227 1687 390 1753 Provinciis
410 1692 467 1756 sibi
493 1695 675 1774 commissis,
697 1701 801 1764 animo
822 1718 885 1768 uon
907 1707 1071 1788 redeunde

108 1793 123 1831 a
146 1779 180 1836 4⁰
194 1795 246 1854 per
259 1777 396 1860 eiusdem
411 1783 510 1865 Legati
521 1787 745 1852 revocationem
759 1789 1028 1875 stupefactam...
1051 1827 1066 1866 a

105 1882 119 1920 ι
137 1861 271 1928 Ferraria
284 1878 315 1930 vt
329 1868 465 1947 deputas,
481 1882 514 1934 n⁰
528 1877 579 1939 52.

485 1984 640 2044 tuncrum
659 1987 689 2044 u.

100 2097 138 2144 aa
160 2097 302 2160 maanus,
325 2098 490 2144 sanareris
510 2097 546 2142 aa
567 2096 773 2144 conmissurus
791 2093 988 2162 trosroucrs,
1012 2105 1074 2150 arc.

141 2215 211 2273 ate.
235 2211 357 2284 Quaerit.
376 2215 406 2273 t⁰
423 2211 501 2284 Otud
515 2211 577 2274 sint
589 2213 699 2274 Viearii
716 2213 903 2295 Apostolici?

141 2301 232 2378 Resp.
258 2301 356 2382 Supra
375 2299 507 2363 diximus
527 2300 609 2382 quod
632 2301 663 2362 in
679 2302 783 2383 primis
796 2301 939 2365 Ecclesiae
961 2306 1079 2367 seculis

101 2388 164 2451 tere
178 2387 258 2451 idem
273 2389 383 2452 fuerint
396 2407 432 2452 ac
446 2389 551 2470 Lepoti
568 2390 634 2450 nati
646 2393 731 2468 (803.
749 2392 831 2468 807).

144 2477 202 2542 Sed
218 2477 306 2540 hodie
319 2479 358 2540 ab
377 2478 413 2540 iis
426 2479 559 2544 muttum
572 2477 756 2561 discrepent;
777 2499 861 2544 nunc
873 2481 955 2544 enim
970 2482 1077 2546 Vicerii

103 2567 265 2648 Apostotiei
289 2575 360 2631 sunt
380 2568 423 2630 ilii
441 2568 552 2650 quibus
572 2571 603 2631 S.
629 2569 765 2632 Pontifex
787 2570 914 2651 atiquus
937 2572 1078 2636 Ecclesia

101 2673 205 2718 curam
225 2657 406 2738 pastoratem
429 2659 609 2735 committit,
624 2663 660 2721 ut
673 2659 755 2721 iliam
773 2678 835 2722 non
849 2679 905 2723 suo
919 2659 971 2724 sed
989 2664 1078 2745 Papae

99 2746 224 2808 nomine
247 2751 425 2824 exerceant,
445 2767 461 2806 r
481 2746 557 2824 sive,
580 2746 678 2829 inquit
698 2749 801 2810 Devoti
821 2749 888 2828 (lib.
917 2754 951 2828 t,
971 2750 1015 2813 tit.
1041 2755 1077 2830 3,

100 2853 116 2889 n
140 2841 211 2895 sect.
227 2838 257 2912 9,
272 2835 290 2915 ξ
302 2836 363 2912 86),
377 2838 449 2898 ciam
464 2841 562 2898 metus
576 2844 668 2898 estne
680 2835 793 2898 diutius
807 2837 941 2901 Ecclesia
955 2839 1078 2904 Pastore

100 2948 115 2984 n
143 2929 264 3001 careat,
290 2923 350 2987 sire
370 2925 442 2987 ciam
470 2924 571 2987 turbas
595 2929 626 2986 et
652 2923 774 2986 dissidia
799 2925 862 2989 tore
898 2929 1080 3010 prospicitur

103 3035 116 3078 e
140 3013 173 3076 in
203 3011 309 3075 vicarii
336 3013 514 3096 capitularis
539 3011 709 3089 electione,
735 3013 783 3077 vet
814 3017 886 3079 cum
911 3017 1079 3102 Episcopus

103 3123 118 3163 ι
141 3101 226 3165 senio
247 3106 299 3163 aut
312 3099 369 3163 atta
386 3101 424 3164 de
443 3105 534 3164 causa
554 3118 645 3165 suum
659 3103 739 3166 recte
760 3121 873 3168 munus
887 3125 991 3186 gerere
1015 3127 1078 3172 non
1097 3107 1099 3116 '

2 3249 3 3252 ,
102 3215 116 3249 n
142 3196 258 3273 potest,
277 3189 323 3250 vel
344 3189 467 3252 demum
483 3192 555 3252 cirm
578 3189 744 3273 Episcopus
762 3191 800 3254 ab
820 3193 1078 3261 administratione

102 3303 117 3339 n
143 3277 353 3361 suspenditur,
374 3285 426 3340 aut
444 3279 535 3340 etiam
549 3288 730 3342 removetur.
754 3281 914 3360 Eligantur
935 3293 1037 3347 autem
1058 3287 1076 3351 ii

101 3391 115 3428 n
140 3367 248 3430 vicarii
271 3365 423 3429 interdum
450 3385 523 3430 cum
546 3373 697 3430 caractere
719 3369 908 3454 Episcopati,
934 3381 1024 3455 atque
1046 3375 1077 3438 hi

9 3499 13 3516 ,
101 3481 115 3517 n
142 3463 282 3519 creantur
296 3455 437 3538 Episcopi
451 3457 483 3517 r'n
498 3455 637 3540 partitae
650 3455 834 3539 infidelium·
848 3459 998 3524 interdum
1012 3463 1092 3527 sind·

6 3532 15 3628 Ι
101 3570 115 3605 n
140 3545 198 3608 hoc
216 3553 377 3608 caractere.
393 3547 506 3608 Forum
519 3545 592 3611 vero
605 3551 737 3630 potestas
751 3549 902 3612 noscenda
915 3553 1007 3613 estex
1021 3553 1078 3614 Lit-

1 3641 10 3712 ,'
100 3653 115 3696 a
140 3633 211 3697 teris
227 3633 426 3714 Apostctiois,
446 3635 558 3715 quibus
574 3652 666 3698 auum
688 3633 821 3698 officium
843 3645 1035 3719 acceperunt
1056 3661 1075 3699 ι
