2574 3994
169 308 228 372 262
390 321 527 370 urrunnu
547 319 628 367 rums
647 319 749 366 nonos
771 312 924 368 rarenter.

169 447 184 484 a
208 426 255 487 vel
267 423 379 504 futuris
392 421 494 484 delent
505 417 710 482 successoribu
720 417 867 480 reservari
876 415 1038 498 (Episcopi)
1052 434 1141 481 occu·

169 535 185 574 a
209 531 298 594 pare,
314 519 364 574 aut
387 511 419 572 in
433 528 506 573 usus
528 525 599 572 suos
618 513 792 569 convertere
814 505 1030 588 quoquomodo
1051 507 1146 588 (noni

168 624 184 665 r
209 608 403 684 praesumant.
420 599 482 661 Nisi
497 597 535 660 de
549 597 669 678 speciali
684 594 840 677 privilegio
860 595 906 656 vel
919 593 1141 658 consuetudine

168 713 184 753 a
206 691 268 770 jam
282 689 456 772 prescripta
470 686 617 768 legitime,
637 703 691 747 seu
705 684 763 748 alia
776 686 867 746 causa
880 683 1066 755 rationabili,
1082 683 1142 746 hoc

168 803 184 841 n
208 779 321 842 eisdem
343 783 515 859 competere
528 775 760 854 dignoscatur...
775 773 833 837 Ubi
848 791 884 834 ex
905 771 1079 852 privilegio,
1094 773 1142 835 vel

168 892 184 931 a
207 867 428 932 consuetudine
442 883 496 927 seu
516 864 573 926 alia
593 863 631 924 de
648 863 740 926 causa
759 860 944 936 rationabili,
960 860 1016 922 sibi
1032 860 1144 944 aliquis

164 977 183 1017 s
208 957 420 1040 praedictorum
443 954 547 1016 asserit
565 951 645 1014 bona
661 957 834 1032 competere
854 948 1010 1031 praedicta,
1026 947 1083 1011 hoc
1102 949 1142 1014 de

167 1071 185 1112 a
208 1047 267 1108 illis
287 1045 375 1106 bonis
388 1043 487 1106 soltrm
501 1041 590 1104 debet
599 1039 724 1120 intelligi
737 1087 745 1116 ‚
761 1057 844 1120 quae,
857 1038 962 1100 solutis
974 1035 1100 1115 debitis,
1115 1039 1142 1101 si

172 1153 187 1200 a
208 1155 266 1216 qua
290 1135 369 1210 sint,
384 1131 474 1196 ethis
488 1129 681 1214 quaefuerint
695 1127 931 1208 neccssariapro
950 1127 1143 1190 servitoribus

167 1247 183 1283 a
208 1231 238 1286 et
252 1223 398 1284 ministris
417 1240 453 1284 ac
466 1218 714 1283 incumbentibus
727 1215 872 1280 oneribus
885 1233 982 1298 usque
996 1214 1035 1278 ad
1048 1233 1143 1278 novos

169 1313 343 1376 »redditus
374 1308 587 1393 supportandis
620 1307 754 1388 congrue
785 1304 966 1382 reservatis,
1000 1321 1040 1368 ex
1068 1303 1143 1386 ipsis

169 1424 183 1462 n
208 1413 325 1484 reperta
339 1399 451 1464 luerint
464 1415 632 1481 superesse.
648 1419 663 1454 a

208 1496 279 1554 535.
302 1491 423 1562 Quaerit.
436 1493 469 1552 8⁰
479 1485 637 1560 Quomodo
645 1485 761 1547 fructus
769 1479 908 1545 beneficii
921 1481 982 1542 sint
989 1479 1142 1544 dividendi

170 1584 246 1644 inter
260 1581 392 1661 primum
407 1578 573 1650 titularem,
588 1574 765 1636 translatum
780 1579 831 1634 aut
844 1571 1046 1650 resignantem
1058 1618 1067 1647 ,
1077 1580 1140 1650 aut,

170 1672 192 1732 si
208 1671 368 1732 defunctus
389 1667 495 1744 luerit,
511 1665 589 1726 inter
602 1663 696 1744 ipsius
713 1659 849 1723 haeredes
857 1703 868 1734 ,
884 1665 916 1721 et
936 1676 1142 1723 successorem

170 1759 258 1840 primi
275 1757 346 1820 dicti
361 1755 487 1818 titularis
508 1754 522 1818 l

209 1850 298 1928 Resp.
314 1845 515 1917 Quaestionem
530 1859 596 1905 esse
608 1840 694 1903 valde
713 1847 936 1904 controversam
951 1843 1015 1902 tam
1027 1836 1060 1899 in
1076 1837 1143 1902 loro

169 1936 318 2000 canonico
334 1937 425 2016 quim
441 1931 521 2015 apud
538 1949 594 1994 nos
607 1932 639 1993 in
653 1929 718 1992 foro
732 1930 821 1992 cirili.

210 2027 276 2087 Duo
296 2023 486 2105 potissimum
508 2028 579 2083 sunt
598 2025 757 2102 systemata
778 2039 786 2080 ε
808 2019 857 2082 alii
876 2017 959 2081 enim
978 2015 1082 2080 volunt
1102 2019 1144 2082 ita

170 2131 234 2176 esse
254 2111 431 2174 dividendos
449 2109 562 2172 tructus
576 2117 608 2171 ut
628 2109 831 2190 praedecessor
845 2109 896 2188 J'ns
910 2107 1017 2170 habeat
1029 2107 1144 2170 fructus

170 2202 269 2264 solum
289 2208 445 2283 perceptos
468 2197 632 2274 retinendi3
655 2197 752 2259 caeteri
775 2199 846 2260 verb
867 2196 982 2259 tructus
1005 2196 1144 2260 nondum

170 2291 299 2372 percepti
317 2289 484 2370 pertineant
497 2287 534 2348 ad
545 2303 749 2348 successorem
763 2285 810 2347 vel
824 2284 861 2347 ad
875 2284 1018 2346 fabricam
1034 2285 1057 2346 si
1071 2303 1145 2348 non-

169 2379 241 2441 dum
272 2395 428 2441 successor
448 2376 548 2437 inierit
573 2375 807 2456 possessionem.
833 2371 918 2436 Unde
944 2371 1145 2453 predecessor

170 2469 286 2530 nullum
298 2468 348 2546 jus
368 2465 476 2542 habet,
495 2465 579 2543 juxta
592 2462 766 2541 hujusmodi
783 2463 1009 2534 canonistas,ad
1029 2461 1144 2526 fructus

170 2557 268 2620 adhuc
282 2555 462 2636 pendentes,
478 2559 567 2634 prout
580 2551 727 2630 contingit
741 2552 772 2613 in
788 2551 975 2633 expiratione
988 2551 1143 2614 ususfruc-

171 2649 217 2707 tbs
231 2663 267 2705 ex
282 2644 302 2704 Ι.
327 2643 487 2724 Defuncto,
511 2640 586 2721 §lte
607 2638 779 2720 Cleostrata.
804 2641 858 2702 Cui
873 2641 963 2702 etiam
979 2639 1145 2703 conformis

170 2741 214 2796 cst
227 2739 282 2793 ort.
299 2735 357 2792 585
373 2729 490 2792 Codicis
504 2727 597 2790 nostri
612 2728 717 2792 civilis.
732 2731 775 2792 lta
790 2731 864 2791 Rota
879 2729 911 2790 in
929 2731 1019 2791 causi
1035 2729 1142 2808 Phor„

171 2827 207 2885 lo
217 2822 285 2900 jun.
303 2823 379 2881 1573
390 2817 577 2896 ;-Barbosa
592 2817 721 2880 etmulti
736 2819 854 2898 alii,ap.
867 2818 988 2879 Garoias
1002 2819 1082 2898 (pars
1094 2823 1142 2897 2⁸,

170 2929 235 2992 cap.
254 2914 296 2982 1⁰,
309 2917 342 2970 n⁰
352 2909 453 2986 95);-
463 2906 633 2983 ltcillenst„
643 2905 697 2969 lib.
712 2909 743 2984 l,
757 2907 804 2968 tit.
819 2911 850 2983 l,
862 2905 1142 2988 n⁰56;-Ferraris,

170 3011 199 3062 v⁰
212 2999 386 3081 Episcopus,
402 3001 459 3058 art.
479 2999 508 3070 3,
526 3014 559 3057 n⁰
572 2999 623 3058 65.

209 3091 278 3149 53u.
305 3087 361 3148 lllii
381 3085 452 3146 rerb
466 3083 582 3147 malunt
596 3084 645 3146 bic
659 3101 725 3145 esse
738 3083 949 3166 applicandam
966 3082 1065 3165 legem
1085 3085 1143 3148 Di-

169 3177 278 3247 oertr'o,
297 3175 332 3238 de
350 3173 437 3236 solut.
458 3174 606 3251 matrim„
628 3174 678 3236 cui
699 3171 861 3234 concordat
875 3180 931 3235 art.
953 3177 1027 3236 l5'll
1050 3175 1144 3236 nostri

169 3265 287 3328 Codicis
299 3263 394 3327 civilis
415 3263 458 3326 sic
471 3261 586 3324 habens
604 3280 613 3323 τ
633 3283 648 3320 o
663 3264 688 3322 A
707 3261 736 3323 la
749 3261 928 3323 dissolution
942 3262 985 3324 du
999 3263 1142 3343 mariage,

168 3380 183 3412 n
209 3353 346 3416 leslruils
359 3352 412 3414 des
423 3349 720 3413 immeublesdotaux
729 3352 1054 3432 separlagentcntrele
1067 3353 1144 3413 mari

168 3465 182 3502 a
208 3451 238 3506 et
258 3443 285 3505 la
301 3442 411 3504 lemme
431 3459 472 3502 ou
493 3440 574 3502 leurs
596 3439 968 3521 herttiers‚ap1·0portion
991 3439 1033 3503 du
1046 3447 1145 3521 temps

167 3555 183 3590 »
208 3531 280 3613 qu’il
300 3529 407 3592 adure
421 3526 554 3608 pendant
566 3527 594 3589 la
607 3525 864 3590 derniereannee.
879 3551 895 3588 n
913 3531 999 3592 ilatio
1012 3535 1057 3590 est
1074 3531 1149 3609 quia

169 3619 351 3681 beneficium
373 3616 462 3678 datur
483 3625 605 3696 propter
617 3615 751 3677 officium
766 3625 795 3678 et
809 3617 962 3680 servitium
980 3617 1143 3696 Ecclesia,

170 3707 246 3770 sicut
259 3708 315 3768 dos
333 3711 456 3786 propter
477 3721 571 3766 onera
591 3704 793 3781 matrimonii;
816 3705 899 3769 unde
921 3707 1017 3788 ipsius
1030 3705 1144 3770 tructus
