2570 4006
496 265 583 313 orara
602 253 727 314 miuus:
1041 245 1101 309 403

127 379 143 420 a
170 359 225 421 Per
234 356 293 421 boc
303 361 403 421 autem
412 356 567 420 decretum
582 357 656 420 nibil
666 356 793 420 intendit
804 359 894 421 Sacra
903 355 1101 438 congregatio

127 468 144 508 n
167 451 296 510 statuere
309 446 347 509 de
361 447 474 508 meritis
486 446 652 520 muscarel
666 446 844 510 ulliauetori
860 445 1004 528 autoperi
1019 445 1102 527 igno-

126 555 143 596 »
168 535 305 614 miniam,
316 536 362 598 vel
377 543 479 598 notam
492 535 580 598 malae
591 534 736 598 doctrinae
750 535 879 607 interre;

166 654 182 691 n
208 636 239 695 5ο
253 635 297 696 De
311 632 447 694 doctrina
460 632 527 694 libri
543 631 672 695 Cornelii
685 633 819 696 lansenii
834 631 972 714 Episcopi
986 633 1103 714 ipren-

18 802 21 807 Ι
127 739 143 781 a
169 721 220 792 sis.
233 723 285 804 qui
301 721 474 784 inscribitur
485 722 680 803 Aupustr'nus,
695 721 761 783 libri
777 739 885 783 omnes
898 729 926 782 et
937 719 1040 794 libelli,
1052 725 1104 781 aut

128 832 143 870 n
168 812 302 893 epistolae
314 818 376 872 tam
388 810 643 892 impressaequtm
657 811 884 892 manuscriptae,
897 827 950 872 seu
961 809 992 871 in
1004 813 1102 891 poste-
1183 869 1185 874 .

128 923 144 959 n
169 917 237 962 rum
247 899 372 962 edenda
384 905 414 961 et
423 899 624 981 publicandae,
639 897 792 980 inquibus
805 899 855 960 illa
868 916 905 960 eo
918 897 1009 961 modo
1020 897 1104 959 dam·

128 1011 144 1048 n
169 996 256 1063 nata,
272 1007 334 1070 quo
347 1006 416 1051 eam
429 987 582 1050 damnavit
596 987 765 1050 Alexander
779 989 850 1066 Vll,
866 987 913 1051 vel
926 993 960 1050 ut
973 992 1019 1050 est
1038 985 1070 1047 in
1083 988 1102 1048 5

128 1098 144 1137 n
169 1076 422 1159 propositionibus
431 1075 582 1152 damnata,
595 1083 812 1158 propugnatur,
822 1075 868 1139 vel
878 1074 1105 1158 quomodolibet

130 1190 145 1229 n
169 1167 350 1249 approbatur
363 1173 414 1229 aut
426 1164 615 1241 defenditur;

168 1279 184 1316 n
208 1260 241 1317 6ο
254 1258 298 1318 lle
312 1255 437 1319 constit.
456 1253 630 1335 Unz'penitus
649 1253 812 1316 Clementis
832 1255 873 1318 XI
897 1253 967 1316 libri
985 1255 1104 1336 aliaque

129 1370 145 1407 n
169 1345 290 1426 scripta,
305 1344 337 1406 in
352 1343 462 1426 quibus
476 1343 526 1404 illa
540 1341 665 1405 subdole
675 1341 817 1418 eluditur,
831 1343 946 1404 temere
960 1344 1102 1424 carpitur,

131 1459 145 1496 o
170 1434 431 1498 autcontemnitur
440 1439 470 1496 et
479 1433 684 1514 impugnatur.
696 1435 771 1494 Item
785 1431 865 1507 libri,
877 1431 938 1494 sive
951 1431 1104 1505 libelliucl

129 1547 145 1585 n
170 1524 287 1606 scripti,
304 1523 350 1584 rel
370 1522 450 1604 typis
469 1521 542 1584 editi
562 1528 614 1584 aut
631 1519 740 1584 edendi
755 1521 786 1582 in
801 1518 1009 1584 defensionem
1024 1520 1103 1582 Libri

130 1637 146 1675 u
171 1612 324 1694 inseripti:
342 1612 384 1673 Le
398 1611 535 1673 Nouueou
548 1609 713 1673 Testament
726 1630 761 1672 en
774 1609 907 1692 frunpois
920 1629 987 1672 aueo
999 1609 1046 1672 des
1060 1611 1106 1670 rt·

129 1725 146 1762 n
169 1703 292 1786 flectens
305 1699 428 1762 morales
436 1721 488 1762 sur
496 1701 606 1782 altoque
618 1708 711 1763 verset
716 1719 729 1762 .·
738 1705 791 1763 aut
801 1699 860 1762 alio
869 1698 957 1762 titulo
970 1717 977 1760 :
988 1699 1104 1780 Abreqt

130 1814 146 1853 u
170 1791 204 1854 de
220 1792 251 1853 le
264 1790 375 1852 morale
388 1789 422 1852 de
436 1788 624 1870 l'annpile,
640 1797 698 1852 etc.

164 1883 258 1942 sltem
266 1878 625 1942 actussiveinslrumenta
634 1877 869 1960 appellationum
879 1880 1104 1960 quaecumquet

130 1992 146 2028 n
171 1968 387 2032 Constitutione
400 1965 573 2048 Unr'pem'tus
583 1967 620 2028 ed
630 1969 798 2029 Concilium
809 1969 964 2042 Generale,
976 1985 1033 2028 nee
1044 1985 1104 2028 non

130 2081 145 2117 n
168 2057 281 2138 judicia
295 2056 516 2137 Theologorum
532 2057 593 2118 sire
610 2056 842 2118 Academiarum
856 2073 1021 2136 earumque
1034 2055 1106 2116 deli·

130 2170 146 2205 n
171 2147 349 2220 berationes‚
360 2144 605 2220 consultationes,
615 2144 828 2220 aota‚decreta;
841 2161 1105 2225 quorumcumque

130 2259 146 2294 n
170 2237 261 2298 etiam
275 2235 403 2297 aliorum
417 2233 568 2310 mandata,
589 2233 804 2308 ordinationes,
820 2239 942 2308 arrecta,
958 2232 1103 2313 epistolae,

131 2348 146 2382 »
171 2325 429 2407 interpretationes
449 2323 540 2384 etiam
554 2327 584 2384 et
599 2321 834 2398 declarationes,
850 2339 885 2383 ac
898 2321 1007 2401 scripta
1021 2340 1104 2402 quae·

130 2437 146 2472 »
172 2413 252 2488 libet,
268 2412 389 2495 quibus,
405 2411 610 2493 explicationis
624 2417 675 2473 aut
688 2411 746 2472 alio
760 2409 866 2492 quovis
879 2415 1034 2491 praetextu,
1051 2408 1104 2470 ali-

131 2525 146 2562 »
171 2502 243 2583 quid
257 2501 366 2564 dieitur
375 2502 420 2563 vel
435 2499 585 2578 scribitur,
601 2519 662 2581 quo
675 2499 762 2562 dictae
775 2497 1000 2562 Constitutionis
1012 2497 1105 2561 robur

131 2613 146 2650 a
171 2597 260 2672 atque
274 2591 433 2653 auctoritas
446 2597 476 2652 et
490 2588 630 2670 obligatio
640 2588 736 2651 minui
751 2594 803 2651 aut
812 2587 934 2668 infringi
950 2587 1059 2667 possit;

171 2701 187 2740 n
211 2685 243 2742 '2⁰
265 2681 309 2742 De
328 2679 436 2741 duellis
458 2684 582 2759 agentes
604 2677 690 2755 libri,
715 2676 840 2754 litterae,
866 2673 972 2745 libelli,
996 2674 1106 2757 scripta

131 2791 147 2828 u
173 2768 333 2849 inquibus
353 2767 459 2831 eadem
480 2766 581 2830 duella
602 2765 826 2842 defenduntur,
851 2763 1032 2836 suadentur,
1050 2763 1105 2826 do·

131 2881 148 2920 u
172 2865 289 2921 centur.
313 2857 343 2919 Si
364 2857 418 2938 qui
435 2857 506 2918 verb
526 2855 699 2934 hujusmodi
724 2854 809 2930 libri,
832 2853 869 2915 ad
889 2853 1106 2916 controversias

132 2965 148 3008 n
172 2945 318 3008 sedandas
337 2963 488 3028 pacesque
513 2941 740 3026 componendas
764 2942 852 3006 utiles
870 2960 935 3006 esse
958 2947 1103 3026 possunt,

132 3057 148 3096 u
172 3035 328 3116 expurgati
336 3041 366 3096 et
380 3034 535 3115 approbati
549 3032 778 3114 permittuntur;

173 3127 244 3185 »8⁰
270 3125 312 3185 Pe
340 3122 466 3186 loannis
492 3121 562 3184 Cala
588 3123 692 3183 asserti
729 3119 925 3184 Anachoretae
959 3123 1107 3204 praetensa

131 3233 147 3274 u
172 3213 347 3285 sanctitate,
380 3211 554 3288 miraculis,
579 3209 742 3288 vaticiniis,
770 3209 952 3287 visionibus,
981 3210 1106 3291 aliisque

131 3322 147 3360 u
172 3300 345 3381 hujusmodi
378 3299 471 3380 signis
494 3297 583 3375 libri,
613 3298 733 3362 codices
759 3303 790 3361 et
813 3297 883 3360 lolia
907 3313 1106 3380 quaecumque

132 3413 148 3450 n
173 3391 233 3454 sire
246 3390 451 3469 manuscripta
464 3387 525 3450 sive
539 3387 700 3469 impressa;

172 3499 188 3539 n
212 3481 286 3540 ltem
308 3478 411 3540 omnia
428 3481 459 3538 et
482 3477 601 3558 singula
620 3480 824 3558 transumpta,
845 3494 899 3539 seu
928 3479 1024 3558 copiae
1043 3480 1106 3540 lam

132 3589 148 3628 n
173 3567 327 3647 impressae
341 3569 433 3648 quim
446 3567 659 3648 manuscripta
673 3565 790 3629 Decreti
804 3583 822 3625 a
834 3564 955 3627 Vicario
969 3563 1107 3627 Generali

134 3677 150 3716 a
175 3655 352 3717 cassanensi
367 3653 519 3731 emanati,
536 3671 590 3733 per
603 3653 685 3734 quod
699 3651 780 3714 idem
795 3651 931 3714 vicarius
946 3667 1038 3713 ausus
1051 3651 1097 3714 lui
