<?xml version="1.0" encoding="UTF-8"?>
<!DOCTYPE html PUBLIC "-//W3C//DTD XHTML 1.0 Transitional//EN"
    "http://www.w3.org/TR/xhtml1/DTD/xhtml1-transitional.dtd">
<html xmlns="http://www.w3.org/1999/xhtml" xml:lang="en" lang="en">
 <head>
  <title>
</title>
<meta http-equiv="Content-Type" content="text/html;charset=utf-8" />
  <meta name='ocr-system' content='tesseract 3.04.00' />
  <meta name='ocr-capabilities' content='ocr_page ocr_carea ocr_par ocr_line ocrx_word'/>
</head>
<body>
  <div class='ocr_page' id='page_1' title='image "./manualetotiusju03craigoog_0082.png"; bbox 0 0 2586 3988; ppageno 0'>
   <div class='ocr_carea' id='block_1_1' title="bbox 462 135 1059 216">
    <p class='ocr_par' dir='ltr' id='par_1_1' title="bbox 462 135 1059 216">
     <span class='ocr_line' id='line_1_1' title="bbox 462 135 1059 216; baseline 0.002 -18"><span class='ocrx_word' id='word_1_1' title='bbox 462 147 686 216; x_wconf 75' lang='lat' dir='ltr'>anotuaousui.</span> <span class='ocrx_word' id='word_1_2' title='bbox 1021 135 1059 200; x_wconf 75' lang='grc'>119</span> 
     </span>
    </p>
   </div>
   <div class='ocr_carea' id='block_1_2' title="bbox 73 243 1066 2646">
    <p class='ocr_par' dir='ltr' id='par_1_2' title="bbox 73 243 1061 505">
     <span class='ocr_line' id='line_1_2' title="bbox 73 243 1061 331; baseline 0.003 -22"><span class='ocrx_word' id='word_1_3' title='bbox 73 251 103 309; x_wconf 85' lang='lat' dir='ltr'>et</span> <span class='ocrx_word' id='word_1_4' title='bbox 114 264 279 329; x_wconf 81' lang='lat' dir='ltr'>nunquam</span> <span class='ocrx_word' id='word_1_5' title='bbox 291 249 326 309; x_wconf 89' lang='lat' dir='ltr'>in</span> <span class='ocrx_word' id='word_1_6' title='bbox 341 248 396 328; x_wconf 83' lang='lat' dir='ltr'>jus</span> <span class='ocrx_word' id='word_1_7' title='bbox 409 247 540 310; x_wconf 88' lang='lat' dir='ltr'>transire</span> <span class='ocrx_word' id='word_1_8' title='bbox 556 253 671 330; x_wconf 88' lang='lat' dir='ltr'>potest;</span> <span class='ocrx_word' id='word_1_9' title='bbox 696 243 776 310; x_wconf 83' lang='lat' dir='ltr'>maia</span> <span class='ocrx_word' id='word_1_10' title='bbox 788 244 949 310; x_wconf 62' lang='lat' dir='ltr'>extrinseel</span> <span class='ocrx_word' id='word_1_11' title='bbox 962 256 1061 331; x_wconf 88' lang='lat' dir='ltr'>posset</span> 
     </span>
     <span class='ocr_line' id='line_1_3' title="bbox 77 333 1061 419; baseline 0.005 -24"><span class='ocrx_word' id='word_1_12' title='bbox 77 333 203 398; x_wconf 79' lang='lat' dir='ltr'>eradere</span> <span class='ocrx_word' id='word_1_13' title='bbox 215 335 301 398; x_wconf 89' lang='lat' dir='ltr'>bona</span> <span class='ocrx_word' id='word_1_14' title='bbox 315 355 372 418; x_wconf 86' lang='lat' dir='ltr'>per</span> <span class='ocrx_word' id='word_1_15' title='bbox 387 336 573 400; x_wconf 86' lang='lat' dir='ltr'>ablationem</span> <span class='ocrx_word' id='word_1_16' title='bbox 588 338 649 399; x_wconf 85' lang='lat' dir='ltr'>sive</span> <span class='ocrx_word' id='word_1_17' title='bbox 664 335 875 419; x_wconf 85' lang='lat' dir='ltr'>prohibitionis</span> <span class='ocrx_word' id='word_1_18' title='bbox 888 337 949 400; x_wconf 81' lang='lat' dir='ltr'>siue</span> <span class='ocrx_word' id='word_1_19' title='bbox 963 357 1061 418; x_wconf 80' lang='lat' dir='ltr'>pravae</span> 
     </span>
     <span class='ocr_line' id='line_1_4' title="bbox 81 423 492 505; baseline 0.01 -21"><span class='ocrx_word' id='word_1_20' title='bbox 81 423 314 488; x_wconf 76' lang='lat' dir='ltr'>circumstantiae</span> <span class='ocrx_word' id='word_1_21' title='bbox 328 425 492 505; x_wconf 75' lang='lat' dir='ltr'>adiunctae.</span> 
     </span>
    </p>

    <p class='ocr_par' dir='ltr' id='par_1_3' title="bbox 82 513 1064 1309">
     <span class='ocr_line' id='line_1_5' title="bbox 121 513 1059 599; baseline 0.006 -25"><span class='ocrx_word' id='word_1_22' title='bbox 121 516 191 576; x_wconf 84' lang='grc'><strong>109.</strong></span> <span class='ocrx_word' id='word_1_23' title='bbox 203 513 353 576; x_wconf 75' lang='lat' dir='ltr'>uit-idum</span> <span class='ocrx_word' id='word_1_24' title='bbox 366 535 373 576; x_wconf 94' lang='lat'><strong>:</strong></span> <span class='ocrx_word' id='word_1_25' title='bbox 384 519 416 578; x_wconf 83' lang='lat'>5⁰</span> <span class='ocrx_word' id='word_1_26' title='bbox 427 517 461 576; x_wconf 92' lang='lat' dir='ltr'>tn</span> <span class='ocrx_word' id='word_1_27' title='bbox 471 515 721 596; x_wconf 87' lang='lat' dir='ltr'>consuetudinem</span> <span class='ocrx_word' id='word_1_28' title='bbox 730 514 890 597; x_wconf 79' lang='lat' dir='ltr'>djurenon</span> <span class='ocrx_word' id='word_1_29' title='bbox 899 517 1059 599; x_wconf 79' lang='lat' dir='ltr'><em>repulsam,</em></span> 
     </span>
     <span class='ocr_line' id='line_1_6' title="bbox 82 602 1060 689; baseline 0.004 -25"><span class='ocrx_word' id='word_1_30' title='bbox 82 607 111 664; x_wconf 86' lang='lat' dir='ltr'>et</span> <span class='ocrx_word' id='word_1_31' title='bbox 124 602 383 666; x_wconf 74' lang='lat' dir='ltr'>consuetudinem</span> <span class='ocrx_word' id='word_1_32' title='bbox 399 603 417 665; x_wconf 88' lang='grc' dir='ltr'><em>ἁ</em></span> <span class='ocrx_word' id='word_1_33' title='bbox 425 603 500 686; x_wconf 83' lang='lat' dir='ltr'>jure</span> <span class='ocrx_word' id='word_1_34' title='bbox 520 605 707 687; x_wconf 73' lang='lat' dir='ltr'>cleopatram,</span> <span class='ocrx_word' id='word_1_35' title='bbox 720 604 902 686; x_wconf 73' lang='lat' dir='ltr'>prohibitam</span> <span class='ocrx_word' id='word_1_36' title='bbox 918 613 947 668; x_wconf 89' lang='lat' dir='ltr'>et</span> <span class='ocrx_word' id='word_1_37' title='bbox 960 627 1060 689; x_wconf 85' lang='lat' dir='ltr'>repro·</span> 
     </span>
     <span class='ocr_line' id='line_1_7' title="bbox 84 689 1062 776; baseline 0.006 -25"><span class='ocrx_word' id='word_1_38' title='bbox 84 689 289 774; x_wconf 64' lang='lat' dir='ltr'>tutamque</span> <span class='ocrx_word' id='word_1_39' title='bbox 319 693 377 755; x_wconf 85' lang='lat' dir='ltr'>tria</span> <span class='ocrx_word' id='word_1_40' title='bbox 412 712 475 755; x_wconf 92' lang='lat' dir='ltr'>non</span> <span class='ocrx_word' id='word_1_41' title='bbox 502 701 572 757; x_wconf 87' lang='lat' dir='ltr'>sunt</span> <span class='ocrx_word' id='word_1_42' title='bbox 598 693 813 756; x_wconf 82' lang='lat' dir='ltr'>contundendo</span> <span class='ocrx_word' id='word_1_43' title='bbox 835 713 842 755; x_wconf 75' lang='grc' dir='ltr'><strong>ε</strong></span> <span class='ocrx_word' id='word_1_44' title='bbox 866 695 988 776; x_wconf 86' lang='lat' dir='ltr'>quando</span> <span class='ocrx_word' id='word_1_45' title='bbox 1016 696 1062 757; x_wconf 86' lang='lat' dir='ltr'>lex</span> 
     </span>
     <span class='ocr_line' id='line_1_8' title="bbox 83 779 1063 864; baseline 0.007 -24"><span class='ocrx_word' id='word_1_46' title='bbox 83 779 219 862; x_wconf 73' lang='lat' dir='ltr'>autopat,</span> <span class='ocrx_word' id='word_1_47' title='bbox 242 779 301 843; x_wconf 86' lang='lat' dir='ltr'>hoe</span> <span class='ocrx_word' id='word_1_48' title='bbox 319 781 496 864; x_wconf 75' lang='lat' dir='ltr'>intelligitur</span> <span class='ocrx_word' id='word_1_49' title='bbox 517 783 556 845; x_wconf 92' lang='lat' dir='ltr'>de</span> <span class='ocrx_word' id='word_1_50' title='bbox 574 783 793 846; x_wconf 89' lang='lat' dir='ltr'>consuetudine</span> <span class='ocrx_word' id='word_1_51' title='bbox 813 791 901 846; x_wconf 82' lang='lat' dir='ltr'>antea</span> <span class='ocrx_word' id='word_1_52' title='bbox 919 785 1063 847; x_wconf 82' lang='lat' dir='ltr'>existente</span> 
     </span>
     <span class='ocr_line' id='line_1_9' title="bbox 85 870 1064 952; baseline 0.002 -20"><span class='ocrx_word' id='word_1_53' title='bbox 85 887 153 951; x_wconf 80' lang='lat' dir='ltr'>quae</span> <span class='ocrx_word' id='word_1_54' title='bbox 166 870 333 951; x_wconf 83' lang='lat' dir='ltr'>abrogatur</span> <span class='ocrx_word' id='word_1_55' title='bbox 346 871 470 952; x_wconf 88' lang='lat' dir='ltr'>quidem</span> <span class='ocrx_word' id='word_1_56' title='bbox 483 919 491 948; x_wconf 92' lang='lat'>‚</span> <span class='ocrx_word' id='word_1_57' title='bbox 506 871 558 934; x_wconf 89' lang='lat' dir='ltr'>sed</span> <span class='ocrx_word' id='word_1_58' title='bbox 574 891 636 934; x_wconf 91' lang='lat' dir='ltr'>non</span> <span class='ocrx_word' id='word_1_59' title='bbox 652 872 719 934; x_wconf 90' lang='lat' dir='ltr'>ideo</span> <span class='ocrx_word' id='word_1_60' title='bbox 739 871 907 936; x_wconf 79' lang='lat' dir='ltr'>declaratur</span> <span class='ocrx_word' id='word_1_61' title='bbox 921 873 999 934; x_wconf 84' lang='lat' dir='ltr'>mala</span> <span class='ocrx_word' id='word_1_62' title='bbox 1014 879 1064 936; x_wconf 83' lang='lat' dir='ltr'>aut</span> 
     </span>
     <span class='ocr_line' id='line_1_10' title="bbox 86 959 1063 1043; baseline 0.003 -24"><span class='ocrx_word' id='word_1_63' title='bbox 86 959 313 1022; x_wconf 86' lang='lat' dir='ltr'>irrationabilis.</span> <span class='ocrx_word' id='word_1_64' title='bbox 325 959 1063 1043; x_wconf 83' lang='lat' dir='ltr'>Quandolexprolu&#39;bet,illudinteltigidebetetiam</span> 
     </span>
     <span class='ocr_line' id='line_1_11' title="bbox 87 1046 1064 1133; baseline 0.003 -24"><span class='ocrx_word' id='word_1_65' title='bbox 87 1046 124 1111; x_wconf 89' lang='lat' dir='ltr'>de</span> <span class='ocrx_word' id='word_1_66' title='bbox 134 1047 359 1111; x_wconf 83' lang='lat' dir='ltr'>consuetudine</span> <span class='ocrx_word' id='word_1_67' title='bbox 369 1051 476 1132; x_wconf 88' lang='lat' dir='ltr'>quaein</span> <span class='ocrx_word' id='word_1_68' title='bbox 485 1049 618 1112; x_wconf 91' lang='lat' dir='ltr'>luturum</span> <span class='ocrx_word' id='word_1_69' title='bbox 627 1049 877 1130; x_wconf 86' lang='lat' dir='ltr'>introduceretur,</span> <span class='ocrx_word' id='word_1_70' title='bbox 884 1069 953 1133; x_wconf 84' lang='lat' dir='ltr'>quae</span> <span class='ocrx_word' id='word_1_71' title='bbox 962 1057 1064 1114; x_wconf 87' lang='lat' dir='ltr'>tamen</span> 
     </span>
     <span class='ocr_line' id='line_1_12' title="bbox 90 1136 1064 1212; baseline 0.004 -14"><span class='ocrx_word' id='word_1_72' title='bbox 90 1155 150 1200; x_wconf 93' lang='lat' dir='ltr'>non</span> <span class='ocrx_word' id='word_1_73' title='bbox 158 1137 228 1200; x_wconf 86' lang='lat' dir='ltr'>ideo</span> <span class='ocrx_word' id='word_1_74' title='bbox 238 1136 407 1201; x_wconf 87' lang='lat' dir='ltr'>declaratur</span> <span class='ocrx_word' id='word_1_75' title='bbox 420 1137 499 1201; x_wconf 83' lang='lat' dir='ltr'>maia</span> <span class='ocrx_word' id='word_1_76' title='bbox 512 1139 558 1200; x_wconf 79' lang='lat' dir='ltr'>vel</span> <span class='ocrx_word' id='word_1_77' title='bbox 573 1137 797 1203; x_wconf 83' lang='lat' dir='ltr'>irrationabilis.</span> <span class='ocrx_word' id='word_1_78' title='bbox 806 1140 933 1212; x_wconf 82' lang='lat' dir='ltr'>Quando</span> <span class='ocrx_word' id='word_1_79' title='bbox 942 1139 1064 1202; x_wconf 87' lang='lat' dir='ltr'>tandem</span> 
     </span>
     <span class='ocr_line' id='line_1_13' title="bbox 86 1225 997 1309; baseline 0.001 -20"><span class='ocrx_word' id='word_1_80' title='bbox 86 1225 137 1289; x_wconf 73' lang='lat' dir='ltr'>lec</span> <span class='ocrx_word' id='word_1_81' title='bbox 149 1225 309 1308; x_wconf 83' lang='lat' dir='ltr'>reprobat,</span> <span class='ocrx_word' id='word_1_82' title='bbox 325 1246 363 1290; x_wconf 93' lang='lat' dir='ltr'>eo</span> <span class='ocrx_word' id='word_1_83' title='bbox 377 1229 442 1309; x_wconf 90' lang='lat' dir='ltr'>ipso</span> <span class='ocrx_word' id='word_1_84' title='bbox 455 1227 624 1292; x_wconf 86' lang='lat' dir='ltr'>declaratur</span> <span class='ocrx_word' id='word_1_85' title='bbox 633 1227 712 1290; x_wconf 87' lang='lat' dir='ltr'>molo</span> <span class='ocrx_word' id='word_1_86' title='bbox 723 1236 754 1290; x_wconf 94' lang='lat' dir='ltr'>et</span> <span class='ocrx_word' id='word_1_87' title='bbox 767 1229 997 1292; x_wconf 81' lang='lat' dir='ltr'>irrationabilis.</span> 
     </span>
    </p>

    <p class='ocr_par' dir='ltr' id='par_1_4' title="bbox 87 1315 1065 1844">
     <span class='ocr_line' id='line_1_14' title="bbox 126 1315 1064 1400; baseline 0.003 -23"><span class='ocrx_word' id='word_1_88' title='bbox 126 1319 198 1379; x_wconf 85' lang='lat' dir='ltr'>ltu.</span> <span class='ocrx_word' id='word_1_89' title='bbox 224 1315 383 1398; x_wconf 68' lang='lat' dir='ltr'>abrogans</span> <span class='ocrx_word' id='word_1_90' title='bbox 409 1327 549 1380; x_wconf 88' lang='lat' dir='ltr'>censetur</span> <span class='ocrx_word' id='word_1_91' title='bbox 579 1317 726 1392; x_wconf 87' lang='lat' dir='ltr'>clausula,</span> <span class='ocrx_word' id='word_1_92' title='bbox 756 1317 965 1380; x_wconf 77' lang='lat' dir='ltr'>nonobstante</span> <span class='ocrx_word' id='word_1_93' title='bbox 992 1317 1064 1400; x_wconf 78' lang='lat' dir='ltr'>qut-</span> 
     </span>
     <span class='ocr_line' id='line_1_15' title="bbox 87 1405 1065 1487; baseline 0.002 -21"><span class='ocrx_word' id='word_1_94' title='bbox 87 1405 431 1487; x_wconf 79' lang='lat' dir='ltr'>uemqaeeoaeuetadine.</span> <span class='ocrx_word' id='word_1_95' title='bbox 456 1406 624 1470; x_wconf 88' lang='lat' dir='ltr'>Prohibens</span> <span class='ocrx_word' id='word_1_96' title='bbox 643 1408 714 1470; x_wconf 84' lang='lat' dir='ltr'>verd</span> <span class='ocrx_word' id='word_1_97' title='bbox 734 1414 902 1470; x_wconf 90' lang='lat' dir='ltr'>consetur:</span> <span class='ocrx_word' id='word_1_98' title='bbox 922 1405 1065 1470; x_wconf 77' lang='lat' dir='ltr'>Nolumus</span> 
     </span>
     <span class='ocr_line' id='line_1_16' title="bbox 88 1493 1064 1579; baseline 0.003 -25"><span class='ocrx_word' id='word_1_99' title='bbox 88 1503 190 1556; x_wconf 69' lang='lat' dir='ltr'>murtro</span> <span class='ocrx_word' id='word_1_100' title='bbox 204 1495 280 1557; x_wconf 71' lang='lat' dir='ltr'>done</span> <span class='ocrx_word' id='word_1_101' title='bbox 294 1493 384 1576; x_wconf 78' lang='lat' dir='ltr'>lepem</span> <span class='ocrx_word' id='word_1_102' title='bbox 406 1494 538 1579; x_wconf 78' lang='lat' dir='ltr'>aliquam</span> <span class='ocrx_word' id='word_1_103' title='bbox 557 1495 791 1558; x_wconf 77' lang='lat' dir='ltr'>consuetudinem</span> <span class='ocrx_word' id='word_1_104' title='bbox 814 1495 921 1559; x_wconf 85' lang='lat' dir='ltr'>volere.</span> <span class='ocrx_word' id='word_1_105' title='bbox 951 1499 1064 1578; x_wconf 86' lang='lat' dir='ltr'>Repro-</span> 
     </span>
     <span class='ocr_line' id='line_1_17' title="bbox 89 1581 1065 1667; baseline 0.001 -22"><span class='ocrx_word' id='word_1_106' title='bbox 89 1581 196 1647; x_wconf 86' lang='lat' dir='ltr'>bantes</span> <span class='ocrx_word' id='word_1_107' title='bbox 205 1582 340 1664; x_wconf 88' lang='lat' dir='ltr'>denique</span> <span class='ocrx_word' id='word_1_108' title='bbox 354 1583 501 1648; x_wconf 72' lang='lat' dir='ltr'>habenda</span> <span class='ocrx_word' id='word_1_109' title='bbox 514 1593 586 1647; x_wconf 91' lang='lat' dir='ltr'>sunt</span> <span class='ocrx_word' id='word_1_110' title='bbox 598 1585 741 1648; x_wconf 85' lang='lat' dir='ltr'>clausulae</span> <span class='ocrx_word' id='word_1_111' title='bbox 755 1593 916 1667; x_wconf 85' lang='lat' dir='ltr'>soquentes</span> <span class='ocrx_word' id='word_1_112' title='bbox 930 1603 1065 1648; x_wconf 83' lang='lat' dir='ltr'>:conrue-</span> 
     </span>
     <span class='ocr_line' id='line_1_18' title="bbox 89 1671 1064 1756; baseline 0.005 -23"><span class='ocrx_word' id='word_1_113' title='bbox 89 1673 221 1734; x_wconf 78' lang='lat' dir='ltr'>tudinem</span> <span class='ocrx_word' id='word_1_114' title='bbox 232 1671 317 1734; x_wconf 83' lang='lat' dir='ltr'>illam</span> <span class='ocrx_word' id='word_1_115' title='bbox 324 1673 441 1756; x_wconf 75' lang='lat' dir='ltr'>penitis</span> <span class='ocrx_word' id='word_1_116' title='bbox 451 1673 647 1756; x_wconf 81' lang='lat' dir='ltr'>irnproboates</span> <span class='ocrx_word' id='word_1_117' title='bbox 658 1675 741 1736; x_wconf 76' lang='lat' dir='ltr'>:ciem</span> <span class='ocrx_word' id='word_1_118' title='bbox 755 1695 812 1736; x_wconf 82' lang='lat' dir='ltr'>noa</span> <span class='ocrx_word' id='word_1_119' title='bbox 822 1683 882 1738; x_wconf 87' lang='lat' dir='ltr'>tum</span> <span class='ocrx_word' id='word_1_120' title='bbox 891 1673 1064 1740; x_wconf 71' lang='lat' dir='ltr'>cousuetudo</span> 
     </span>
     <span class='ocr_line' id='line_1_19' title="bbox 87 1761 692 1844; baseline 0.007 -22"><span class='ocrx_word' id='word_1_121' title='bbox 87 1781 177 1844; x_wconf 78' lang='lat' dir='ltr'>pacm</span> <span class='ocrx_word' id='word_1_122' title='bbox 191 1761 360 1844; x_wconf 82' lang='lat' dir='ltr'>corruptela</span> <span class='ocrx_word' id='word_1_123' title='bbox 372 1763 478 1823; x_wconf 85' lang='lat' dir='ltr'>meritd</span> <span class='ocrx_word' id='word_1_124' title='bbox 490 1763 531 1823; x_wconf 84' lang='lat' dir='ltr'>sit</span> <span class='ocrx_word' id='word_1_125' title='bbox 545 1763 692 1826; x_wconf 81' lang='lat' dir='ltr'>censendo.</span> 
     </span>
    </p>

    <p class='ocr_par' dir='ltr' id='par_1_5' title="bbox 89 1849 1065 2110">
     <span class='ocr_line' id='line_1_20' title="bbox 130 1849 1065 1935; baseline 0.003 -22"><span class='ocrx_word' id='word_1_126' title='bbox 130 1853 202 1914; x_wconf 91' lang='grc'><strong>111.</strong></span> <span class='ocrx_word' id='word_1_127' title='bbox 226 1850 479 1914; x_wconf 79' lang='lat' dir='ltr'>Dividitur26⁰ln</span> <span class='ocrx_word' id='word_1_128' title='bbox 495 1849 627 1932; x_wconf 76' lang='lat' dir='ltr'>lepitr&#39;ml</span> <span class='ocrx_word' id='word_1_129' title='bbox 635 1851 854 1935; x_wconf 72' lang='lat' dir='ltr'>praescriptam,</span> <span class='ocrx_word' id='word_1_130' title='bbox 871 1861 902 1915; x_wconf 92' lang='lat' dir='ltr'>et</span> <span class='ocrx_word' id='word_1_131' title='bbox 913 1872 1065 1932; x_wconf 76' lang='lat' dir='ltr'>nauprae-</span> 
     </span>
     <span class='ocr_line' id='line_1_21' title="bbox 89 1939 1065 2023; baseline 0.004 -23"><span class='ocrx_word' id='word_1_132' title='bbox 89 1940 229 2022; x_wconf 78' lang='lat' dir='ltr'>eriptam,</span> <span class='ocrx_word' id='word_1_133' title='bbox 246 1939 409 2022; x_wconf 87' lang='lat' dir='ltr'>dequibus</span> <span class='ocrx_word' id='word_1_134' title='bbox 423 1939 658 2021; x_wconf 76' lang='lat' dir='ltr'>inlralquamvis</span> <span class='ocrx_word' id='word_1_135' title='bbox 676 1941 786 2023; x_wconf 83' lang='lat' dir='ltr'>pariter</span> <span class='ocrx_word' id='word_1_136' title='bbox 797 1941 984 2004; x_wconf 90' lang='lat' dir='ltr'>consuetudo</span> <span class='ocrx_word' id='word_1_137' title='bbox 1003 1960 1065 2004; x_wconf 94' lang='lat' dir='ltr'>non</span> 
     </span>
     <span class='ocr_line' id='line_1_22' title="bbox 89 2027 549 2110; baseline -0.007 -18"><span class='ocrx_word' id='word_1_138' title='bbox 89 2029 267 2110; x_wconf 85' lang='lat' dir='ltr'>praeseripta</span> <span class='ocrx_word' id='word_1_139' title='bbox 290 2047 351 2092; x_wconf 93' lang='lat' dir='ltr'>non</span> <span class='ocrx_word' id='word_1_140' title='bbox 372 2027 460 2090; x_wconf 80' lang='lat' dir='ltr'>iaciat</span> <span class='ocrx_word' id='word_1_141' title='bbox 477 2030 549 2108; x_wconf 63' lang='lat' dir='ltr'>jus).</span> 
     </span>
    </p>

    <p class='ocr_par' dir='ltr' id='par_1_6' title="bbox 89 2115 1066 2646">
     <span class='ocr_line' id='line_1_23' title="bbox 130 2115 1065 2202; baseline 0.003 -23"><span class='ocrx_word' id='word_1_142' title='bbox 130 2120 177 2179; x_wconf 79' lang='lat' dir='ltr'>Ex</span> <span class='ocrx_word' id='word_1_143' title='bbox 200 2117 246 2180; x_wconf 88' lang='lat' dir='ltr'>his</span> <span class='ocrx_word' id='word_1_144' title='bbox 269 2125 349 2200; x_wconf 85' lang='lat' dir='ltr'>patet</span> <span class='ocrx_word' id='word_1_145' title='bbox 371 2115 624 2181; x_wconf 88' lang='lat' dir='ltr'>consuetudinem</span> <span class='ocrx_word' id='word_1_146' title='bbox 647 2119 777 2182; x_wconf 80' lang='lat' dir='ltr'>muttum</span> <span class='ocrx_word' id='word_1_147' title='bbox 797 2117 918 2182; x_wconf 83' lang='lat' dir='ltr'>differre</span> <span class='ocrx_word' id='word_1_148' title='bbox 938 2121 955 2182; x_wconf 75' lang='lat' dir='ltr'>a</span> <span class='ocrx_word' id='word_1_149' title='bbox 975 2139 1065 2202; x_wconf 85' lang='lat' dir='ltr'>praes·</span> 
     </span>
     <span class='ocr_line' id='line_1_24' title="bbox 89 2205 1065 2290; baseline 0.002 -22"><span class='ocrx_word' id='word_1_150' title='bbox 89 2208 316 2290; x_wconf 83' lang='lat' dir='ltr'>criptionequae</span> <span class='ocrx_word' id='word_1_151' title='bbox 327 2205 475 2270; x_wconf 84' lang='lat' dir='ltr'>introduci</span> <span class='ocrx_word' id='word_1_152' title='bbox 487 2207 728 2289; x_wconf 78' lang='lat' dir='ltr'>potcstaprivetis</span> <span class='ocrx_word' id='word_1_153' title='bbox 739 2209 876 2290; x_wconf 88' lang='lat' dir='ltr'>personis</span> <span class='ocrx_word' id='word_1_154' title='bbox 890 2216 919 2270; x_wconf 89' lang='lat' dir='ltr'>et</span> <span class='ocrx_word' id='word_1_155' title='bbox 926 2209 1065 2270; x_wconf 85' lang='lat' dir='ltr'>tenditad</span> 
     </span>
     <span class='ocr_line' id='line_1_25' title="bbox 89 2296 1066 2378; baseline -0.002 -18"><span class='ocrx_word' id='word_1_156' title='bbox 89 2297 321 2378; x_wconf 83' lang='lat' dir='ltr'>acquisitionem</span> <span class='ocrx_word' id='word_1_157' title='bbox 334 2296 412 2376; x_wconf 75' lang='lat' dir='ltr'>iuris</span> <span class='ocrx_word' id='word_1_158' title='bbox 431 2298 462 2358; x_wconf 95' lang='lat' dir='ltr'>in</span> <span class='ocrx_word' id='word_1_159' title='bbox 478 2296 649 2378; x_wconf 86' lang='lat' dir='ltr'>particulari</span> <span class='ocrx_word' id='word_1_160' title='bbox 662 2317 670 2374; x_wconf 92' lang='lat'>;</span> <span class='ocrx_word' id='word_1_161' title='bbox 686 2300 761 2358; x_wconf 85' lang='lat' dir='ltr'>dum</span> <span class='ocrx_word' id='word_1_162' title='bbox 774 2297 961 2359; x_wconf 88' lang='lat' dir='ltr'>consuetudo</span> <span class='ocrx_word' id='word_1_163' title='bbox 976 2297 1066 2358; x_wconf 80' lang='lat' dir='ltr'>intro</span> 
     </span>
     <span class='ocr_line' id='line_1_26' title="bbox 89 2385 1064 2465; baseline 0 -19"><span class='ocrx_word' id='word_1_164' title='bbox 89 2385 211 2448; x_wconf 85' lang='lat' dir='ltr'>ducitur</span> <span class='ocrx_word' id='word_1_165' title='bbox 231 2387 381 2448; x_wconf 75' lang='lat' dir='ltr'>tantuma</span> <span class='ocrx_word' id='word_1_166' title='bbox 402 2385 618 2448; x_wconf 85' lang='lat' dir='ltr'>communitate</span> <span class='ocrx_word' id='word_1_167' title='bbox 640 2391 671 2448; x_wconf 89' lang='lat' dir='ltr'>et</span> <span class='ocrx_word' id='word_1_168' title='bbox 690 2385 806 2448; x_wconf 90' lang='lat' dir='ltr'>inducit</span> <span class='ocrx_word' id='word_1_169' title='bbox 821 2385 871 2465; x_wconf 86' lang='lat' dir='ltr'>jus</span> <span class='ocrx_word' id='word_1_170' title='bbox 890 2403 1064 2448; x_wconf 86' lang='lat' dir='ltr'>commune.</span> 
     </span>
     <span class='ocr_line' id='line_1_27' title="bbox 92 2471 1064 2558; baseline -0.002 -22"><span class='ocrx_word' id='word_1_171' title='bbox 92 2473 168 2536; x_wconf 72' lang='lat' dir='ltr'>Aliae</span> <span class='ocrx_word' id='word_1_172' title='bbox 191 2473 368 2537; x_wconf 80' lang='lat' dir='ltr'>differentiae</span> <span class='ocrx_word' id='word_1_173' title='bbox 394 2473 485 2537; x_wconf 87' lang='lat' dir='ltr'>videri</span> <span class='ocrx_word' id='word_1_174' title='bbox 500 2479 627 2558; x_wconf 84' lang='lat' dir='ltr'>possunt</span> <span class='ocrx_word' id='word_1_175' title='bbox 640 2492 689 2556; x_wconf 85' lang='lat' dir='ltr'>up.</span> <span class='ocrx_word' id='word_1_176' title='bbox 709 2477 746 2537; x_wconf 89' lang='lat' dir='ltr'>D.</span> <span class='ocrx_word' id='word_1_177' title='bbox 771 2475 867 2537; x_wconf 85' lang='lat' dir='ltr'>Bouix</span> <span class='ocrx_word' id='word_1_178' title='bbox 886 2471 1064 2554; x_wconf 57' lang='grc'><strong>1111111111,</strong></span> 
     </span>
     <span class='ocr_line' id='line_1_28' title="bbox 89 2563 312 2646; baseline 0.018 -23"><span class='ocrx_word' id='word_1_179' title='bbox 89 2563 164 2646; x_wconf 78' lang='lat' dir='ltr'>pr&#39;t&#39;r,</span> <span class='ocrx_word' id='word_1_180' title='bbox 184 2583 213 2645; x_wconf 94' lang='lat' dir='ltr'>p.</span> <span class='ocrx_word' id='word_1_181' title='bbox 232 2566 312 2644; x_wconf 73' lang='lat'>328).</span> 
     </span>
    </p>
   </div>
   <div class='ocr_carea' id='block_1_3' title="bbox 563 2739 596 2797">
    <p class='ocr_par' dir='ltr' id='par_1_7' title="bbox 563 2739 596 2797">
     <span class='ocr_line' id='line_1_29' title="bbox 563 2739 596 2797; baseline -0.03 0"><span class='ocrx_word' id='word_1_182' title='bbox 563 2739 596 2797; x_wconf 91' lang='lat'>11.</span> 
     </span>
    </p>
   </div>
   <div class='ocr_carea' id='block_1_4' title="bbox 161 2880 999 3018">
    <p class='ocr_par' dir='ltr' id='par_1_8' title="bbox 161 2880 999 3018">
     <span class='ocr_line' id='line_1_30' title="bbox 161 2880 999 2934; baseline -0.005 -5"><span class='ocrx_word' id='word_1_183' title='bbox 161 2883 198 2930; x_wconf 67' lang='lat'>⁹8</span> <span class='ocrx_word' id='word_1_184' title='bbox 227 2883 435 2928; x_wconf 77' lang='lat' dir='ltr'>countmorttuus</span> <span class='ocrx_word' id='word_1_185' title='bbox 463 2883 616 2934; x_wconf 77' lang='lat' dir='ltr'>nsoulsttts</span> <span class='ocrx_word' id='word_1_186' title='bbox 642 2882 677 2927; x_wconf 72' lang='lat' dir='ltr'>UT</span> <span class='ocrx_word' id='word_1_187' title='bbox 708 2882 756 2928; x_wconf 75' lang='grc'>111</span> <span class='ocrx_word' id='word_1_188' title='bbox 787 2881 864 2925; x_wconf 78' lang='lat' dir='ltr'>tultis</span> <span class='ocrx_word' id='word_1_189' title='bbox 892 2880 999 2926; x_wconf 75' lang='grc' dir='ltr'><strong>ΗΑΒΕΑΤ</strong></span> 
     </span>
     <span class='ocr_line' id='line_1_31' title="bbox 488 2971 675 3018; baseline 0 -2"><span class='ocrx_word' id='word_1_190' title='bbox 488 2971 675 3018; x_wconf 77' lang='lat' dir='ltr'>CONSUETUDO.</span> 
     </span>
    </p>
   </div>
   <div class='ocr_carea' id='block_1_5' title="bbox 88 3097 1064 3625">
    <p class='ocr_par' dir='ltr' id='par_1_9' title="bbox 88 3097 1064 3272">
     <span class='ocr_line' id='line_1_32' title="bbox 130 3097 1064 3181; baseline -0.001 -18"><span class='ocrx_word' id='word_1_191' title='bbox 130 3103 203 3163; x_wconf 70' lang='grc'><strong>112.</strong></span> <span class='ocrx_word' id='word_1_192' title='bbox 220 3097 294 3162; x_wconf 75' lang='lat' dir='ltr'>Aliae</span> <span class='ocrx_word' id='word_1_193' title='bbox 307 3099 503 3181; x_wconf 87' lang='lat' dir='ltr'>requiruntur</span> <span class='ocrx_word' id='word_1_194' title='bbox 518 3117 555 3160; x_wconf 87' lang='lat' dir='ltr'>ex</span> <span class='ocrx_word' id='word_1_195' title='bbox 573 3103 658 3181; x_wconf 83' lang='lat' dir='ltr'>parte</span> <span class='ocrx_word' id='word_1_196' title='bbox 680 3097 928 3176; x_wconf 85' lang='lat' dir='ltr'>Communitntis,</span> <span class='ocrx_word' id='word_1_197' title='bbox 944 3097 1009 3160; x_wconf 84' lang='lat' dir='ltr'>aliae</span> <span class='ocrx_word' id='word_1_198' title='bbox 1027 3117 1064 3162; x_wconf 83' lang='lat' dir='ltr'>ex</span> 
     </span>
     <span class='ocr_line' id='line_1_33' title="bbox 88 3187 956 3272; baseline -0.002 -21"><span class='ocrx_word' id='word_1_199' title='bbox 88 3197 175 3272; x_wconf 83' lang='lat' dir='ltr'>parte</span> <span class='ocrx_word' id='word_1_200' title='bbox 190 3189 286 3271; x_wconf 88' lang='lat' dir='ltr'>ipsius</span> <span class='ocrx_word' id='word_1_201' title='bbox 300 3187 550 3260; x_wconf 78' lang='lat' dir='ltr'>consuetudinis,</span> <span class='ocrx_word' id='word_1_202' title='bbox 567 3187 633 3250; x_wconf 84' lang='lat' dir='ltr'>nliae</span> <span class='ocrx_word' id='word_1_203' title='bbox 648 3206 685 3250; x_wconf 86' lang='lat' dir='ltr'>ex</span> <span class='ocrx_word' id='word_1_204' title='bbox 699 3195 782 3269; x_wconf 87' lang='lat' dir='ltr'>parte</span> <span class='ocrx_word' id='word_1_205' title='bbox 797 3187 956 3268; x_wconf 87' lang='lat' dir='ltr'>Principis.</span> 
     </span>
    </p>

    <p class='ocr_par' dir='ltr' id='par_1_10' title="bbox 91 3275 1064 3625">
     <span class='ocr_line' id='line_1_34' title="bbox 127 3275 1064 3360; baseline -0.005 -16"><span class='ocrx_word' id='word_1_206' title='bbox 127 3281 152 3344; x_wconf 90' lang='lat' dir='ltr'>l.</span> <span class='ocrx_word' id='word_1_207' title='bbox 175 3278 233 3341; x_wconf 79' lang='lat' dir='ltr'>Ea</span> <span class='ocrx_word' id='word_1_208' title='bbox 251 3286 340 3360; x_wconf 84' lang='lat' dir='ltr'>purte</span> <span class='ocrx_word' id='word_1_209' title='bbox 355 3276 593 3340; x_wconf 80' lang='lat' dir='ltr'>Commam’totis.</span> <span class='ocrx_word' id='word_1_210' title='bbox 610 3275 802 3339; x_wconf 86' lang='lat' dir='ltr'>Consuetudo</span> <span class='ocrx_word' id='word_1_211' title='bbox 821 3275 922 3338; x_wconf 91' lang='lat' dir='ltr'>induci</span> <span class='ocrx_word' id='word_1_212' title='bbox 941 3276 1064 3339; x_wconf 76' lang='lat' dir='ltr'>debota</span> 
     </span>
     <span class='ocr_line' id='line_1_35' title="bbox 91 3365 1064 3448; baseline -0.004 -18"><span class='ocrx_word' id='word_1_213' title='bbox 91 3368 321 3441; x_wconf 82' lang='lat' dir='ltr'>communitate,</span> <span class='ocrx_word' id='word_1_214' title='bbox 336 3367 384 3428; x_wconf 90' lang='lat' dir='ltr'>cui</span> <span class='ocrx_word' id='word_1_215' title='bbox 400 3367 505 3428; x_wconf 81' lang='lat' dir='ltr'>saltem</span> <span class='ocrx_word' id='word_1_216' title='bbox 520 3385 589 3429; x_wconf 84' lang='lat' dir='ltr'>vera</span> <span class='ocrx_word' id='word_1_217' title='bbox 604 3365 649 3427; x_wconf 83' lang='lat' dir='ltr'>lex</span> <span class='ocrx_word' id='word_1_218' title='bbox 670 3366 761 3446; x_wconf 85' lang='lat' dir='ltr'>possit</span> <span class='ocrx_word' id='word_1_219' title='bbox 775 3365 907 3448; x_wconf 89' lang='lat' dir='ltr'>imponi,</span> <span class='ocrx_word' id='word_1_220' title='bbox 923 3367 1064 3444; x_wconf 78' lang='lat' dir='ltr'>dmajore</span> 
     </span>
     <span class='ocr_line' id='line_1_36' title="bbox 92 3454 1063 3540; baseline -0.006 -23"><span class='ocrx_word' id='word_1_221' title='bbox 92 3456 183 3538; x_wconf 85' lang='lat' dir='ltr'>ipsius</span> <span class='ocrx_word' id='word_1_222' title='bbox 196 3463 303 3540; x_wconf 85' lang='lat' dir='ltr'>parte,</span> <span class='ocrx_word' id='word_1_223' title='bbox 319 3474 356 3518; x_wconf 85' lang='lat' dir='ltr'>ex</span> <span class='ocrx_word' id='word_1_224' title='bbox 370 3457 450 3517; x_wconf 82' lang='lat' dir='ltr'>certt</span> <span class='ocrx_word' id='word_1_225' title='bbox 464 3455 599 3530; x_wconf 75' lang='lat' dir='ltr'>scientia,</span> <span class='ocrx_word' id='word_1_226' title='bbox 617 3473 670 3536; x_wconf 89' lang='lat' dir='ltr'>per</span> <span class='ocrx_word' id='word_1_227' title='bbox 684 3462 767 3516; x_wconf 89' lang='lat' dir='ltr'>actus</span> <span class='ocrx_word' id='word_1_228' title='bbox 781 3454 917 3536; x_wconf 87' lang='lat' dir='ltr'>publicos</span> <span class='ocrx_word' id='word_1_229' title='bbox 931 3461 961 3515; x_wconf 90' lang='lat' dir='ltr'>et</span> <span class='ocrx_word' id='word_1_230' title='bbox 973 3454 1063 3513; x_wconf 87' lang='lat' dir='ltr'>etiam</span> 
     </span>
     <span class='ocr_line' id='line_1_37' title="bbox 92 3541 1063 3625; baseline -0.005 -21"><span class='ocrx_word' id='word_1_231' title='bbox 92 3544 210 3625; x_wconf 86' lang='lat' dir='ltr'>liberos,</span> <span class='ocrx_word' id='word_1_232' title='bbox 227 3563 292 3608; x_wconf 89' lang='lat' dir='ltr'>non</span> <span class='ocrx_word' id='word_1_233' title='bbox 309 3545 426 3607; x_wconf 78' lang='lat' dir='ltr'>verder</span> <span class='ocrx_word' id='word_1_234' title='bbox 439 3548 466 3608; x_wconf 88' lang='lat' dir='ltr'>vi</span> <span class='ocrx_word' id='word_1_235' title='bbox 481 3553 533 3610; x_wconf 85' lang='lat' dir='ltr'>aut</span> <span class='ocrx_word' id='word_1_236' title='bbox 543 3546 651 3606; x_wconf 85' lang='lat' dir='ltr'>timore</span> <span class='ocrx_word' id='word_1_237' title='bbox 665 3543 797 3622; x_wconf 86' lang='lat' dir='ltr'>elicitos,</span> <span class='ocrx_word' id='word_1_238' title='bbox 812 3561 882 3605; x_wconf 87' lang='lat' dir='ltr'>eum</span> <span class='ocrx_word' id='word_1_239' title='bbox 899 3541 1063 3602; x_wconf 86' lang='lat' dir='ltr'>intentione</span> 
     </span>
    </p>
   </div>
   <div class='ocr_carea' id='block_1_6' title="bbox 0 0 1311 3988">
    <p class='ocr_par' dir='ltr' id='par_1_11' title="bbox 0 0 1311 3988">
     <span class='ocr_line' id='line_1_38' title="bbox 0 0 1311 3988; baseline 0 0"><span class='ocrx_word' id='word_1_240' title='bbox 0 0 1311 3988; x_wconf 95' lang='lat' dir='ltr'> </span> 
     </span>
    </p>
   </div>
  </div>
 </body>
</html>
