2506 3984
464 197 548 280 cirri
564 192 687 278 ierom
1006 212 1060 274 641

78 346 96 387 ι
123 323 242 388 duntur
264 325 313 388 alii
341 325 458 388 Praelati
485 324 658 402 interiores,
683 343 746 388 non
766 329 867 389 autem
881 325 1062 408 Capitulum,

79 436 97 473 u
125 415 227 496 quod,
238 415 315 478 Sede
327 427 462 491 vacante,
471 433 533 476 nou
543 419 588 476 est
602 413 725 478 interius
738 413 791 478 sed
803 434 857 497 pur
870 415 1029 498 Episcopo.
1046 439 1061 474 a

128 508 229 567 Potest
238 505 373 567 Vicarius
386 504 563 587 Capitularis
572 505 835 567 excommunicare
849 551 857 581 ,
882 505 1065 586 suspendere

81 600 116 655 et
125 593 306 656 interdicere
316 593 448 674 singulas
459 611 602 674 personas
611 591 649 655 de
659 592 808 675 Capitulo,
818 611 879 655 non
889 591 1074 656 verdtotum'

83 683 270 764 Capitulum.
288 681 429 745 Decisum
439 683 456 743 a
466 683 497 744 S.
514 681 663 763 Congreg.
676 681 789 744 Concil.
802 687 926 744 testatur
933 682 1063 758 (taccias,

84 789 138 852 ap.
154 773 249 834 Bouix
263 769 329 850 (id,
347 790 378 852 p.
394 771 475 849 616).

129 863 156 921 Α.
171 861 307 924 censuris
320 861 410 942 Papae
423 877 486 921 non
506 859 678 935 reservatis,
694 865 745 921 aut
758 859 825 922 latis
838 861 855 921 a
869 878 903 921 se
916 860 962 922 vel
976 863 994 922 a
1008 861 1065 924 Ca-

85 950 185 1032 pitulo
205 950 251 1012 vel
281 952 298 1011 a
318 949 461 1012 defuncto
481 948 607 1010 Praelato
633 947 785 1010 absolvere
805 953 922 1030 potest,
946 947 1008 1011 imd
1028 949 1067 1011 ab

85 1039 233 1100 omnibus
241 1039 377 1100 censuris
395 1035 471 1100 sicut
484 1043 601 1118 poterat
613 1036 791 1119 Episcopus.
808 1037 883 1100 Vide
896 1038 1064 1118 Reiffenst.,

87 1126 143 1189 lib.
160 1131 200 1204 3,
215 1128 261 1188 tit.
273 1131 308 1204 9,
324 1129 359 1188 n⁰
372 1129 411 1189 62
422 1173 430 1201 ,
441 1131 499 1189 etc.

129 1219 219 1278 tuda.
243 1216 365 1288 Ouaerit.
381 1219 414 1276 4⁰
427 1215 505 1287 Quid
514 1215 685 1296 Capitulum
697 1222 751 1279 aut
765 1215 900 1280 Vicarius
913 1219 1066 1300 Capitula-

87 1305 131 1366 ris
143 1303 345 1386 possitquoad
359 1303 622 1386 dispensationes?
999 1299 1002 1308 ’

128 1395 219 1474 Resp.
231 1394 315 1456 ldem
329 1392 412 1475 quod
425 1392 592 1475 Episcopus
603 1412 611 1453 ε
621 1392 704 1456 unde
714 1395 745 1456 1⁰
759 1394 792 1455 in
805 1392 880 1458 locis
894 1395 945 1458 ubi
961 1415 1065 1480 recep·

86 1487 155 1544 tum
169 1489 215 1545 est
229 1482 342 1545 Concil.
351 1481 498 1560 Trident,
512 1487 611 1564 potest
625 1481 799 1564 dispensare
814 1501 905 1564 super
923 1485 1066 1549 omnibus

87 1571 357 1653 irregularitatibus
377 1571 503 1634 occultis
523 1589 560 1634 ex
580 1570 690 1634 delicto
704 1573 881 1646 contractis,
905 1573 1065 1637 homicidio

87 1659 256 1724 voluntario
277 1667 421 1742 excepto;
437 1665 468 1722 E·
482 1667 580 1742 potest
596 1660 771 1742 dispensare
789 1679 879 1746 super
901 1663 1066 1727 interstitiis

89 1748 119 1809 in
139 1749 257 1811 casibus
280 1748 392 1830 quibus
411 1748 596 1812 dimissorias
614 1750 781 1812 concedere
798 1750 893 1828 valet3
913 1754 946 1813 3⁰
968 1759 1066 1834 potest

89 1835 263 1917 dispensare
277 1855 347 1898 cum
362 1837 525 1918 illegitimis
546 1837 584 1900 ad
600 1839 733 1901 minores
746 1838 868 1902 ordines
882 1839 1065 1922 promoven-

91 1922 153 2000 dis;
169 1929 201 1986 4⁰
216 1925 297 1987 idem
312 1932 409 2006 polest
422 1926 453 1988 in
468 1927 601 1999 casibus,
619 1947 681 1991 non
696 1929 794 1992 solinu
813 1929 865 2009 qui
879 1949 934 2011 per
951 1949 995 2010 se,
1011 1933 1063 1995 scd

90 2013 178 2074 etiarn
195 2016 246 2096 qui
268 2032 322 2095 per
344 2015 483 2077 accidens
501 2018 622 2097 (nempe
641 2011 763 2097 propter
783 2017 987 2080 difficultatem
1010 2022 1063 2084 ad·

89 2101 181 2162 eundi
196 2103 320 2183 Papam)
335 2109 403 2163 sunt
422 2104 607 2184 Episcopaiis
624 2105 850 2184 iurisdictionis.
867 2109 909 2168 lta
919 2106 1062 2190 Lauren,

90 2207 138 2270 ap.
156 2189 267 2262 Bouix,
284 2189 338 2260 ib..
355 2209 385 2272 p.
399 2195 469 2252 617.
485 2191 653 2270 Reiffenst.,
669 2193 721 2254 lib.
737 2196 776 2264 3,
793 2194 835 2255 tit.
852 2198 890 2269 3,
904 2195 945 2256 n¹·
959 2203 1061 2264 taes.

130 2281 217 2340 1263.
241 2279 364 2353 Quaerit.
380 2283 412 2342 5⁰
426 2279 566 2344 Potestne
580 2282 749 2365 Capitulum
763 2289 816 2346 aut
829 2285 965 2348 Vicariua
977 2289 1063 2371 Capi-

90 2365 192 2428 tularis
213 2367 325 2430 litteras
350 2369 564 2434 testimoniales
592 2376 622 2434 et
643 2370 828 2435 dimissorias
845 2375 1012 2441 concedere
1025 2377 1063 2442 ad

91 2456 295 2538 suscipiendos
308 2457 482 2520 ordines¹l
1015 2496 1018 2502 ·

129 2547 218 2627 Resp.
236 2549 266 2607 1ο
280 2546 384 2618 Quoad
394 2547 506 2614 litteras
518 2549 749 2624 testimoniales,
766 2551 830 2614 illas
839 2571 927 2634 posse
937 2557 1062 2622 concedi

91 2634 273 2716 tCapitulo,
288 2635 335 2697 vel
349 2637 366 2697 a
380 2635 499 2699 Vicario
513 2637 685 2719 capitulari.
701 2641 746 2702 Ita
758 2643 972 2706 communiter,

130 2726 216 2784 taut.
233 2758 273 2769 -
287 2728 317 2787 2⁰
333 2723 436 2796 Quoad
451 2725 562 2787 litteras
575 2726 760 2792 dimissorias
771 2776 779 2807 ‚
790 2729 932 2794 sichabet
946 2735 1059 2802 Concil.

92 2809 220 2872 'trident
231 2813 314 2890 (sess.
324 2818 355 2891 7,
369 2831 398 2876 c.
415 2816 463 2892 10)
475 2833 505 2874 :o
517 2816 584 2877 Non
594 2815 682 2878 liceat
694 2818 837 2900 Capitulis
846 2821 1060 2904 Ecclesiamm,

93 2919 105 2956 a
129 2899 205 2961 Sede
218 2907 353 2978 vacante,
369 2900 447 2964 inira
467 2919 582 2965 annum
603 2905 621 2966 1
641 2905 690 2968 die
708 2907 885 2988 vacationis,
901 2911 1060 2978 ordinandi

93 3009 105 3046 a
129 2987 279 3050 licentiam
292 2995 344 3052 aut
361 2989 472 3053 litteras
491 2990 674 3058 dimissorias
699 3015 748 3058 seu
768 3000 939 3064 reverendus
961 3005 1061 3082 (etiam

91 3099 106 3136 r
128 3077 257 3155 cujusvis
270 3077 416 3160 privilegii
436 3087 489 3143 aut
508 3083 737 3150 consuetudinis
752 3087 865 3170 vigore)
883 3089 991 3171 alicui,
1007 3097 1060 3178 qui

91 3185 106 3224 n
127 3163 264 3229 beneficii
278 3167 436 3230 occasione
454 3175 583 3234 arctatus
606 3191 668 3235 non
690 3174 781 3240 fauerit
791 3221 802 3252 ,
822 3180 1015 3246 concedere:
1035 3185 1060 3248 si

91 3275 106 3314 a
127 3271 212 3317 secus
226 3255 296 3330 liat,
311 3257 483 3338 Capitulum
497 3263 725 3326 contraveniens
737 3266 945 3333 Ecclesiastico
958 3272 1058 3354 subja·

91 3363 105 3402 a
127 3349 190 3406 oeat
204 3345 427 3408 interdicto...»
444 3347 521 3412 Vide
534 3351 626 3413 etiam
642 3371 716 3416 sess.
733 3357 868 3440 23,cap.
886 3361 935 3422 10.

127 3431 225 3494 Potest
237 3439 340 3496 tamen
349 3435 486 3500 Vicarius
500 3439 693 3522 Capituloris,
708 3451 779 3508 ante
792 3446 929 3530 elapsum
942 3467 1055 3522 annum

93 3579 323 3715 sedpffiwm
335 3582 400 3633 inter
410 3583 591 3638 testimoniales
603 3595 628 3639 et
637 3587 790 3644 dimissorias
800 3593 903 3661 litteras,
917 3599 974 3654 nida
985 3617 1057 3670 cupra

889 3735 973 3796 ωηο
