2496 3992
221 255 280 319 656
306 293 314 303 ·
435 271 575 318 uernans
594 269 699 318 manns
718 265 968 324 anuscanonrcr.

221 391 305 439 stitnta
320 387 450 448 socictate,
465 396 490 439 et
511 393 549 452 jus
564 387 660 437 ciribns
676 385 756 437 inesse
777 385 810 435 ad
825 383 994 434 omnimodam
1026 383 1176 438 libertatern.

220 463 287 510 nulls
303 463 340 509 ret
364 460 527 511 ecclesistico
555 459 592 507 vel
605 457 670 506 cirill
697 457 842 506 auctoritate
857 455 1106 517 concentumque
1121 470 1175 504 snus

220 539 353 595 eoruccptns
367 547 542 594 quoscumque,
558 534 611 578 siue
631 540 701 585 voce,
727 527 778 576 aire
794 527 867 592 typis.
882 525 935 577 sira
947 526 995 574 alia
1013 527 1129 587 catium,
1141 541 1174 588 pu·

219 603 268 652 lam
283 605 428 664 puuuteeuue
441 601 642 653 manifestasses
655 597 779 648 declarare
801 599 911 648 valcant.

237 679 262 729 ιι
278 679 434 732 voluntatem
453 679 546 740 ucputt,
573 677 686 742 publica,
712 691 785 742 qnam
812 678 912 735 dieunt,
937 674 1058 740 opinione
1078 674 1121 738 ycl
1142 675 1182 722 al:

206 751 303 802 ratione
316 751 514 810 manifestatam,
537 749 690 799 constituere
705 762 845 812 supremam
866 748 945 812 legam
963 747 994 796 ab
1017 745 1089 796 omni
1105 746 1183 796 dirius

207 821 365 888 humanoque
376 821 431 887 jure
442 821 546 871 solutam
558 833 566 877 ·,
578 825 603 868 ct
617 817 642 868 in
656 817 743 868 ordine
756 818 856 881 politico
870 816 934 870 iacta
950 823 1140 876 consummata,
1159 831 1183 867 co

207 894 260 958 ipsu
273 893 338 957 quod
353 896 522 944 consummata
534 896 603 946 suut,
615 895 663 938 rim
674 891 737 953 juris
750 889 849 940 babere.

239 965 266 1010 50
285 963 449 1013 asciscendum
462 975 516 1012 esse
530 959 623 1010 ciuibus
635 966 659 1008 et
672 959 787 1009 Ecclesia
800 959 941 1011 facultatem
949 961 1185 1026 pessumarum,

209 1034 347 1085 cbristicuoe
359 1033 483 1083 eboritotis
499 1046 581 1088 crunno,
594 1032 678 1094 palam
689 1044 792 1094 cropore
805 1032 910 1090 uel-out.
924 1032 992 1081 aede
1005 1030 1186 1083 mediotutlen·

210 1109 264 1154 dam
276 1105 354 1168 legem
368 1119 417 1170 quo
430 1105 501 1154 ccrtn
510 1101 631 1167 aliquibus
644 1102 729 1152 dicbus
737 1102 915 1167 opcrsacrct'lio
921 1107 1025 1167 propter
1036 1102 1084 1154 Del
1092 1105 1186 1154 cultum

209 1177 377 1240 prohibemur.

240 1247 268 1296 90
285 1246 433 1298 Societatem
448 1245 609 1296 domesticam
621 1260 665 1296 aen
678 1245 795 1295 familiam
806 1249 883 1294 totam
895 1258 947 1294 sua
956 1243 1096 1295 existentias
1110 1243 1187 1295 ratio·

211 1331 292 1369 nanta
307 1319 363 1384 jure
374 1319 494 1368 duntaxat
508 1317 572 1367 ciuili
587 1317 710 1376 mutuari;
727 1315 880 1380 proindeque
894 1330 923 1364 cr
936 1313 992 1380 lege
1006 1320 1106 1364 mutum
1120 1317 1186 1366 cirili

211 1389 337 1441 dimanare
349 1405 377 1439 ac
387 1389 493 1454 pendere
505 1391 560 1452 jura
574 1389 655 1438 omnia
671 1393 799 1449 pareutum
819 1384 844 1436 iu
863 1385 937 1446 lilios,
954 1399 1011 1436 curn
1024 1385 1114 1450 primis
1129 1403 1186 1438 raro

211 1457 251 1524 jur
262 1460 423 1510 iustitutionis
437 1460 640 1524 educationisqne
652 1457 776 1508 curandae.

242 1531 268 1579 'l‘
283 1531 398 1590 Clarum,
419 1536 504 1591 utpote
524 1545 582 1582 sero
602 1531 706 1596 utilique
720 1528 829 1578 scientias
850 1533 875 1578 ct
891 1525 1014 1577 civilitatis
1036 1543 1188 1593 progressus

214 1602 348 1662 inimicum,
362 1603 391 1652 ab
404 1601 471 1652 omni
481 1600 617 1666 inventutis
629 1599 787 1650 instituendas
798 1597 983 1663 educendosque
995 1611 1054 1648 cura
1065 1607 1092 1648 et
1103 1599 1187 1651 efficio

215 1687 269 1724 esse
281 1674 455 1724 emerendum.

244 1743 271 1794 uo
289 1743 404 1794 Ecclesia
421 1743 488 1807 leges
504 1758 555 1792 uon
576 1741 689 1808 obligare
710 1742 736 1792 in
754 1739 916 1802 conscientia,
934 1739 981 1790 nisi
999 1755 1055 1790 cnm
1071 1744 1188 1804 promul·

214 1821 328 1880 paulurn
344 1813 408 1863 cirili
423 1820 559 1876 potestate3
577 1841 607 1851 -
622 1821 676 1864 acta
689 1819 714 1863 et
727 1813 823 1862 decreta
836 1811 1003 1862 Rornartorum
1019 1811 1186 1872 Pontificum,

216 1885 245 1935 ad
266 1883 420 1948 Religionem
440 1889 464 1933 et
480 1883 613 1934 Ecclesiam
631 1883 777 1949 spectantia.
792 1883 903 1948 indigere
915 1883 1044 1932 sanctione
1057 1890 1083 1932 ct
1095 1897 1187 1948 appro-

217 1955 330 2014 batione,
352 1954 390 2005 r'el
411 1953 540 2005 mtaiunnm
565 1969 666 2006 assensu
685 1953 813 2020 potestatis
830 1953 927 2012 cirilis3
943 1977 974 1990 -
991 1951 1188 2005 constitutiones

216 2025 363 2106 apostolicas
373 2025 462 2090 quibus
476 2025 625 2076 damnantur
639 2025 799 2076 clandestina
811 2023 959 2084 Societates
976 2025 1028 2074 sire
1046 2024 1072 2074 in
1086 2025 1122 2076 cis
1135 2027 1188 2078 cxi-
1233 2049 1234 2112 p

216 2105 297 2163 gutur
311 2096 423 2147 eirenen
442 2095 554 2162 exigetur
565 2097 732 2164 juramentum
756 2097 787 2146 (le
800 2101 896 2146 secreto
909 2095 1040 2151 servando.
1052 2111 1189 2164 earumque
1233 2095 1234 2150 i

217 2169 316 2219 assecla
328 2175 352 2218 ct
364 2169 471 2218 lautores
484 2169 640 2218 anathemate
656 2169 719 2219 mul
726 2173 820 2228 tantur,
834 2166 926 2216 nullam
939 2165 1062 2216 babere
1040 2181 1090 2215 rim
1103 2167 1127 2216 iu
1142 2168 1189 2218 illis
1233 2159 1234 2202 l

217 2242 284 2291 orbis
297 2239 438 2304 regionibus
457 2239 500 2289 ubi
521 2238 643 2305 ejusmodi
656 2237 848 2306 aggregationes
867 2238 1005 2288 tolerantur
1021 2252 1035 2287 a
1049 2237 1116 2288 cirili
1136 2239 1190 2291 Gn·
1233 2239 1234 2290 i

220 2312 353 2370 bernio·,-
363 2309 642 2361 excommunicationem
653 2307 782 2362 allencilin
792 2307 935 2358 Tridentino
943 2313 967 2358 et
975 2305 1093 2358 Romanis
1102 2307 1191 2360 Ponti·

219 2383 305 2433 llcibns
328 2381 424 2432 latam
418 2395 443 2430 un
463 2380 562 2446 eosqui
585 2382 640 2446 jura
662 2379 883 2448 possessionesque
896 2379 1010 2431 Ecclesiae
1028 2378 1153 2431 invadunt
1167 2391 1192 2433 et

219 2459 346 2519 usurpant,
362 2451 405 2501 niti
417 2451 565 2503 contusione
578 2453 669 2503 ordinis
681 2451 824 2519 spiritualis.
839 2449 982 2515 ordinisque
996 2449 1073 2500 cuitu
1087 2467 1117 2502 ac
1127 2455 1192 2518 poli·
1233 2473 1234 2520 ;

220 2523 261 2574 tici
280 2525 311 2574 ad
334 2523 486 2573 mundanum
509 2524 628 2574 duntaxat
650 2524 742 2574 bonum
768 2521 982 2588 prosequendum
1003 2548 1031 2558 -
1052 2521 1191 2573 Ecclesiam
1233 2541 1234 2580 l

220 2593 278 2645 nihil
292 2594 381 2646 debere
394 2599 534 2655 decernere,
549 2595 616 2660 quod
633 2593 787 2662 obstringere
807 2594 884 2657 possit
897 2593 1008 2643 lidcliunr
1022 2593 1191 2644 conscientias
1233 2599 1234 2640 l

220 2665 245 2716 in
257 2666 343 2715 ordine
354 2665 384 2715 ad
397 2681 469 2716 nsum
488 2681 568 2716 rerum
580 2667 753 2730 temporalium
772 2681 779 2716 a
797 2664 913 2715 Ecclesia
925 2663 968 2730 jus
985 2676 1034 2714 nou
1048 2678 1191 2729 competere
1233 2641 1234 2718 i

131 2775 133 2780 ,
221 2737 351 2787 violatores
369 2735 452 2800 leann
472 2751 572 2787 enarum
592 2737 673 2801 pranis
694 2735 871 2801 temporalibus
891 2733 1036 2796 coercendi;
1060 2735 1188 2789 conforme
1233 2735 1234 2802 l

220 2821 274 2858 esse
284 2821 360 2858 sacras
372 2807 503 2871 theologiae
515 2807 627 2874 jurisque
641 2807 732 2870 putitiu
753 2805 892 2871 principiis,
915 2805 1036 2856 benorum
1049 2807 1188 2889 proprieta-
1233 2873 1234 2876 Ἴ

221 2885 280 2937 mm,
293 2893 348 2942 qna
361 2877 391 2926 ab
406 2879 525 2936 ecclesus
549 2877 685 2928 aEamiliis
704 2877 835 2942 religiosis,
849 2877 953 2941 alnsque
965 2875 1027 2927 locu
1046 2891 1092 2942 pus
1106 2893 1190 2943 poan
1233 2879 1234 2940 l

222 2949 319 3008 dentur,
330 2948 394 2998 cirili
408 2947 532 3000 Gubernio
545 2963 655 3000 asserere
667 2951 830 3000 ctrindicare.
1233 2943 1234 2970 ¹

250 3019 278 3069 90
303 3019 497 3070 Ecclesiasticam
521 3027 665 3084 potestatem
683 3035 732 3070 nnn
756 3033 810 3070 esse
827 3017 883 3083 jure
902 3017 986 3069 divine
1006 3018 1150 3072 distinctam
1167 3031 1191 3076 st
1233 2989 1234 3064 i

222 3090 452 3155 independentema
466 3097 585 3154 potestate
597 3091 676 3153 cirili,
691 3107 772 3157 neque
784 3105 814 3155 e]
799 3088 906 3140 'nemodi
919 3089 1102 3141 distinctionem
1115 3093 1156 3142 et'
1149 3110 1191 3144 ru·
1233 3067 1234 3156 i

222 3159 409 3224 dependentium
421 3163 511 3211 serrari
525 3177 605 3227 posse.
618 3163 678 3230 qnia
689 3164 719 3212 ab
730 3161 838 3213 Ecclesia
848 3161 996 3212 invadantur
1007 3165 1030 3211 et
1040 3175 1190 3228 usurpentur

222 3233 360 3287 essentialia
374 3232 429 3297 jura
442 3240 569 3297 potestatis
579 3234 666 3286 cirilla.

253 3304 294 3356 lb·
309 3304 359 3355 ltlis
373 3305 519 3368 llpostolrcas
533 3305 604 3356 Sedis
617 3305 717 3372 judiciis
730 3311 754 3357 et
766 3303 883 3364 decretis,
898 3317 1005 3370 qnorum
1021 3303 1190 3370 obiectumst
1233 3331 1234 3342 ¹

223 3377 316 3428 bonum
335 3377 452 3439 generale
470 3373 593 3431 Ecclesiae.
608 3376 786 3442 ejusdemque'
779 3391 844 3440 lura,
857 3377 887 3425 ad
906 3375 1060 3439 disciplinam
1078 3385 1189 3440 spectare

223 3447 369 3506 declaratur
390 3443 526 3493 dummodo
548 3443 604 3494 lidei
624 3461 771 3510 morumque
787 3447 903 3511 dogmata
924 3461 974 3496 non
991 3447 1103 3510 attinget,
1116 3464 1189 3512 posse

223 3531 349 3567 assensum
371 3519 394 3562 et
411 3511 576 3562 obedientiam
598 3513 729 3564 detrectari
747 3514 842 3581 absque
854 3521 968 3582 peccato,
986 3523 1011 3568 st
1029 3515 1123 3582 absque
1137 3519 1188 3572 ulta

225 3585 350 3641 calholica
360 3579 535 3648 proiectiouis'
526 3587 630 3646 jactura.

257 3653 390 3714 quibus
402 3658 483 3704 ιιιιιιιι
500 3651 709 3715 propositionibus
721 3657 756 3705 sic
775 3656 860 3708 statuit
873 3653 1004 3708 Pentiler
