2546 3992
511 231 596 280 uam
611 233 730 281 ramos.
1047 217 1108 284 tta

135 344 151 384 a
175 321 300 386 concilii
309 325 501 389 Prouincialis
510 326 541 390 in
551 327 892 396 suisDioecesibus.lloo
901 331 982 393 enlm
993 331 1111 414 expedit

135 434 150 474 a
176 411 213 474 ad
228 412 342 476 minum
352 414 500 495 regimen,
510 417 616 490 Salm.‚
629 435 700 480 cum
714 417 968 497 Sanchez,Suar.,
984 421 1108 496 Bonae,

135 523 149 560 o
176 501 326 565 Patous.»
350 505 393 566 lta
415 504 446 567 S.
463 505 598 586 Liguor,
613 505 655 567 ib.
675 507 829 570 Immerito
850 513 951 571 autem
969 509 1111 589 Laqueus

135 593 180 670 (uo
202 595 272 670 290)
298 593 405 655 asserit
425 611 534 656 omnes
559 593 598 657 de
626 593 683 658 hoc
712 597 875 660 convenire
897 615 905 658 ε
929 615 999 659 nam
1027 597 1112 659 aliter

136 682 282 756 sentiunt,
306 687 372 744 tum
395 681 446 746 ille
467 683 521 765 qui
543 701 637 747 noras
658 682 827 748 additiones
847 684 958 766 adjecit
979 686 1113 749 Ferraris

136 768 206 850 (id,
222 777 256 832 n‘¹
270 773 331 849 96),
348 777 413 834 tum
427 773 465 836 D.
482 771 596 852 Bouix,
610 770 657 836 ue
673 773 832 858 Episcopo,
846 779 921 838 tom.
938 778 969 852 2,
989 793 1020 857 p.
1041 778 1109 838 l0l.

139 878 155 914 a
176 857 381 941 Regulariter,
397 861 497 944 inquit
515 865 683 926 annotator
701 861 854 935 Ferraria,
876 862 1044 946 Episcopus
1063 882 1113 926 no-

134 967 150 1006 o
175 947 241 1028 quit
270 947 446 1030 dispensare
472 969 564 1033 super
590 950 713 1033 Synodo
748 951 937 1016 Prouinciali.
971 953 1113 1026 Ouinimd

134 1057 151 1095 u
176 1054 232 1098 neo
248 1037 498 1120 Archiapiscopus
512 1038 686 1120 dispensare
699 1037 1112 1123 valetsuperleodem);ci1m

134 1147 150 1184 u
174 1126 213 1187 ab
235 1125 302 1207 ipso
323 1134 469 1207 tanquam
492 1126 626 1188 inferiori
650 1126 687 1188 ad
712 1129 927 1191 Provincialem
954 1130 1111 1212 Synodum

135 1237 151 1274 o
177 1215 388 1296 appelletur.»
407 1213 466 1276 Sed
480 1215 628 1278 sententia
645 1213 798 1278 affirmans
812 1219 844 1280 S.
860 1219 1016 1300 liguorio,
1037 1221 1112 1280 sicut

136 1304 255 1366 suavior
268 1304 312 1366 sic
325 1302 441 1384 aequior
454 1303 582 1374 videtur,
596 1305 668 1367 cum
681 1321 719 1366 ex
731 1307 793 1366 uult
807 1313 891 1387 parte
906 1313 1030 1388 possunt
1048 1325 1113 1369 esse

135 1409 222 1456 casus
242 1391 274 1454 in
294 1392 405 1475 quibus
422 1393 514 1470 utilis,
536 1394 598 1456 imd
619 1400 649 1455 et
668 1394 837 1456 necessaria
859 1400 957 1478 potest
973 1413 1038 1457 esse
1051 1395 1112 1457 dis·

136 1481 271 1564 pensatio
278 1499 369 1564 super
375 1481 502 1544 decretis
511 1481 625 1565 Synodi
639 1481 848 1560 Prouincialis;
863 1491 893 1546 et
902 1502 938 1546 ex
947 1484 1005 1546 alit
1018 1491 1111 1565 pauc,

135 1587 257 1650 aequum
270 1571 388 1634 videtur
402 1577 434 1635 ut
448 1571 586 1653 Episcopi
601 1578 676 1635 tuno
688 1571 819 1634 habeant
831 1571 1001 1636 facultatem
1015 1574 1046 1633 iu
1060 1573 1114 1634 hu-

132 1657 264 1739 jusmodi
274 1658 402 1723 decretis
411 1658 660 1742 dispensandi,ut
669 1660 777 1723 nonsit
787 1659 1022 1744 exspectandum
1032 1661 1113 1724 aliud

137 1749 306 1812 Concilium
330 1748 536 1828 Provinciale,
557 1749 605 1814 vel
627 1748 666 1812 sit
694 1750 912 1814 resumendum
934 1749 973 1814 ad
1004 1750 1113 1814 Sedem

136 1837 350 1920 Apostolicam.

175 1927 319 2009 Quidquit
331 1927 370 1990 sit
382 1926 573 1992 sentiendum
587 1929 625 1990 de
639 1928 786 1990 sententid
799 1927 891 1990 modlt
904 1927 998 1992 relata
1013 1929 1114 1991 Anno

136 2019 238 2080 tatoris
251 2017 386 2078 Ferraria
398 2023 429 2079 et
442 2018 479 2078 D.
496 2017 602 2091 Bouix,
617 2015 765 2096 cquando
777 2015 938 2080 reservatio
951 2015 985 2077 fit
999 2017 1030 2078 in
1044 2019 1115 2079 Pro-

135 2131 151 2166 »
174 2106 293 2168 vinciali
304 2103 439 2186 Synodo,
446 2103 531 2183 juxta
541 2103 702 2184 ipsummet
711 2104 806 2166 Bouix
816 2103 871 2181 (De
879 2103 1036 2186 Episcopo,
1047 2111 1069 2166 t.
1082 2111 1112 2183 E,

135 2218 152 2257 a
176 2215 207 2276 p.
223 2197 305 2272 alt),
322 2210 384 2256 uon
398 2191 541 2255 adimitur
554 2192 681 2272 singulis
702 2193 865 2256 Provinciae
887 2193 1044 2274 Episcopis
1058 2213 1115 2274 po·

135 2307 151 2346 o
175 2289 266 2347 testas
278 2284 317 2346 ab
331 2283 368 2346 iis
380 2279 555 2344 absolvendi
570 2298 579 2340 ε
594 2281 667 2363 quia
683 2287 757 2344 tuno
777 2280 919 2363 synodus
937 2299 999 2344 non
1018 2281 1112 2346 sibi...

135 2397 151 2434 ir
176 2373 229 2436 sed
251 2372 378 2454 singulis
396 2370 553 2453 Episcopis
574 2387 661 2433 casus
686 2387 851 2434 reservasse
872 2379 1023 2434 causetur.
1039 2371 1115 2435 Vide

136 2486 151 2524 u
177 2463 290 2526 Bened.
306 2463 384 2538 xlv,
400 2460 444 2523 Dc
457 2457 584 2542 Synod,
600 2457 652 2522 lib.
668 2461 700 2536 5,
714 2477 781 2541 cap.
795 2465 826 2536 l,
843 2471 876 2520 n⁰
889 2462 920 2522 3.
936 2481 952 2518 r

176 2557 246 2616 973.
268 2555 301 2615 3⁰
315 2553 444 2614 Possunt
461 2547 601 2631 Episcopi
619 2547 794 2630 dispensare
814 2565 885 2610 cum
905 2547 968 2610 suis
988 2547 1114 2612 subditis

138 2643 169 2705 in
186 2641 326 2722 jejuniis,
347 2657 404 2723 pro
417 2637 545 2718 singulis
557 2635 678 2700 casibus
690 2636 932 2712 occurrentibus,
947 2655 1017 2699 oum
1034 2639 1114 2719 justa

138 2740 240 2794 tamen
253 2731 361 2805 caust3
375 2728 401 2791 si
415 2733 516 2790 autem
530 2743 621 2788 causa
634 2743 696 2788 non
711 2725 847 2788 videatur
856 2725 1018 2804 sufficiens,
1029 2728 1075 2790 vel
1089 2727 1114 2790 si

137 2819 176 2882 de
186 2821 251 2900 ejus
265 2816 444 2881 sufficientia
456 2813 620 2891 dubitetur,
636 2815 747 2897 poterit
756 2813 922 2897 Episcopus
931 2817 1040 2896 partim
1053 2816 1114 2878 dis-

138 2927 265 2992 pensare
279 2914 310 2972 et
323 2907 432 2991 partim
446 2910 633 2968 commutare
647 2903 679 2965 in
693 2903 776 2966 aliud
789 2921 867 2986 opus
880 2906 977 2988 pium.
989 2904 1064 2968 Vide
1080 2907 1111 2968 S.

26 3071 27 3088 ,
140 2996 544 3080 tremamuamrioaa.

177 3091 252 3151 Item
273 3092 398 3168 possunt
420 3081 560 3165 Episcopi
581 3099 618 3144 ex
639 3081 720 3162 justa
742 3083 847 3159 causa,
869 3101 939 3147 cum
959 3084 1115 3167 particula·

138 3178 222 3242 ribus
239 3176 376 3258 personis
397 3171 617 3255 dispensarem
637 3171 705 3254 lege
720 3171 908 3236 abstinentia
921 3175 939 3235 a
952 3172 1110 3246 carnibus,

138 3268 201 3332 ovis
210 3275 237 3331 et
250 3262 454 3337 lacticiniis,et
467 3261 498 3322 in
512 3267 663 3343 praecepto
676 3261 844 3326 abstinendi
858 3262 896 3325 ab
905 3263 1046 3346 operibus
1055 3281 1115 3324 sar·

138 3358 262 3431 vilibus,
279 3354 386 3417 dicbus
403 3350 485 3414 lestis
502 3350 555 3412 toti
569 3349 709 3413 Ecclesiae
722 3352 947 3415 communibus.
963 3351 1045 3414 ldem
1059 3369 1114 3432 po-

138 3453 195 3510 test
205 3444 384 3528 Capitulum,
397 3440 473 3504 Sede
485 3445 617 3517 vacante;
629 3439 812 3518 adesteuim,
820 3440 919 3521 quoad
929 3441 1112 3519 haecomnia,

138 3534 282 3619 poter-olis
295 3529 465 3596 consuetudo
479 3530 528 3593 cui
542 3529 649 3591 merito
662 3535 803 3591 censetur
816 3529 985 3592 consentire
995 3529 1026 3591 S.
1039 3529 1115 3589 Pon-

140 3624 223 3702 tifex,
237 3621 277 3686 ob
285 3621 473 3704 frequentem
483 3618 689 3682 necessitatem
704 3617 736 3678 in
749 3615 859 3678 talibus
867 3616 986 3678 casibus
996 3615 1114 3692 dispen-
