2496 3992
443 261 528 310 stoan
550 263 666 310 munus.
974 249 1030 308 itit)

80 377 187 442 Regulos
202 377 278 427 etiam
292 376 470 438 conscripsere,
488 377 513 424 in
526 377 644 435 editione,
662 375 780 436 lectione,
798 391 893 438 usuque
910 377 1030 426 librorum

23 507 25 510 ¹
78 449 226 500 servandas:
244 449 335 512 quibus
352 447 452 512 tteguiis
480 448 534 497 Pius
555 448 581 495 tt
605 447 746 510 epostoiicae
775 448 930 497 auctoritatis
956 451 1031 497 robur

78 521 178 582 adjecit.

113 595 200 642 Verum
217 591 303 641 salutis
329 592 435 654 publicae
452 590 523 652 ratio,
539 604 594 652 puae
610 589 716 652 uegetas
733 590 886 639 Tridentinae
901 589 972 640 iuitio
986 606 1030 654 gc-

79 671 178 725 nuerat‚
202 665 286 713 novari
304 662 398 726 utquid
413 664 439 712 iu
462 664 507 722 eis,
529 663 671 711 lnbentibus
698 661 819 714 aetatibus.
844 663 930 710 eadem
944 663 1027 721 iussit.

78 737 244 794 Quamobrem
260 734 357 784 romani
375 733 500 784 Pontifices
510 735 707 795 nominatimque
719 735 833 783 Ctemeus
846 733 912 792 viu,
927 735 1030 782 itesam·

79 809 125 856 der
149 809 199 866 vu,
213 807 359 856 Benedictus
371 805 432 866 nit,
456 807 526 869 gnari
541 811 679 866 temporum
691 811 716 854 et
741 819 864 854 memores
882 807 1028 867 prudentio,

80 879 151 942 ptura
167 879 307 938 decrevere,
335 890 390 939 quae
408 877 439 926 sd
454 891 496 926 eas
519 879 679 939 explicandas
702 881 775 938 atque
805 877 1029 925 accommodandus

80 951 185 1010 tempori
196 950 335 1000 vetuerunt.

112 1023 170 1080 Que
187 1020 357 1080 resurrecturo
372 1018 530 1081 confirmant,
553 1019 690 1082 precipuus
710 1033 868 1070 romanorum
884 1019 1029 1069 Pontittcuiu

79 1093 182 1142 curasiu
193 1107 222 1141 eo
233 1091 311 1140 tuisse
325 1096 442 1152 perpetuo
458 1093 560 1154 positas,
576 1095 603 1140 ut
618 1091 762 1153 opinionum
775 1105 871 1140 errores
887 1105 1029 1153 morumque

79 1165 252 1226 corruptelam,
267 1161 389 1226 geminam
399 1163 460 1210 banc
470 1162 595 1212 civitatum
607 1164 685 1210 tabem
700 1176 729 1210 ac
743 1163 848 1224 ruinam,
863 1163 942 1224 pravis
960 1164 1029 1212 tibris

79 1235 149 1300 gigni
161 1247 190 1283 ec
204 1233 359 1282 disseminari
371 1235 479 1289 solitam,
494 1248 508 1280 a
519 1232 583 1282 civiti
596 1234 723 1282 bominum
739 1241 853 1282 societate
864 1235 986 1282 ‹tetenderv
995 1240 1028 1282 nt.

82 1307 268 1367 tennensium
281 1305 367 1352 tetettit
376 1305 606 1365 operam,quamdiu
619 1304 643 1352 in
658 1306 732 1353 rebus
746 1305 1030 1366 pubiicisadmruistrau-

21 1381 22 1384 ’
80 1379 119 1426 dis
134 1378 222 1426 rotiour
237 1375 375 1438 imperandi
389 1389 419 1424 ac
430 1375 577 1436 prohibendi
590 1377 628 1423 tex
642 1382 732 1424 eterna
747 1376 854 1438 praefuit,
871 1388 1029 1438 rectoresque

21 1453 23 1456 '
80 1451 205 1499 civitatum
216 1461 272 1496 cum
286 1451 406 1508 potestate
418 1461 487 1496 sacra
502 1447 528 1494 iu
544 1461 621 1496 uuum
636 1461 793 1496 consensere.

110 1522 167 1579 Qua
181 1525 266 1581 postes
280 1527 413 1568 consecuta
425 1524 490 1580 suut,
506 1531 578 1568 nemo
592 1519 677 1568 nescit.
694 1519 814 1568 Videlicet
834 1530 892 1569 cum
908 1519 1025 1580 adiuncto

79 1605 162 1642 rerum
189 1597 263 1652 atoue
288 1591 417 1638 homiuum
442 1590 535 1639 sensim
552 1589 699 1640 mutavisset
718 1590 780 1652 dics,
805 1592 862 1638 tecit
876 1592 900 1638 id
918 1591 1025 1642 Ecetesin

78 1666 211 1726 prudenter
225 1675 292 1710 more
307 1675 362 1720 suo,
377 1661 451 1722 quoii,
479 1669 608 1724 perspecta
630 1668 716 1710 natura
731 1667 878 1724 temporum,
894 1661 970 1722 magis
987 1679 1029 1712 ex-

78 1739 163 1800 pedire
176 1737 250 1796 atque
264 1733 324 1781 utile
338 1747 392 1782 esse
409 1732 538 1781 hominum
552 1733 625 1782 satuti
639 1733 771 1782 videretur.
784 1735 867 1781 i’tures
881 1735 1028 1796 Regularum

78 1809 168 1857 inuicte
181 1805 386 1868 praescriptiones,
414 1817 470 1866 quae
487 1805 609 1854 excidisse
630 1805 812 1865 opportunitate
835 1807 935 1864 pristina
961 1805 1029 1855 vide-

79 1883 175 1939 buntur,
185 1879 223 1926 vet
233 1878 330 1925 decreto
340 1877 395 1938 ipse
407 1876 513 1934 sustulit,
527 1877 565 1925 vet
579 1889 645 1924 more
656 1891 753 1938 usuque
761 1875 850 1924 aticubi
865 1876 1029 1927 innotescente

77 1948 202 2012 orniquari
217 1949 324 2010 benigue
337 1947 413 1996 simui
429 1961 457 1996 ac
468 1948 569 2009 provide
579 1947 647 1996 sirit.
668 1947 808 1997 Recentiore
823 1949 948 2006 uiemoriu,
967 1950 1029 1999 dictis

76 2025 107 2072 ad
134 2019 340 2081 Arebiepiscopos
367 2019 545 2080 ttptscoposque
566 2033 581 2068 e
604 2019 743 2080 principatu
771 2019 897 2080 pontificio
930 2021 1027 2082 titteris,

77 2097 134 2142 Pius
143 2093 173 2140 tx
183 2089 422 2152 negutemxmegoa
432 2103 460 2136 cx
469 2095 536 2150 perte
545 2089 676 2151 mitigavit.
690 2091 815 2144 Praeterea.
834 2089 970 2151 propinquo
977 2092 1029 2154 jam

76 2163 184 2213 Concilio
199 2173 287 2223 magno
299 2161 422 2212 Vaticano.
436 2161 516 2208 doctis
529 2159 599 2218 viris,
610 2160 793 2218 adargumente
803 2163 1027 2222 parauduuetectis‚

77 2237 100 2285 iu
113 2233 236 2294 negotium
245 2231 319 2290 dedit,
334 2231 537 2292 utexpeudereut
552 2235 626 2293 atque
640 2231 797 2280 aestimarent
812 2231 1028 2293 negotiutnuiets

76 2309 209 2356 universas
226 2302 400 2366 judiciumque
426 2302 529 2362 terrent,
547 2303 606 2364 quid
624 2305 655 2350 de
679 2301 712 2350 iis
734 2303 798 2350 tacto
819 2315 879 2363 opus
893 2309 968 2352 essct.
991 2305 1029 2353 itti

76 2377 272 2430 commutandus.
294 2373 506 2423 consentientibus
522 2373 660 2433 sententiis,
685 2372 839 2433 judicavere.
869 2373 933 2421 idern
957 2389 983 2424 ss
1005 2381 1030 2426 ct

75 2453 168 2499 sentire
183 2454 208 2496 et
222 2451 330 2508 peterea
344 2445 451 2495 eoneiuo
465 2445 562 2507 plurimi
574 2459 604 2494 es
620 2444 733 2494 Patribus
746 2449 829 2507 aperte
843 2443 1028 2507 profitebantur.

75 2523 249 2584 Episcoporum
263 2517 347 2567 catria
361 2521 446 2566 extant
462 2517 508 2565 hae
529 2518 559 2566 de
580 2529 606 2564 re
622 2515 720 2577 littera,
736 2530 839 2574 auarum
855 2517 974 2565 sententia
992 2525 1030 2568 est

75 2605 178 2643 necesse
188 2603 243 2639 esse
253 2594 278 2638 et
287 2588 340 2638 eins
350 2587 506 2638 cunctatione
515 2588 696 2642 faciendumst
707 2587 757 2638 ute
765 2587 867 2650 Repete
877 2593 901 2636 et
911 2591 1029 2640 aniverso

74 2679 115 2716 res
130 2663 223 2712 iudicis
239 2675 302 2710 nouo
318 2673 421 2723 prorsus
435 2663 510 2710 modo
523 2664 612 2710 nostre
630 2663 702 2710 etuti
725 2661 814 2708 metiar
827 2661 992 2719 attemperata
1004 2665 1028 2710 et

74 2737 205 2786 obseruata
219 2731 339 2794 scrittori
354 2734 574 2781 tustaararentur.
594 2732 663 2780 idem
685 2745 714 2778 eo
727 2735 836 2793 tempore
849 2727 968 2792 judicium
984 2731 1030 2781 tuit

74 2805 250 2868 Episcoporum
264 2803 411 2864 Germanice,
437 2804 509 2865 pisus
526 2802 674 2863 petentium,
689 2805 716 2852 ut
733 2801 972 2862 nepotulorum..
990 2817 1028 2853 re·

74 2876 141 2927 cepti
157 2877 276 2925 rentem
292 2879 316 2924 et
334 2875 473 2924 reductioni
484 2874 672 2923 eutnrtttrmtar.
696 2873 791 2932 Quibus
814 2873 926 2938 Episcopi
949 2875 1028 2924 couci-

73 2951 137 2997 nuut
153 2961 184 2995 ex
199 2945 270 2995 itatis
284 2945 388 3005 aliisque
402 2959 417 2994 e
430 2945 572 3010 regionibus
582 2945 729 3004 complures.

104 3019 150 3080 Qui
163 3018 265 3080 quidem
279 3031 375 3074 ornnes,
387 3015 409 3066 si
424 3023 572 3077 temporum,
587 3018 609 3064 si
622 3017 792 3066 institutorum
806 3015 924 3078 eiviiiurn,
940 3017 961 3065 si
974 3031 1027 3066 mo·

72 3105 128 3144 rum
141 3087 296 3154 popularium
310 3089 430 3137 habeatur
439 3088 511 3149 ratio,
522 3101 582 3138 sane
596 3101 669 3150 teqrta
681 3089 803 3149 postutaut
815 3093 906 3136 etcum
919 3097 1027 3138 materne

73 3161 191 3211 Ecclesiae
201 3165 295 3209 saneto
309 3160 412 3210 caritate
424 3159 608 3209 convenientia.
625 3159 719 3208 Etenim
728 3159 753 3207 in
764 3163 812 3207 tem
827 3161 901 3207 celeri
915 3159 1027 3222 iugenio·

72 3245 226 3292 mansoria,
252 3231 389 3280 nutiusest
413 3231 572 3280 scientiarum
596 3245 708 3292 campus,
733 3229 759 3279 iu
782 3245 832 3292 quo
861 3245 910 3279 nou
940 3233 1027 3281 titteioe

71 3303 188 3354 licentius
202 3308 350 3353 excurrant:
374 3302 433 3353 inde
458 3303 717 3366 pestilentissimorum
736 3301 855 3350 librorum
882 3301 1026 3363 qrrotidiaua

72 3376 198 3424 cottuvies.
214 3374 282 3433 Quod
294 3387 351 3422 vero
364 3377 515 3436 graviusest,
532 3373 557 3423 iu
571 3379 621 3423 tam
632 3373 719 3436 grandi
736 3375 800 3422 malo
813 3387 863 3422 uon
882 3375 954 3421 mocio
970 3387 1028 3424 cou-

72 3448 166 3501 nitent.
178 3447 220 3494 sed
236 3459 352 3509 magirsm
364 3447 487 3496 licentiam
503 3447 561 3495 dant
570 3447 637 3510 teges
646 3445 759 3510 publice.
769 3445 831 3492 iiiuc
845 3459 875 3492 ex
886 3459 934 3492 una
948 3451 1025 3504 perte,

71 3519 185 3580 suspensi
210 3516 329 3578 religione
343 3517 421 3568 enimi
438 3519 602 3581 plurimorum
616 3533 625 3578 ς
649 3531 683 3568 ex
695 3518 783 3576 attera,
798 3517 920 3578 quidlibet
928 3517 1028 3580 legendi

72 3589 194 3653 impunite
204 3589 284 3655 copie.

158 3682 179 3725 1.
891 3687 950 3736 pose
