2546 3992
523 289 608 336 unni
645 293 763 340 rnmus.
1036 282 1094 342 559

150 383 216 444 „cd
245 383 307 446 atis
329 383 544 448 emolumento
570 389 604 450 in
617 391 852 454 visitationibus
878 395 945 456 dari
961 395 1091 464 solita...

146 473 254 536 »nihil
270 475 450 538 innovetur.
465 497 482 538 o

561 639 678 718 §xm

35 793 37 796 ·
159 773 358 856 nepotesue
375 775 519 858 Episcopi
528 773 658 836 Vicorios
672 773 866 838 constituendi
879 784 908 838 et
921 795 1077 859 eunonium

189 860 193 868 ’
241 883 244 890 “
471 872 576 934 medem
589 873 769 955 ossipnondi.

175 1032 262 1093 1059.
283 1031 404 1093 Certum
419 1038 463 1093 est
482 1035 513 1093 1ο
525 1031 708 1113 Episcopum
722 1049 830 1112 cogere
844 1049 933 1113 posse
946 1029 1104 1112 parochos,

136 1119 253 1200 strando
265 1119 320 1201 ipsi
335 1139 397 1182 non
407 1127 534 1202 possunt
547 1117 682 1182 sufficere
692 1119 899 1182 ecclesiasticis
912 1121 1105 1183 sacramentis

133 1208 339 1270 ministrandis
356 1217 385 1272 et
398 1207 491 1272 cultui
509 1209 611 1271 divino
623 1208 807 1290 peragendo,
822 1217 856 1270 ut
868 1209 927 1270 siti
941 1210 1105 1291 odjunpont

135 1305 177 1357 tct
190 1297 348 1360 sacerdotes
357 1306 427 1380 quot
440 1298 629 1360 necessarium
643 1297 739 1360 estod
750 1297 801 1359 troc
814 1317 916 1358 munus
928 1299 1105 1380 implendum

133 1385 257 1464 (Concit.
278 1387 373 1464 'srid.,
395 1407 467 1450 sess.
489 1393 539 1465 rt,
559 1407 587 1450 e.
603 1389 644 1467 1).
662 1389 727 1449 lind
747 1393 874 1468 possunt
896 1387 1015 1468 ipsimet
1034 1387 1105 1452 dure

131 1476 270 1558 parochis
288 1477 491 1558 coadjutores,
507 1477 629 1558 quando
648 1495 760 1539 munus
780 1493 870 1538 suum
894 1475 1019 1557 implere
1044 1497 1103 1539 non

131 1563 229 1628 valent
245 1575 364 1650 propter
379 1585 543 1650 perennem
558 1565 764 1628 infirmitatem
777 1565 912 1646 corporis
931 1573 982 1628 aut
995 1567 1104 1630 animae

131 1653 176 1716 vel
192 1663 313 1739 propter
323 1657 514 1739 imperitiam.
528 1657 573 1718 nd
587 1657 770 1738 Episcopum
785 1661 971 1729 autemnon
987 1656 1104 1718 verdad

132 1745 297 1825 parochum
320 1747 449 1829 pertinet
467 1745 602 1830 judicare
625 1763 663 1808 un
683 1744 842 1807 necessarii
862 1743 940 1821 sint,
965 1763 1020 1806 nec
1042 1763 1101 1823 ne,

132 1833 242 1895 vicarii.
263 1835 373 1914 Bouix,
393 1839 437 1899 tto
459 1835 622 1918 Episcopo,
643 1842 718 1899 tom.
734 1839 763 1908 2,
779 1854 810 1916 p.
836 1837 906 1896 327.
930 1833 1004 1896 Vide
1026 1834 1104 1898 intra

130 1919 267 2001 dicenda,
283 1925 325 1987 Dr
340 1925 468 1988 Porociso
482 1929 582 2004 (1337,
599 1929 680 2006 etc).

170 2015 258 2076 1060.
277 2015 396 2076 Certum
411 2021 456 2076 est
469 2019 499 2076 E·
514 2015 697 2097 Episcopum
712 2035 799 2098 posse
812 2015 923 2078 vicario
937 2033 1102 2096 congruam

131 2099 168 2163 de
179 2102 325 2164 fructibus
338 2103 487 2184 parochiae
501 2105 654 2186 assignare
667 2125 674 2165 r
687 2111 803 2167 constat
815 2123 852 2166 ex
865 2105 966 2166 Const.
978 2106 1102 2186 Aposto-

131 2189 185 2251 tici
195 2191 357 2254 ministerii
371 2195 474 2255 lnnoo.
491 2195 568 2270 11111,
583 2193 663 2274 513.
684 2194 872 2262 «Quoties...
888 2195 1053 2275 oportuerit
1066 2213 1102 2256 ex

128 2299 143 2338 n
168 2281 249 2360 justo
262 2283 351 2344 coust
373 2281 518 2364 provideri
539 2301 593 2365 per
607 2283 795 2362 coadjutores
812 2281 1034 2365 parochorum,
1052 2291 1103 2345 aut

129 2389 143 2428 c
169 2369 363 2451 pervicacius
383 2375 596 2454 temporarios,
612 2391 692 2436 ourae
707 2373 763 2434 erit
776 2371 949 2453 Episcopis,
961 2391 1019 2454 pro
1032 2371 1103 2434 dato

127 2479 143 2516 c
166 2457 255 2520 sidio*
278 2460 410 2524 Trident.
426 2462 545 2545 Synodc
555 2469 709 2546 potestate,
725 2468 841 2544 partem
855 2459 1008 2522 fruetuum
1022 2477 1101 2540 prte-

126 2567 143 2606 ι
166 2546 254 2612 dictis
271 2548 494 2631 coadjutoribus
518 2559 569 2615 aut
586 2551 703 2615 vicariis
727 2548 939 2632 assignandam
960 2547 1101 2610 determi-

126 2657 141 2696 n
167 2657 239 2702 nare
253 2638 283 2700 in
299 2642 334 2702 et
353 2641 533 2721 quantitate,
552 2660 620 2724 quae
633 2660 688 2724 pro
708 2657 763 2703 suo
779 2638 919 2722 prudenti
934 2637 1055 2700 arbitrio
1072 2646 1101 2702 et

128 2748 143 2785 n
168 2728 351 2791 conscientit
369 2733 552 2793 conveniens
567 2731 723 2793 ridebitur.
744 2752 759 2788 r
783 2729 858 2791 Vide
875 2729 965 2791 etiam
985 2729 1098 2791 Concil.

125 2814 221 2894 Trid,
236 2835 309 2880 sess.
325 2824 355 2889 1,
371 2838 399 2881 c.
411 2825 440 2882 5.
451 2821 481 2882 Si
497 2817 817 2902 proventusparnchiae
832 2837 894 2880 non
908 2815 1098 2894 sufficerent,

122 2904 207 2983 juxta
226 2909 405 2971 sententiam
422 2927 634 2984 communem,
651 2908 856 2991 praeferendus
870 2913 914 2968 est
928 2907 1097 2986 coadjutus,

125 3000 213 3056 etex
242 2994 308 3058 aliis
330 2997 438 3072 bonis,
460 2999 491 3060 in
515 3005 663 3080 quantum
686 2997 750 3060 fieri
781 2997 909 3078 poterit,
933 2996 1099 3076 coadjutori

124 3083 292 3168 Episcopus
306 3087 481 3168 providebit.
499 3089 605 3162 Bouix,
622 3087 666 3150 Be
681 3085 819 3162 Peracto,
838 3107 868 3168 p.
888 3088 957 3162 4383
974 3093 1003 3146 et
1017 3087 1100 3147 Aco-

125 3171 191 3234 Iect.
203 3191 267 3257 sep.
284 3177 372 3254 1855,
384 3177 441 3239 cot.
456 3182 544 3254 1655,
556 3177 608 3240 ubi
622 3179 729 3239 citatur
739 3178 769 3238 S.
782 3177 813 3237 G.
831 3176 923 3237 Conc.
942 3193 1009 3253 quae
1027 3174 1103 3237 dixit

124 3257 188 3324 haec
202 3267 292 3326 etiam
307 3283 371 3328 esse
391 3267 569 3348 applicanda
582 3267 720 3349 parochis
738 3265 957 3328 amoribitibus.

161 3354 195 3413 In
206 3352 271 3434 lege
281 3355 358 3416 civiti
375 3359 475 3418 nostrt
489 3358 530 3418 sic
541 3358 679 3420 statuitur
691 3357 721 3418 in
732 3357 858 3418 Decreto
873 3358 909 3416 11
923 3371 990 3414 nov.
1009 3355 1098 3433 1811,

122 3447 151 3503 et
164 3443 302 3506 instruct.
318 3445 502 3508 Ministeriuti
515 3451 529 3508 1
547 3447 632 3529 aprit.
650 3449 744 3509 1823:
764 3447 869 3506 «Pour
884 3443 911 3504 lc
925 3461 975 3504 eas
986 3441 1023 3504 de
1038 3459 1099 3504 ma·

120 3551 137 3591 r
161 3531 254 3608 indie,
280 3533 466 3596 t’indemnitd
485 3535 544 3598 due
566 3555 604 3599 au
625 3536 809 3619 remptacant
830 3551 919 3596 sera:
942 3531 1017 3593 dans
1038 3546 1098 3594 una

120 3641 136 3682 c
160 3623 345 3700 succursale,
362 3629 420 3688 250
436 3623 485 3703 sr.;
501 3626 576 3688 dans
593 3645 654 3689 une
669 3645 741 3688 cure
755 3623 794 3686 de
807 3628 838 3686 E·
853 3621 962 3698 classe,
974 3623 1033 3684 100
1046 3621 1096 3693 in:

119 3727 136 3774 ι
159 3709 235 3774 dans
248 3731 310 3776 une
323 3731 395 3777 oure
408 3714 446 3778 de
461 3719 501 3778 t¹·
516 3717 620 3786 classe.
631 3717 690 3780 700
703 3715 740 3778 tr.
