2546 3992
184 287 244 356 bit
404 305 540 354 namara
558 303 659 354 ronns
678 307 761 355 mars
781 305 931 356 aaronica.

223 401 366 466 Dicemus
381 406 411 467 l⁰
421 403 458 465 de
472 404 530 467 bac
543 409 687 486 potestate
703 405 843 487 Episcopi
857 406 888 468 in
903 423 1024 487 genore3
1036 413 1070 471 2⁰
1080 429 1164 492 quaa-

184 507 252 556 nam
269 490 328 553 sint
345 491 377 554 in
391 493 492 574 specie
505 493 537 554 in
551 493 661 570 quibus
674 494 841 579 Episcopus
854 495 950 559 valeat
969 495 1159 580 dispensare.
1267 567 1268 588 ,

570 669 725 729 abactor
748 673 769 731 l.

185 805 222 851 bs
242 803 408 857 amedera
435 803 631 851 briscoroabu
658 806 849 854 nrsrarsutml
874 809 907 856 nt
926 809 1043 858 (immi
1069 813 1162 860 SUPRB

479 893 599 940 LEGIBUS
621 895 859 944 Eccuastasrtcts.

224 1035 294 1093 958.
321 1028 486 1102 «Quidam
508 1029 699 1108 audaciores,
724 1031 824 1114 inquit
846 1034 991 1116 Laqueus
1005 1038 1052 1115 (n0
1073 1040 1158 1120 aar),

184 1143 199 1180 a
221 1117 1160 1209 dixeruntjusilludEpiscopisitaesseesscntialeutnunquam

184 1231 198 1268 a
224 1207 353 1288 potuerit
379 1206 475 1288 ligari.
497 1207 610 1271 Ultimo
630 1209 759 1285 saeculo‚
780 1216 846 1272 tum
867 1212 897 1274 in
922 1213 1025 1276 Galliis
1041 1221 1110 1279 tum
1127 1217 1159 1279 in

184 1320 199 1357 ι
223 1296 394 1372 Lusitanit,
410 1295 489 1358 hanc
502 1297 676 1377 opinionem
691 1298 794 1380 plures
804 1301 968 1383 J'urisperiti
990 1304 1056 1366 tuiti
1078 1313 1158 1370 sunt.
1267 1323 1268 1332 ¹

184 1408 199 1444 n
226 1383 1032 1471 llnnollffl,illudtanquaminprincipiopositum,in
1043 1397 1157 1474 praxim

186 1497 201 1533 n
224 1475 367 1538 reduci...
382 1473 535 1536 mandavit
550 1477 735 1558 (imperator)
744 1477 893 1560 Josephus
907 1481 942 1542 ll.
956 1481 1060 1544 Plures
1068 1487 1159 1547 etiam
1267 1471 1268 1498 ¹

184 1587 199 1622 n
224 1564 391 1626 Germaniae
411 1563 566 1645 Episcopi,
587 1583 669 1628 anno
688 1569 803 1630 1786...
821 1568 869 1646 (in
884 1586 1049 1651 congressu
1064 1574 1159 1654 Erus),

185 1675 199 1710 n
225 1657 391 1714 statuerunt
404 1669 436 1714 se
450 1652 593 1735 deinceps
604 1655 724 1736 propria
736 1659 911 1720 auctoritate
923 1659 1084 1741 largituros
1094 1681 1161 1728 esse

186 1763 199 1799 n
223 1738 498 1820 dispensationes...
529 1760 584 1822 pru
611 1743 741 1824 quibus,
770 1745 896 1828 singulis
922 1749 1158 1834 quinquenniis,

185 1851 200 1886 l>
225 1826 342 1888 indulta
357 1827 519 1908 apostolica
538 1833 795 1912 expetebantur.»

224 1919 292 1978 959.
318 1914 377 1976 Sed
393 1919 422 1978 l⁰
437 1914 510 1978 falsa
531 1925 561 1980 et
575 1921 736 1999 rejicienda
751 1930 797 1986 est
814 1941 920 1989 eorum
940 1930 1089 1994 sententia
1109 1936 1158 2014 qui

187 2003 325 2066 dixerunt
341 2003 526 2086 Episcopum
543 2027 628 2089 posse
644 2010 673 2070 in
689 2015 743 2075 sut
763 2012 883 2078 dioecesi
898 2015 1046 2098 quidquid
1064 2029 1160 2102 potest

185 2094 264 2172 Papa
291 2092 323 2154 in
352 2094 486 2158 Ecclesia
507 2097 685 2170 universali,
712 2103 843 2185 exceptis
864 2103 1010 2168 duntaxat
1032 2109 1068 2171 iis
1091 2131 1160 2193 quae

185 2180 277 2242 Sedes
298 2183 468 2263 Apostolica
488 2185 544 2246 sibi
565 2187 733 2268 specialiter
746 2193 915 2256 reservavit.
938 2195 1054 2260 Exinde
1077 2203 1159 2265 enim

186 2275 360 2351 aequaretur
373 2289 461 2351 posse
474 2273 657 2355 Episcopum
671 2277 702 2339 in
717 2281 772 2342 sut
785 2280 906 2346 dioecesi
921 2283 1026 2349 inanes
1034 2289 1160 2356 reddere

185 2377 291 2421 omnes
303 2358 398 2421 terme
412 2359 493 2440 leges
507 2362 663 2443 Ecclesiae,
678 2369 769 2431 etiam
784 2372 801 2432 a
816 2373 956 2437 Conciliis
970 2379 1160 2458 generalibus

87 2533 88 2538 γ
186 2453 332 2510 statutas:
352 2447 387 2509 iis
400 2449 483 2510 enim
502 2449 647 2532 derogare
661 2463 756 2537 potest
774 2459 806 2522 S.
827 2462 983 2541 Pontifex,
1005 2470 1107 2531 necin
1125 2471 1161 2533 iis

186 2535 258 2598 solet
272 2535 360 2618 adjici
374 2536 507 2601 clausula
520 2540 684 2620 prohibens
702 2546 857 2632 Episcopis
871 2571 910 2616 ne
930 2554 962 2616 in
976 2556 1020 2619 eis
1037 2556 1160 2641 dispen-

186 2633 292 2688 asent
318 2643 326 2687 t
349 2625 430 2688 unde
461 2649 477 2686 <r
503 2632 566 2690 tota
592 2640 774 2699 everteretur
808 2641 951 2706 Ecclesia}
981 2643 1159 2729 disciplina,

186 2733 201 2772 a
225 2720 315 2796 caput
337 2714 533 2794 subjiceretur
546 2720 705 2801 membris,
721 2731 787 2790 et...
802 2735 904 2794 actum
922 2740 999 2796 esset
1015 2733 1054 2799 de
1067 2737 1161 2800 eccle
1267 2707 1268 2752 ἦ

188 2825 202 2860 i
227 2803 343 2864 sasire
357 2803 529 2868 aternam
548 2807 691 2873 divinans
704 2813 848 2881 instaura.
864 2842 879 2880 »
898 2821 1090 2908 (babylam,
1106 2829 1159 2893 ru.
1267 2811 1268 2886 ἶ

187 2891 224 2965 9,
239 2907 305 2971 cap.
322 2894 355 2962 l,
372 2900 405 2951 n⁰
419 2895 462 2971 3.)
476 2895 530 2956 His
543 2896 620 2960 adde
634 2900 718 2980 quod
732 2904 871 2991 Episcopi
884 2917 1072 2996 nonpossint
1084 2918 1160 2983 defi‘·

188 2977 317 3040 nitiones
327 2977 396 3042 fidei
410 2979 510 3060 edere,
526 3001 584 3048 nac
594 2987 767 3071 dispensare
779 3013 850 3059 cum
861 3001 1000 3084 religioso
1013 3007 1159 3089 professo,

188 3071 240 3128 aut
252 3065 361 3128 clerico
375 3067 406 3128 in
421 3071 513 3132 saeris
526 3077 706 3158 constituto,
722 3101 779 3146 nec
792 3087 1002 3171 presbyterum
1015 3094 1160 3178 deputare
1261 3083 1268 3102 '¹

189 3170 244 3234 pro
262 3153 499 3221 administrando
512 3163 750 3233 confirmationis
767 3187 974 3257 sacramento,
990 3201 1047 3248 nec
1066 3189 1161 3252 multa
1267 3243 1268 3246 ,

86 3287 88 3292 .
190 3241 247 3303 alia
259 3259 328 3323 quae
341 3241 438 3308 lacere
456 3255 554 3329 potest
568 3253 599 3315 S.
615 3255 766 3331 Pontifex,
783 3265 858 3343 quin
871 3267 972 3351 aliquo
987 3273 1064 3353 J'uris
1076 3281 1161 3341 textu
1267 3317 1268 3344 1

190 3331 375 3412 exprimatur
386 3351 422 3396 ea
435 3353 501 3399 esse
514 3338 553 3402 ad
566 3342 678 3425 Papam
691 3359 847 3416 reservata.
864 3357 964 3438 Ergo,
979 3371 1036 3427 etc.

230 3423 293 3482 Nec
301 3421 377 3484 valet
390 3422 448 3485 dici
459 3429 540 3506 qudd
551 3431 689 3515 Episcopi
700 3437 872 3506 immediate
881 3449 898 3507 a
908 3451 971 3512 Deo
982 3453 1149 3530 jurisdictio

54 3575 55 3578 Ἴ
192 3525 262 3568 nem
271 3507 402 3571 habeant
417 3520 713 3597 :namrespondetur
724 3530 817 3606 quod,
826 3533 973 3618 quidquid
982 3541 1019 3602 sit
1028 3547 1160 3614 sentien·
1267 3555 1268 3564 ’

85 3621 87 3623 -
192 3595 316 3694 ᾱωηιᾱε
330 3595 386 3659 hac
399 3603 683 3688 assertionetdequo
696 3615 851 3682 videdicta
864 3633 1116 3716 supra868·872)‚
1128 3639 1161 3702 in
1267 3639 1268 3642 ’

194 3690 1159 3808 omnitamensententia,iurisdiotioEpiscopi,etiamjuredivin0‚
1267 3727 1268 3782 i
