2570 4006
441 243 527 291 tinen
545 241 664 291 narnus.
985 224 1042 288 itt

72 358 88 399 n
112 339 226 402 dictum
241 339 362 401 fratrem
373 341 626 421 etCoepiseopum
635 342 788 412 Nostrum,
805 338 923 401 ineoin
931 357 992 420 quo
1001 346 1048 402 est

71 449 88 487 n
112 427 274 490 sacerdotis
285 429 391 490 ordine
404 429 594 502 constitutus,
605 428 1045 509 nostriessensdseuctoriiete,

70 536 87 576 n
112 515 287 594 firmamus,
312 523 466 600 ratamque
488 537 545 580 nos
566 518 632 596 ejus
652 517 909 580 consecrationem
936 515 1047 580 hahere

72 626 88 664 n
111 603 273 686 dr'ripentes
286 606 419 670 Polliam
433 607 613 670 indicamus.
633 628 649 666 n
667 605 724 669 Ubi
740 603 934 666 menifestum
953 613 997 667 est
1010 626 1046 668 ex

72 699 146 754 tune
159 695 288 758 Pellium
304 693 396 758 luisse
411 695 518 758 firmati
533 699 550 758 h
566 695 643 758 Sede
662 693 829 776 Apostolicl
844 692 1049 774 Archiepisco·

73 789 161 864 patus
175 782 332 846 indicium.
356 784 573 866 Symmachus,
590 785 676 846 initio
690 785 728 846 Vi
745 782 867 860 saeculi,
887 781 961 844 illud
976 802 1048 846 con-

73 872 162 932 cessit
173 870 331 935 Theodoro
337 873 546 952 Laureacensi,
557 879 591 936 ut
599 879 680 956 patet
689 891 725 934 ex
734 871 970 953 ejusepistolaii
980 920 987 946 ,
999 891 1048 954 ap.

74 959 188 1033 Lahhe,
203 967 226 1022 t.
243 965 278 1038 5,
293 963 352 1025 col.
367 967 437 1027 440.
458 964 596 1044 Chmque
610 961 683 1024 iliud
699 959 834 1022 Pontifex
848 979 880 1022 se
894 959 1052 1040 indulgere

74 1057 184 1111 asserat
205 1070 285 1112 more
305 1051 469 1132 majorum,
488 1051 627 1114 concludi
642 1050 731 1112 dehet
749 1051 810 1129 jam
834 1055 908 1112 tunc
925 1050 1009 1112 Pallii
1033 1055 1050 1112 a

75 1137 151 1199 Sede
176 1139 345 1220 Apostolicd
364 1139 520 1202 obtinendi
539 1157 657 1201 morem
685 1136 778 1200 fuisse
800 1136 888 1219 planh
906 1157 1049 1200 veterem.
1161 1211 1164 1216 ¹

74 1227 190 1302 Devoti,
213 1227 268 1304 it,
290 1231 405 1290 notati.
422 1229 507 1291 Circa
520 1227 604 1289 Pallii
618 1227 839 1307 antiquitatem,
853 1225 921 1288 vide
936 1228 1050 1304 Bouix,

74 1316 120 1377 Dc
143 1316 306 1398 Episcopo,
320 1323 394 1379 tom.
412 1321 426 1380 l
441 1365 449 1392 ,
465 1337 496 1400 p.
519 1321 575 1379 isi
591 1364 600 1392 ,
616 1315 668 1398 qui
682 1316 723 1397 (p.
744 1317 813 1392 lar)
827 1314 908 1376 addit
928 1315 1001 1377 illud
1015 1335 1052 1378 ex

76 1403 211 1467 Concilio
224 1407 363 1468 Lateran.
389 1409 427 1468 iV
441 1405 532 1469 luisse
546 1405 681 1470 dandum
704 1403 880 1466 Patriarchis
894 1403 1053 1466 Orientali·

75 1492 143 1556 bus.
160 1493 236 1557 Vide
250 1495 341 1557 etiam
354 1495 441 1558 card.
458 1494 569 1576 Soglia,
586 1495 686 1557 instit.
694 1493 763 1574 jur.
776 1491 872 1574 publ„
889 1491 969 1573 §lu

116 1583 304 1647 Prohahilius
318 1584 408 1647 hahet
420 1585 524 1648 Devoti
536 1583 694 1648 inductum
709 1581 801 1645 luisse
814 1581 942 1644 Pallium
954 1604 1053 1648 exem·

76 1671 128 1752 plo
136 1673 336 1736 Rationaliset
345 1673 619 1757 superhumeralis,
630 1671 761 1754 cujusirt
772 1673 886 1734 mentio
896 1672 926 1734 in
937 1676 1052 1753 Exodo,

76 1779 143 1840 cap.
169 1766 227 1840 28,
248 1783 277 1825 v.
293 1767 323 1824 i.
340 1764 493 1826 Immeritd
507 1771 609 1826 autem
628 1763 733 1826 volunt
753 1760 878 1844 quidam
894 1761 967 1825 iilud
989 1783 1054 1826 esse

77 1857 292 1914 ornamentum
319 1853 460 1916 Ecclesiae
482 1853 521 1916 ab
543 1851 797 1935 imperatoribus,
822 1851 1013 1934 maximeque
1036 1856 1054 1915 h

77 1941 274 2004 Constantino
296 1959 476 2005 concessum
501 1941 626 2020 (Devoti,
643 1941 702 2018 ilr.,·
723 1945 754 2003 et
774 1941 811 2003 R.
835 1939 874 2003 de
896 1943 949 2012 Μ.,
973 1947 996 2004 t.
1023 1945 1052 2017 i,

118 2117 264 2196 Ohjioitur
277 2138 295 2180 a
308 2121 397 2181 Petro
411 2123 455 2181 ile
468 2121 569 2180 hiarca
583 2125 613 2180 et
626 2117 703 2194 aliis,
718 2117 771 2180 dih
785 2118 838 2181 SS.
851 2117 1012 2181 Pontifices
1022 2138 1054 2182 se

78 2207 258 2268 abstinuisse
272 2209 289 2267 h
302 2208 496 2270 concessione
507 2207 591 2268 Pallii
604 2207 703 2269 donec
716 2206 916 2269 obtinuissent
924 2209 1055 2289 impera·

81 2299 180 2356 ‘nrum
193 2313 388 2358 consensum.
399 2331 439 2343 -
449 2295 658 2378 Respondetur
672 2295 730 2356 hoc
742 2296 810 2357 rard
824 2295 985 2376 contigisse
1002 2317 1009 2356 :
1026 2303 1056 2358 et

78 2385 123 2446 sic
145 2385 244 2466 egisse
264 2385 413 2467 quosdam
432 2385 614 2459 Pontifices,
636 2403 699 2447 non
718 2383 842 2465 quidem
863 2384 900 2446 ed
918 2382 1000 2466 quod
1017 2385 1055 2447 ad

77 2475 294 2555 Imperatorem
309 2475 471 2556 pertineret
480 2474 552 2538 dare
562 2473 702 2548 Pallium,
713 2472 766 2536 scd
775 2473 815 2536 oh
829 2473 901 2536 alias
910 2472 1051 2536 rationes.

79 2563 130 2624 Sic
153 2562 296 2644 Virgilius
308 2563 486 2642 iustiniani,
501 2569 532 2626 et
544 2563 576 2627 S.
596 2561 758 2645 Gregorius
780 2563 908 2645 Magnus
925 2561 1056 2624 Mauritii

79 2659 283 2734 poposcerunt
308 2671 513 2732 consensum,
542 2653 612 2733 quia
625 2651 773 2716 timebant
793 2670 848 2729 ne,
872 2651 942 2714 dato
962 2651 1056 2715 Pallio

78 2741 236 2825 Episcopis
250 2744 387 2826 gentium
401 2743 658 2825 alienigenarum,
674 2741 847 2822 hujusmodi
857 2743 1055 2824 Imperatores

80 2832 304 2911 suspicarentur
324 2834 406 2914 ipsos
419 2852 473 2916 per
487 2833 545 2896 hoc
559 2833 634 2895 velle
648 2831 777 2894 aliorum
791 2830 963 2914 principum
977 2849 1054 2913 prae-

80 2917 192 2982 sidium
206 2922 375 3003 exquirere,
391 2921 549 3004 Chilperici
564 2939 690 3003 nempe,
703 2919 892 2997 Theudorici,
907 2927 964 2983 etc.
979 2919 1055 2982 Vide

79 3009 223 3088 Ferraris,
233 3022 264 3071 v·
274 3011 523 3094 Archiepiscopus,
539 3017 595 3073 art.
610 3015 642 3088 i,
653 3011 744 3087 n⁰533
759 3044 798 3056 -
808 3010 883 3072 etl).
897 3009 1008 3088 Andre,
1023 3019 1054 3072 v·

80 3095 229 3176 Polliam,
244 3099 262 3181 ᾖ
277 3103 305 3162 l.

121 3187 281 3264 Caeterirm,
297 3196 401 3252 octavo
414 3190 557 3254 duntaxat
572 3189 682 3254 saeculo
694 3196 834 3266 exeunte,
845 3187 980 3251 obtinere
993 3207 1055 3252 coe-

80 3277 125 3360 pit
138 3278 326 3340 consuetudo
340 3287 373 3341 ut
386 3280 529 3342 omnihus
541 3279 804 3342 indiscriminatim
818 3277 1055 3360 archiepiscopis

81 3365 206 3448 pallium
241 3368 469 3432 concederetur.
498 3368 609 3432 Graecis
634 3367 790 3450 Episcopis
817 3385 899 3430 nuno
925 3365 1053 3430 Pallium

81 3473 245 3519 commune
264 3463 311 3520 est
323 3459 453 3536 (Devoti,
467 3457 522 3537 it,
537 3461 663 3536 notati).

123 3549 193 3608 847.
206 3547 328 3619 Quaerit.
336 3547 530 3620 2⁰Quomodo
539 3547 717 3610 conficiatur
725 3546 896 3612 cttradatur
904 3544 1055 3608 Palliumi

123 3635 213 3717 ilesp.
239 3637 316 3699 Cum
339 3635 551 3720 christophoro
582 3636 723 3699 Marcello
746 3634 922 3717 corcyrensi
949 3631 1052 3696 emhi-
