2546 3992
525 231 612 280 esaan
633 232 750 280 narnus.
1063 217 1117 282 661

194 334 295 400 llelert
314 335 351 397 D.
376 333 473 398 Bouix
490 333 589 416 quod,
612 352 693 396 anno
712 337 807 412 1818,
830 334 990 398 occasione
1004 335 1120 399 Decrsti

153 423 216 488 lta.
232 427 295 488 llll.
314 422 404 502 Adra,
426 423 603 486 parisiensis
624 421 866 506 archiepiscopi,
881 423 913 484 in
936 441 998 506 quo
1011 431 1121 488 statue-

152 509 240 578 batur
254 520 288 578 ut
306 511 345 577 de
362 512 449 576 dictis
469 512 672 574 oblationibus
686 529 783 574 massa
800 513 972 575 communis
993 512 1122 578 confice

152 610 235 666 retur
255 609 338 666 certo
359 601 451 665 modo
470 600 644 672 dividenda,
665 619 805 664 recursus
827 600 917 664 luerit
938 599 1055 664 babitus
1083 602 1121 665 ad

152 693 261 756 Sedem
284 691 485 774 Apostolicam
503 709 540 753 ex
563 696 645 772 parte
663 689 864 773 parochorum
886 689 1119 768 Parisiensium;

37 788 39 792 ’
152 782 205 844 sed
219 800 281 844 non
294 779 350 844 luit
367 779 517 862 publicata
534 779 647 842 decisio
661 779 692 857 S.
710 780 742 840 d.
762 780 867 851 donc..
883 779 931 842 cui
951 780 1032 841 certe
1044 787 1122 843 esset

152 871 310 1042 stappppr,
329 869 354 933 si
369 869 402 933 in
415 869 515 934 lucem
535 867 691 950 prodiisset
704 866 789 944 (Vide
804 867 848 931 De
864 867 1028 950 Episcopo,
1042 873 1065 931 t
1079 873 1119 940 2,

152 977 183 1042 p.
275 1005 284 1022 .

584 1090 604 1173 5
621 1092 687 1155 XX.

192 1231 238 1294 lte
250 1227 397 1293 nonnullis
410 1227 480 1290 aliis
493 1226 601 1310 officiis
611 1236 641 1290 et
649 1227 845 1311 potestatibus
857 1226 1080 1312 Episcoporum.

195 1394 284 1454 1063.
307 1393 338 1454 1⁰
353 1391 396 1452 De
410 1388 593 1470 obligatione
606 1387 786 1470 praedicandi
800 1393 831 1450 ct
842 1387 971 1452 docendi
985 1389 1050 1452 baec
1062 1395 1120 1452 sta·

153 1481 210 1543 tuit
222 1481 315 1543 Conc.
329 1477 411 1542 trid.
426 1477 509 1558 (sess.
522 1481 560 1554 5,
575 1495 642 1560 cap.
658 1481 688 1555 Ξ)
703 1495 712 1538 :
732 1477 898 1540 «Decrevit
909 1475 1014 1540 eadem
1030 1479 1123 1559 Syna

154 1592 169 1628 o
193 1569 270 1647 dus,
299 1587 406 1632 omnes
430 1567 616 1648 Episcopos,
644 1565 927 1648 Archiepiscopos...
951 1565 1046 1628 teneri
1070 1585 1123 1648 per

154 1681 169 1718 n
193 1659 327 1741 seipsos,
341 1658 366 1722 si
381 1656 512 1740 legitime
531 1654 665 1736 impediti
680 1673 742 1717 non
756 1654 883 1733 luerint,
897 1653 935 1718 ad
954 1655 1123 1737 pradican-

154 1771 169 1807 o
192 1747 267 1811 dum
280 1750 423 1811 Sanctum
437 1745 466 1808 J.
477 1745 508 1807 G.
518 1743 724 1826 Evarrgelium.
737 1744 767 1807 Si
781 1744 853 1806 verb
864 1743 1024 1825 contigerit
1037 1745 1123 1824 Epis·

155 1859 170 1896 r>
195 1856 286 1919 copos
295 1837 407 1900 etalios
416 1833 574 1919 praedictos
584 1833 718 1915 legitimo
727 1832 854 1896 detineri
868 1832 1121 1915 impedimento„
1182 1825 1189 1834 '

155 1947 170 1986 a
194 1927 273 1990 viros
285 1925 410 1989 idoneos
428 1942 581 1988 assumere
593 1929 754 1986 teneantur
770 1920 809 1984 ad
828 1921 1001 2001 hujusmodi
1016 1922 1123 2002 praedi-

155 2037 171 2076 n
194 2016 320 2080 cationis
333 2014 467 2077 cilicium
480 2012 636 2074 salubriter
649 2009 887 2092 exsequendum.
897 2011 928 2072 Si
942 2011 1010 2091 quis
1023 2018 1124 2073 autem

155 2127 171 2165 n
194 2105 252 2167 hoc
260 2103 425 2184 adimplere
434 2099 812 2181 contempserit‚districtae
825 2097 977 2177 subjaceat
986 2098 1120 2160 ultioni.»

156 2196 193 2254 Et
206 2193 242 2255 ad
257 2191 315 2255 boc
327 2193 492 2274 Episcopos
503 2187 599 2252 teneri
613 2207 649 2252 ex
656 2187 852 2267 juredivino,
863 2185 969 2248 eadem
984 2187 1015 2249 S.
1031 2188 1126 2268 Syno-

156 2283 214 2344 dus
226 2281 371 2360 declarat,
387 2298 460 2342 sess.
476 2281 530 2354 23,
545 2295 612 2358 cap.
630 2281 643 2338 1
657 2323 665 2346 ‚
681 2275 797 2356 dares,
808 2281 839 2338 et
852 2293 924 2337 sess.
941 2279 980 2336 El
990 2322 998 2350 ‚
1009 2293 1037 2338 c.
1053 2280 1083 2338 1.

196 2373 261 2434 Hoc
270 2377 453 2453 praeceptum
464 2367 520 2430 sub
528 2367 607 2448 gravi
617 2365 750 2446 obligare
758 2363 831 2425 dicit
843 2365 873 2425 S.
883 2363 1018 2444 Lignor.,
1029 2363 1081 2426 lib.
1094 2369 1124 2445 3,

158 2473 192 2524 n⁰
205 2465 283 2524 269:
299 2457 466 2540 «Episcopi
480 2464 581 2519 autem
594 2455 727 2516 rarilrs...
743 2470 836 2535 quam
850 2451 972 2534 parochi
985 2457 1127 2516 tenentur

158 2573 173 2611 o
196 2549 358 2614 conciones
372 2546 469 2610 lacere
482 2564 517 2621 n;
533 2543 584 2606 sed
594 2543 705 2606 debent
718 2541 914 2626 personaliter
927 2539 1080 2622 invigilare
1095 2549 1128 2604 ut

159 2639 207 2704 alii
220 2637 398 2723 predicent,
413 2633 555 2700 etsaltem
565 2631 726 2714 aliquando
739 2637 879 2694 tenentur
889 2629 945 2711 ipsi
958 2629 996 2692 ad
1005 2631 1127 2694 concio·

160 2729 312 2792 nandum:
328 2725 381 2790 lib.
395 2729 427 2802 1,
443 2734 477 2787 n·
491 2727 559 2786 lat.
575 2721 635 2798 Sic,
650 2720 796 2797 nitidem,
811 2737 866 2801 per
878 2717 1128 2784 consuetudinem

160 2816 358 2882 universalem
372 2813 525 2878 moderata
538 2809 595 2873 luit
606 2809 721 2872 sanctio
735 2807 858 2871 Concilii
871 2807 1049 2871 Tridentini.

200 2903 361 2969 10661111
386 2904 486 2968 solum
512 2900 697 2982 Episcopum
724 2899 854 2979 pertinet
880 2897 953 2960 dare
976 2897 1127 2962 licentiam

161 2993 359 3078 praedicandi:
374 2991 540 3066 «Nullust,
555 2987 829 3070 inquitssoncilium
838 2986 970 3049 Trident.
985 2992 1127 3064 (sessffl,

161 3104 189 3146 c.
216 3087 267 3164 1),
292 3105 308 3144 1
321 3083 383 3146 sire
396 3078 564 3157 ocularis,
585 3077 647 3139 siva
660 3075 820 3158 regularis,
835 3076 926 3138 etiam
944 3073 977 3136 in
990 3076 1131 3138 Ecclesiis

162 3198 176 3234 r
202 3173 394 3256 propriorum
408 3169 575 3242 Ordinum,
599 3164 822 3228 contradicente
840 3165 1008 3246 Episcopo,
1022 3163 1130 3246 proedi-

162 3284 178 3326 1
202 3280 270 3326 care
284 3267 480 3345 prasumat.»
496 3259 541 3319 lle
554 3272 633 3338 quo,
646 3253 716 3318 vida
728 3252 907 3338 supradicta
919 3255 1000 3334 (695)
1013 3259 1043 3316 ct
1055 3251 1133 3314 inira

163 3352 291 3416 dicendo
304 3351 415 3434 (1191).

206 3449 253 3512 Ab
274 3447 425 3530 Episcopo
447 3443 624 3528 praedicator
645 3441 736 3507 debet
755 3439 997 3505 benedictionem
1019 3443 1131 3520 petere.

168 3539 243 3602 Vide
256 3539 415 3620 Laqueus,
434 3546 468 3598 n·
480 3538 552 3599 2a5.

210 3662 227 3703 1
247 3637 480 3703 concionatores
493 3629 816 3716 Quadragcsimae,sive
830 3625 998 3707 adventas,
1008 3642 1135 3710 quorum
