2586 3988
192 249 249 324 lt„
401 266 538 316 ιιιιιιιιιιιι
558 267 661 315 nortus
682 265 764 314 tonis
783 265 932 314 ennomus.

192 399 327 461 musque
345 382 489 445 omnium
511 381 683 445 'l'urrianus
699 400 732 444 ea
755 391 790 444 ut
817 383 957 456 genuina
984 383 1146 446 vindicare

191 471 331 534 inlausto
344 481 459 535 conatu
475 472 640 536 contendit
656 473 770 552 lrlpost.
787 473 913 536 donettt.
926 491 954 534 a.
970 472 1070 554 root).

235 559 394 644 Quidquid
422 563 474 638 sit,
498 561 745 626 Cortstitutiones
766 563 968 639 apostoncae,
997 571 1091 643 prout
1112 563 1144 624 in

193 669 398 733 graeoonuno
412 659 530 729 extant,
552 661 624 714 octo
647 649 736 712 libris
755 650 953 725 conflantem
971 661 1045 715 sunt
1074 669 1146 714 sero

194 741 397 820 interpolatio
412 741 508 804 trium
529 741 747 822 antiquiorum
763 757 906 822 operum,
926 758 1021 821 quam
1038 751 1147 804 auctor

195 830 323 911 quidam
354 835 488 912 ignotus,
519 841 550 894 at
576 829 677 912 patria
702 832 809 910 Syrus,
838 847 892 892 seu
919 827 1144 904 antiochenus,

196 921 279 983 circa
289 922 381 982 tinem
395 938 465 983 saec.
478 921 560 983 rvvel
572 920 695 982 initium
710 919 957 1000 veonscripsit;i
972 925 1031 981 tem
1042 918 1146 982 lorsan

196 1011 250 1091 qui
266 1019 295 1072 et
311 1008 629 1092 pseudo-ignatianas
647 1007 798 1089 epistolas
810 1009 988 1088 supposuit.
1006 1004 1063 1070 Ser
1075 1008 1147 1090 qui·

196 1099 267 1162 dem
283 1101 402 1180 priores
413 1099 498 1174 libri,
515 1099 554 1162 de
566 1097 742 1160 hierarchia
758 1097 967 1159 ecelesiastica
982 1097 1065 1160 etde
1080 1099 1147 1160 dis·

197 1190 315 1270 ciplina
327 1197 507 1266 tractantes,
519 1186 638 1251 iontem
653 1185 772 1248 habent
783 1183 990 1265 Apostolorum
1006 1185 1149 1250 [littoreo-

199 1279 283 1352 tt'um,
295 1297 376 1359 opus
391 1296 497 1359 syrum
515 1276 633 1360 pariter
649 1275 782 1354 origine,
799 1274 859 1336 sub
881 1275 1006 1340 initium
1026 1294 1095 1338 saec.
1118 1293 1149 1338 ιιι

200 1377 376 1443 exaratum,
392 1367 477 1448 quod
495 1385 582 1428 nunc
599 1365 723 1428 {torinisi
739 1365 859 1444 syriaco
873 1381 1017 1428 sermone
1032 1375 1152 1446 prostat

200 1460 332 1540 (editum
349 1475 367 1518 a
388 1455 592 1537 detegendo,
610 1453 711 1534 1851).
728 1453 820 1515 Liber
839 1453 991 1535 septimus
1019 1465 1065 1517 est
1087 1474 1150 1517 am·

200 1546 350 1630 pliticatio
371 1545 504 1607 celebris
526 1543 609 1606 illlus
632 1542 779 1626 opusculi
801 1538 905 1618 Διδαχὴ
929 1561 983 1606 seu
1009 1544 1152 1608 Doctrina

202 1635 357 1699 drrodecr'm
379 1633 603 1713 Apostolorum,
626 1632 712 1714 eujus
731 1633 883 1694 amissum
907 1637 1027 1695 textum
1051 1652 1152 1716 nuper

201 1727 336 1790 restituit
350 1721 545 1804 lletropolita
565 1723 735 1803 Br·yerrnios
752 1721 843 1803 (1883
858 1741 866 1799 ;
883 1720 928 1784 Cl.
948 1725 979 1784 E.
995 1721 1152 1800 tacentes,

202 1818 248 1878 Lo
263 1812 405 1885 Didonis,
423 1809 523 1894 taur).
538 1811 649 1874 Precter
660 1811 804 1892 quaedam
816 1811 1045 1893 disciplinaris,
1059 1813 1154 1875 habe-

203 1923 274 1968 mus
291 1905 320 1965 in
335 1901 482 1965 Doctrina
496 1901 707 1964 vetustissima
721 1901 864 1980 liturgica
878 1911 1050 1985 praecepta3
1067 1921 1153 1966 eons-

203 1995 337 2074 criptum
349 1992 469 2053 videtur
479 1992 684 2074 opussmculo
696 2009 716 2054 ιι
725 2009 785 2053 nun
798 2001 955 2072 provecto,
971 1991 1069 2072 patria
1082 2009 1155 2054 roro

203 2087 332 2147 incerta.
354 2079 487 2144 Octavus
515 2081 652 2162 denique
681 2080 759 2142 libor
784 2091 866 2143 totus
888 2081 969 2143 cirea
997 2079 1155 2163 liturgiam

206 2183 359 2248 versatur,
386 2182 416 2233 et
444 2172 511 2252 ipse
547 2171 742 2245 antiquiores
778 2169 878 2231 tontes
909 2187 1157 2252 prmsupponens

207 2271 322 2346 (textus
337 2281 387 2334 ap.
400 2259 543 2330 Cotelior,
563 2261 667 2322 Potres
680 2267 790 2340 apost.;
809 2259 854 2320 Gi.
868 2263 1038 2340 praesertim
1054 2257 1155 2334 Funk,

208 2355 326 2432 Dteop.
344 2350 449 2414 Konst.
474 2349 575 2431 1892).
601 2348 807 2428 interpolator
835 2349 951 2411 mitiori
975 2349 1155 2426 arianismo,

209 2443 259 2506 vel
276 2439 530 2524 Apollinaristica
547 2439 663 2500 traenee
686 2437 831 2514 inlectus,
848 2440 995 2520 quaeoam
1023 2441 1158 2502 malesc-

208 2533 316 2594 nantia
332 2529 436 2592 hebet.
464 2526 554 2590 Unde
579 2526 767 2589 Trullanum
783 2525 877 2591 Cone.
906 2527 948 2606 (c.
963 2525 981 2590 2
994 2532 1066 2590 :t
1082 2528 1154 2591 [list.

211 2623 249 2686 to
264 2623 295 2684 in
313 2617 399 2700 Deo.)
422 2617 658 2684 constitutiones
673 2616 782 2694 rejecit
804 2634 866 2680 non
883 2618 1063 2699 utspurias,
1080 2617 1159 2681 bene

209 2731 285 2776 vero
300 2720 334 2774 ut
349 2712 389 2773 ab
405 2709 560 2772 lraeretieis
579 2707 783 2772 delormatas.

249 2803 299 2864 11.
316 2797 584 2862 constitutionum
599 2805 694 2878 caput
714 2796 862 2859 ultimum
878 2795 1046 2860 ellormant
1064 2795 1161 2862 Gonu·

209 2911 262 2958 net
290 2887 500 2970 Apostolorum
521 2903 655 2950 numero
679 2884 730 2960 85,
761 2885 816 2968 qui
844 2893 950 2949 tamen
976 2895 1007 2950 et
1031 2887 1161 2950 seorsim

211 2983 392 3046 extiterunt.
416 2975 567 3038 Earndem
594 2977 729 3057 patriam
754 2975 885 3052 habent,
915 2993 1030 3057 nempe
1054 2975 1163 3038 lintio-

212 3072 329 3146 chiam,
359 3067 532 3149 eademque
565 3076 656 3130 aetate
679 3067 861 3150 conscripti,
891 3077 1026 3129 exeunte
1049 3083 1164 3144 nempe

215 3161 328 3225 saeculo
343 3175 383 3229 ιι,
410 3156 460 3221 vel
485 3157 614 3221 ineunte
629 3175 657 3219 v.
675 3156 750 3218 Fere
764 3175 802 3219 ex
818 3155 939 3238 integro
954 3154 1165 3220 desumuntur

215 3275 253 3318 ex
282 3249 457 3316 canonibus
488 3265 577 3312 conc.
618 3245 803 3310 Antiocheni
851 3246 893 3326 (a.
930 3245 1013 3327 311),
1046 3244 1164 3308 Nicaeni

218 3347 256 3424 (a.
274 3342 358 3418 325),
381 3357 418 3402 ex
434 3337 622 3411 diciturenim,
639 3346 668 3398 et
683 3335 824 3419 epistolis
839 3334 874 3399 N.
890 3333 923 3398 t.
944 3335 1033 3397 Plura
1051 3336 1166 3416 pariter

218 3435 323 3496 minus
339 3427 514 3492 conformia
531 3425 649 3487 lralrent
665 3443 736 3487 oum
753 3423 963 3487 ecclesiastica
985 3422 1163 3505 disciplina.

219 3522 275 3606 (ut
294 3518 411 3592 lio't‘r'le,
430 3515 498 3579 llist
513 3516 578 3577 'des
599 3516 702 3589 Cone,
720 3523 741 3575 1.
759 3514 782 3588 l,
798 3514 895 3596 erip.)

258 3612 376 3674 llorum
406 3605 445 3667 liO
473 3621 593 3686 priores
620 3603 786 3688 Dionysius
808 3603 947 3684 Exiguus
975 3602 1063 3667 novit
1082 3609 1113 3664 et
1134 3600 1166 3664 in
