2586 3988
184 258 206 315 ⁰
404 265 544 312 1111111111
565 267 669 316 rcrrus
688 268 770 315 turra
790 266 939 314 uancnrcr.

185 367 248 428 imd
269 367 405 430 nonnulli
434 367 534 430 clerici
556 369 653 449 ignari
674 369 720 431 vel
742 368 910 450 depravate
932 367 1088 430 doctrinae.
1120 367 1165 430 lto

165 493 170 550 y
185 456 296 538 pariter
310 457 471 540 losepbitae
481 457 512 519 in
523 457 702 536 Germania,
717 465 747 520 et
764 457 814 519 alii
829 456 914 519 multi
930 456 961 518 in
976 455 1121 539 Hispania
1134 463 1165 519 et

185 546 348 608 Lusitania.
372 546 489 608 Exhinc
515 545 692 628 prodierunt
719 545 845 609 celebris
867 545 1045 609 Constitutio
1069 544 1166 608 civilis

187 634 263 696 Cleri
287 635 446 716 gallicani,
476 653 557 697 anno
578 637 668 709 l'lltl,
693 641 723 698 et
749 633 857 718 synodi
878 634 1068 698 pistoriensis
1086 641 1164 712 acta,

187 741 268 785 anno
285 728 373 787 1786.

226 813 369 887 Quidam,
388 819 518 895 systema
540 811 776 876 democraticum
792 813 823 874 in
837 811 1004 876 Ecclesiam
1021 811 1166 876 inducere

189 901 337 978 volentes,
353 901 483 965 docuere
498 901 648 964 Christum
663 902 747 982 pribs
756 900 874 963 dedisse
889 907 1063 983 potestatem
1079 900 1168 982 logis·

188 990 307 1052 latinam
321 991 529 1053 communitati
551 989 703 1065 fidelium,
720 987 757 1050 ab
776 989 848 1072 ipsis
862 989 972 1052 deinde
986 987 1167 1052 transferen-

188 1079 259 1141 dam
287 1079 319 1141 in
347 1081 461 1162 primos
489 1084 645 1160 pastores,
673 1079 724 1159 qui
751 1081 876 1140 nomine
906 1079 997 1141 totius
1024 1077 1167 1140 Ecclesiae

189 1175 373 1231 exercerent.
402 1169 446 1230 ltb
472 1168 620 1249 blarsylus
652 1165 831 1246 Patavinus,
855 1166 1023 1246 LutheruS,
1047 1169 1166 1231 Marcus

191 1259 261 1319 1111.
277 1256 315 1319 de
334 1257 491 1329 lloruiuis,
507 1255 681 1331 dichorius,
698 1255 844 1338 multique
860 1258 1039 1320 lansenistae
1053 1263 1083 1319 et
1095 1275 1166 1320 cum

190 1345 234 1408 eis
247 1345 381 1428 synodus
396 1346 594 1408 Pistoriensis.
611 1345 782 1424 (Lequcux,
797 1354 829 1406 11ο
844 1348 887 1424 8.)

231 1436 308 1498 Sunt
320 1435 461 1514 tandem,
480 1435 530 1515 qui
552 1432 741 1516 Regalistoea
757 1434 877 1496 Cardiu.
897 1434 997 1516 Soglia
1010 1441 1164 1514 vocantur,

191 1525 228 1587 cd
241 1524 322 1606 qudd
334 1525 462 1586 nimiimr
473 1519 594 1603 regibus
607 1529 637 1583 et
649 1521 726 1582 civili
741 1524 875 1604 potestati
888 1523 1020 1600 lareant,
1031 1525 1082 1604 qui
1095 1525 1168 1603 ¹iuri-

193 1614 249 1676 bus
263 1613 404 1675 Ecclesiae
426 1614 465 1674 itb
487 1609 665 1686 detrahunt,
680 1617 714 1672 ut
731 1630 797 1688 res,
813 1614 837 1674 si
860 1631 921 1674 non
936 1613 1122 1693 spirituales,
1137 1621 1166 1678 at

192 1703 272 1765 certe
286 1699 651 1785 spiritualibusadnexas,
665 1705 695 1760 at
706 1703 798 1764 totam
809 1701 999 1783 disciplinam
1012 1707 1167 1764 externam

193 1789 292 1852 eidem
326 1790 402 1853 cirili
436 1787 573 1872 potestati
602 1786 776 1867 subjiciunt
806 1793 891 1866 (bist.
921 1789 1005 1872 jurr'e
1032 1789 1163 1872 publici,

218 1881 320 1954 .116,
335 1881 416 1958 etc).

194 1901 214 1962 p
234 1967 1166 2052 Contrbhosomnesstatuendaesuntpropositionessequentes:

234 2107 283 2166 13.
307 2103 475 2186 Propositio
491 2110 531 2168 1¹.
541 2110 642 2169 —Est
656 2107 686 2169 in
700 2105 834 2169 Ecclesia
846 2123 907 2168 non
917 2103 1016 2168 solbm
1027 2103 1169 2168 directim

195 2191 325 2256 sedveru
339 2200 467 2276 potestas
481 2194 643 2276 legislativa
664 2195 815 2258 condendi
836 2193 917 2276 leges
929 2195 1021 2258 etiam
1034 2193 1072 2257 ed
1085 2199 1169 2257 actus

196 2282 358 2346 exteriores
381 2281 558 2364 obligantes.

236 2406 321 2480 Oudd
338 2407 375 2469 sit
397 2407 428 2469 in
444 2409 576 2471 Ecclesitt
590 2413 719 2490 potestas
734 2407 897 2488 legislatira
911 2407 949 2468 ad
963 2405 1127 2488 regendam
1140 2413 1170 2474 el

196 2497 424 2578 gubernandam
441 2496 574 2559 bdelium
585 2497 756 2559 societatem
771 2495 894 2558 assertio
908 2495 997 2558 estde
1007 2495 1170 2576 bde,juxla

199 2589 309 2648 Suarez
324 2585 377 2664 (De
391 2586 462 2665 Lep.
475 2585 527 2646 lib.
544 2589 561 2647 3
576 2603 643 2667 cap.
661 2587 702 2663 1.)

237 2673 327 2736 Proh.
344 2677 374 2734 1ο
395 2692 432 2734 ex
451 2675 604 2756 Scriptura
623 2695 629 2734 :
655 2697 669 2731 c
684 2673 747 2735 Tibi
764 2673 842 2737 dubo
861 2673 958 2737 clares
975 2675 1061 2756 regni
1077 2673 1169 2737 eoelo·

197 2785 212 2822 n
237 2781 356 2824 rum...
369 2762 587 2845 Quodcumque
601 2763 739 2846 ligaveris
752 2781 843 2844 super
856 2771 967 2826 terram
977 2763 1034 2825 erit
1046 2763 1170 2844 ligatum

199 2874 214 2910 n
239 2851 309 2913 etin
327 2849 447 2914 omlis»)
466 2852 579 2931 (blatth.
592 2871 620 2915 c.
638 2855 686 2916 16.
697 2871 725 2913 ν,
742 2855 804 2930 19.)
822 2875 837 2911 c
851 2855 943 2916 Pasce
957 2870 1028 2914 ores
1041 2869 1134 2914 meas.
1150 2875 1166 2912 a

199 2943 333 3018 (toene.
350 2943 399 3003 11.
410 2960 438 3002 v.
450 2941 511 3023 16.)
521 2941 620 3005 Exhis
629 2940 1061 3005 verbismanilestededucitur
1070 2940 1171 3004 datam

201 3047 266 3091 esse
295 3031 382 3091 Petro
409 3037 440 3091 et
470 3030 596 3112 proinde
624 3031 717 3114 ipsius
744 3031 967 3094 successoribus
995 3037 1170 3112 potestatem

202 3117 323 3199 regendi
348 3124 378 3180 et
398 3117 586 3199 gubernandi
609 3120 780 3184 societatem
808 3119 955 3182 fidelium.
981 3141 998 3178 a
1021 3119 1171 3182 Attendite

200 3230 215 3266 n
239 3207 324 3269 vobis
337 3214 367 3268 et
386 3207 526 3270 universo
546 3209 645 3290 gregi,
669 3209 699 3270 in
717 3227 778 3289 quo
800 3205 853 3271 vos
875 3209 1004 3289 Spiritus
1022 3207 1054 3270 S.
1072 3209 1169 3290 posuit

202 3319 214 3354 n
240 3295 964 3379 EpiscoposregcreEcclesiamlleiuldct.Apost.
976 3300 1099 3360 obbv.
1109 3301 1171 3377 18.)

243 3385 288 3446 Ad
308 3386 423 3466 praxim
438 3385 628 3448 deduxerunt
645 3385 723 3449 hanc
738 3393 914 3467 potestatem
933 3385 1086 3469 Apostoli,
1101 3405 1172 3450 cum

203 3479 269 3557 post
292 3475 456 3536 concilium
478 3471 780 3558 hierosolymitanum
796 3473 962 3538 dicebant:
982 3475 1117 3538 allisum
1128 3483 1174 3540 est

203 3585 217 3624 a
243 3563 365 3646 Spiritui
378 3565 487 3626 Sancto
501 3569 530 3624 et
539 3564 632 3627 Nobis
647 3563 720 3625 nihil
737 3563 815 3627 ultra
822 3565 969 3646 iteponere
982 3563 1173 3629 robisoneris

23 3651 24 3654 ’
86 3683 92 3687 ’
201 3676 215 3719 r
241 3671 333 3730 cruam
354 3651 417 3715 haec
434 3654 619 3731 neccssaria,
634 3659 668 3720 ut
685 3651 858 3720 abstineatis
879 3669 933 3721 vos
950 3651 989 3718 ab
1010 3653 1173 3722 immolatis
