2588 3994
431 303 657 362 anaarronnnt
992 309 1027 375 91

76 415 188 479 tiromm
199 415 277 480 velut
285 433 341 499 per
354 419 602 484 manumtraditis
611 421 1029 492 administralataitbcclcsia.

75 505 204 584 Regulam
217 505 255 568 ab
270 508 422 588 Apostotis
439 506 577 571 traditam
591 503 670 572 eirca
684 511 1030 593 Epiamporumsucces-

74 592 175 656 sionem
188 602 336 657 memorat
350 597 382 658 S.
394 595 545 670 Clemens,
559 599 590 661 S.
602 599 682 661 Petri
697 598 863 682 discipulus
876 610 906 665 ct
916 622 1030 668 succes-

74 699 128 758 s0r;
142 684 170 745 S.
185 684 318 764 Agnalius
332 693 446 766 martyr
460 685 491 747 in
506 687 568 748 suis
581 689 714 770 epistolis
728 688 874 770 populos.
892 711 945 773 pcc
955 712 1031 775 quos
1121 713 1123 726 ·

75 773 121 831 iter
131 769 266 848 faciebat,
282 772 459 836 hortabatur
472 780 506 837 ut
520 773 694 858 diligentiis
712 795 748 840 aa
770 777 898 840 tenaciae
912 782 1031 862 aposta

76 857 156 922 loram
180 860 391 923 traditionibus
416 861 604 926 inhaererent.
626 867 661 928 ln
693 866 897 930 controversia
920 866 958 930 de
981 869 1031 932 die

74 947 262 1012 celebrationis
273 950 397 1013 Paschae
411 957 441 1013 at
456 951 514 1014 aaa
527 952 565 1016 de
575 953 958 1037 Baptismateabhaercticis
972 957 1031 1020 col-

76 1035 138 1113 lato,
151 1039 369 1102 contendentes
382 1057 419 1102 ex
436 1045 563 1124 utroque
577 1049 659 1124 parte
674 1043 844 1125 allegabant
855 1045 1030 1108 traditiones

77 1128 277 1206 Apostolorum.
292 1127 441 1192 Paulatim
453 1133 534 1210 verb,
550 1131 819 1216 multiplicatispro
832 1134 920 1197 variis
931 1135 1031 1198 Eccle-

73 1214 115 1276 sia
126 1218 349 1280 necessitatibus
370 1219 524 1296 conciliis,
547 1221 619 1284 varii
633 1221 746 1285 conditi
762 1230 832 1286 sunt
847 1239 978 1286 canones
992 1243 1027 1286 ex

73 1305 165 1404 quibus
191 1305 360 1371 efformata
386 1305 471 1372 tuere
495 1308 620 1374 diversa
645 1311 723 1392 juris
749 1311 887 1376 canonici
916 1313 1028 1378 Collec-

72 1399 163 1460 tranas.

501 1559 576 1642 511.

169 1693 209 1758 ae
215 1693 293 1777 jare
307 1697 444 1758 canonico
456 1696 538 1780 apud
549 1697 579 1760 E
579 1696 715 1760 eclesiam
729 1695 920 1764 orientalem.

103 1841 163 1901 tta.
179 1840 308 1904 Saeculis
325 1841 357 1903 2⁰
371 1845 401 1902 et
414 1843 457 1918 δ’,
472 1841 504 1902 iu
521 1842 604 1918 Asis,
621 1841 727 1922 syrii,
744 1841 905 1919 palestina,
921 1850 992 1922 eta,
1009 1847 1027 1908 A

71 1927 183 2007 Synodis
202 1928 435 2012 particularibus
460 1930 598 1992 nonnulli
629 1929 740 1992 conditi
772 1938 842 1995 sunt
874 1951 1025 2011 canones3

71 2025 172 2095 postea,
186 2017 215 2080 id
229 2026 287 2094 est,
302 2035 386 2080 anno
398 2021 468 2094 att,
486 2017 586 2080 habita
600 2025 671 2081 sunt
690 2020 818 2083 eoncilia
833 2023 1028 2102 Ancyranum

71 2103 215 2176 inlialatia.
229 2115 260 2170 et
270 2108 512 2170 Neocaesariense
522 2107 554 2168 in
564 2109 670 2184 Ponto,
683 2109 715 2170 in
724 2109 924 2190 quibusmulti
940 2129 1029 2173 cano·

73 2211 116 2255 nes
128 2195 232 2259 conditi
244 2197 330 2261 tuere
344 2195 453 2277 quibus
467 2195 568 2278 plures
584 2196 633 2258 alii
649 2196 770 2260 fuerunt
778 2197 870 2260 additi
888 2199 920 2260 in
935 2201 1029 2280 Syna·

71 2280 109 2344 dis
119 2287 209 2365 quarti
223 2293 254 2348 et
270 2285 370 2367 quinti
387 2285 499 2357 saeculi,
518 2284 656 2348 videlicet
677 2288 800 2348 Nicaeno
821 2288 912 2363 (anuo
936 2289 1027 2367 325),

74 2373 242 2437 Antiocheno
259 2375 362 2452 (att),
383 2372 551 2436 Serdicansi
574 2375 669 2454 (347),
686 2374 911 2456 Carthaginensi
927 2377 1025 2452 (348),

74 2460 220 2542 Ganga-ensi
232 2464 264 2525 in
280 2461 484 2544 Paphlagonia
495 2465 661 2542 (atta-370),
671 2461 839 2526 Laodicena
854 2463 885 2525 in
900 2463 1030 2545 Phrygia

75 2550 220 2632 tata-381),
228 2551 401 2636 (phillipps,
410 2550 547 2614 dallroit
555 2551 653 2614 ecelis.
665 2550 736 2614 daus
744 2571 786 2616 ses
795 2571 915 2622 sources,
927 2571 957 2634 p.
967 2554 1026 2630 10).

74 2637 108 2700 Er
124 2640 167 2704 his
187 2643 352 2705 efformatae
371 2648 441 2703 sunt
460 2643 488 2722 pt
500 2659 561 2704 aes
581 2659 733 2704 canonum
754 2639 945 2706 collectiones
952 2662 961 2720 ;
990 2641 1030 2705 da

75 2731 214 2813 pmcipuis
226 2732 345 2792 matiam
359 2729 506 2792 dicemus.

104 2821 165 2882 lam
176 2823 247 2884 satis
268 2819 323 2882 luit
342 2819 456 2882 dictum
474 2818 513 2880 de
527 2818 700 2882 Canonibus
717 2825 748 2882 at
760 2819 1029 2887 constitutionibus

76 2907 268 2987 Apostolorum
282 2911 397 2989 (aa-aa)
411 2928 419 2984 ;
435 2914 571 2990 superest
584 2915 618 2970 ut
631 2926 725 2990 pauca
735 2907 949 2992 indigiteruus:

106 3001 132 3060 A⁰
155 3001 197 3062 Dc
223 2998 335 3061 calabri
362 2996 543 3060 collectione
564 2997 596 3059 in
624 2997 859 3061 chalcedonensi
883 3001 1023 3079 Concilio,

73 3102 141 3149 anuo
149 3091 223 3162 451,
239 3090 485 3151 commemorata.
497 3089 530 3148 ln
545 3085 677 3150 sessione
696 3087 778 3149 enim
791 3090 895 3169 quant
906 3087 1028 3169 hujusce

74 3173 171 3255 Spaodi
184 3179 214 3241 in
226 3178 405 3240 memoriam
412 3175 469 3240 tuit
483 3175 764 3258 revocataquaedam
775 3176 878 3258 regula
887 3185 1029 3261 tanquam

75 3281 102 3326 ea
120 3265 219 3331 Codice
238 3267 436 3350 deprompta,
459 3284 529 3348 quae
549 3271 594 3328 est
612 3265 740 3348 ipsemet
752 3270 884 3330 canant
905 3269 1028 3333 Consilii

77 3353 248 3418 Antiocheni.
270 3357 396 3438 insuper
413 3354 516 3437 plures
529 3353 580 3418 alii
602 3373 752 3430 canones,
775 3353 914 3417 videlicet
933 3361 953 3419 A
968 3363 1027 3420 att

76 3441 191 3518 ejudem
201 3444 325 3508 Consilii
338 3443 505 3526 allegantur
517 3450 662 3526 tanquam
671 3447 710 3508 83
725 3446 802 3506 at84
811 3444 938 3524 alicujus
950 3445 1029 3507 codi-

75 3530 116 3591 ut,
132 3535 210 3616 Ergo
226 3533 360 3597 exstabat
374 3533 438 3612 jam
450 3541 523 3596 tunc
538 3535 679 3597 Collectio
692 3533 794 3614 aliqua
806 3551 958 3595 canonum
973 3551 1029 3595 au-

74 3617 189 3686 hantica
201 3631 231 3688 at
244 3641 301 3686 usu
314 3629 444 3704 recepta.
464 3623 522 3685 Sed
538 3625 657 3706 peniths
667 3623 822 3703 ignoratur
835 3625 853 3681 a
867 3638 928 3699 quo
942 3619 1031 3680 suerit

75 3708 188 3776 redich.
202 3713 276 3777 Dua
291 3711 371 3776 illius
387 3717 517 3772 exaratae
530 3711 654 3772 fuerunt
666 3708 819 3771 versiones
834 3714 902 3766 anta
916 3703 1029 3782 Diony·
