2574 3994
489 226 574 271 clean
595 226 710 274 antuus.
737 233 742 238 ·
1063 209 1122 272 tte

152 349 166 386 e
191 325 228 386 ab
244 323 295 385 illo
309 341 370 384 non
382 329 529 385 excoctas.
542 325 625 384 Sacr.
636 326 745 404 Congr.
757 325 856 405 Episc.
867 327 992 404 etlleg„
1004 327 1043 386 lo
1055 342 1119 404 apr.

150 407 167 473 'a
192 416 279 488 16153
293 436 307 467 a
324 412 511 492 sedipsemet
524 411 729 487 Ferrarislila,
742 415 832 488 n⁰63)
846 412 918 474 dicit
934 435 941 473 ε
957 434 972 472 a
989 413 1123 474 lliaarius

150 524 165 563 a
192 500 367 582 capitularis
391 519 452 561 non
475 506 572 582 potest
597 500 738 582 expedire
759 501 997 582 dispensationes
1018 501 1122 562 matri·

151 612 167 650 n
191 589 337 651 moniales
359 589 486 651 directas
515 590 664 670 Episcopo
686 597 716 651 et
738 590 803 668 ejus
825 589 944 652 Vica'rio
971 589 1120 653 Generali.

151 699 166 738 e
191 680 222 740 S.
240 679 350 758 Congr.
364 677 492 753 Concil,
507 679 626 740 tlmaii
643 683 716 740 liat
729 727 737 756 ,
752 697 800 760 ep.
817 677 960 740 Barbosa.
976 701 992 738 e

192 767 418 848 Optatissimum
443 766 530 828 nobis
554 766 657 829 luisset
676 767 890 848 simpliciorem
913 785 949 830 ec
966 767 1124 830 clariorem

154 855 286 937 regulam
300 853 418 916 tradere
432 855 469 916 ed
488 855 741 918 discriminandos
752 858 849 918 varios
863 875 950 918 casus
963 856 995 918 in
1014 857 1124 937 quibus

152 943 299 1025 delegatio
313 944 351 1004 sit
370 943 537 1026 personalis
555 944 601 1006 vel
624 945 726 1016 realis.
741 945 795 1007 sed
808 945 946 1027 pluribus
965 945 1003 1008 de
1022 945 1078 1008 hac
1092 965 1124 1006 re

153 1031 324 1097 auctoribus
338 1031 490 1114 perlectis,
508 1032 581 1094 nihil
598 1033 727 1114 praelatis
747 1033 928 1097 luculentius
942 1035 1121 1098 invenimus.

192 1127 261 1184 idi.
285 1123 343 1182 Pro
360 1122 525 1202 questione
539 1122 666 1202 qualiter
679 1122 833 1185 facultates
850 1122 994 1205 delegate
1007 1129 1125 1186 cessent

154 1231 207 1293 per
220 1217 348 1272 mortem
366 1209 559 1272 concedentis
576 1210 645 1272 vide
665 1229 757 1292 supra
777 1211 809 1272 in
825 1213 1041 1294 Pralcpemenis
1055 1215 1125 1290 (tl-

153 1300 218 1382 73).
234 1298 303 1361 Vid.
315 1297 405 1361 etiarn
419 1305 498 1362 auct.
514 1299 655 1363 Proelect.
666 1299 702 1362 S.
717 1299 859 1382 Salpini,
871 1309 904 1362 n⁰
918 1305 988 1364 974.

568 1477 650 1540 ΛΒΤ.
666 1475 701 1539 ll.

183 1625 220 1671 n!
240 1623 416 1670 CESSATIONE
435 1621 663 1668 JUlllSDlG'l'lOlllS
685 1622 854 1668 onolltattlm
874 1621 911 1666 ΕΤ
932 1617 1097 1668 vacarlouu

393 1719 568 1765 orrlctonult
589 1719 883 1766 acccesutsrlcottult.

192 1863 261 1924 498.
284 1857 440 1939 Multiplici
457 1857 548 1919 modo
562 1875 667 1918 vacere
678 1863 805 1938 possunt
818 1856 916 1920 officia
929 1857 1127 1922 ecclesiastice

154 1957 184 2014 et
200 1948 326 2031 proinde
343 1945 511 2027 jurisdictio
531 1945 693 2008 ordinarie.
714 1948 782 2008 Non
801 1947 900 2009 solnm
920 1947 1002 2008 enim
1021 1956 1127 2010 vacent

156 2059 208 2122 per
223 2045 367 2110 mortem,
383 2034 434 2096 sed
447 2035 537 2096 eliam
550 2053 557 2095 :
570 2037 600 2094 l⁰
611 2053 664 2115 per
677 2035 902 2111 dimissionem3
918 2040 950 2096 2⁰
965 2055 1019 2118 per
1032 2044 1127 2099 trans·

156 2129 297 2190 lationem
308 2128 357 2200 ;3⁰
365 2142 419 2205 per
426 2123 621 2204 privationem
630 2131 681 2184 aut
689 2125 908 2186 revocationem
921 2129 1127 2207 anper-ques-

155 2216 224 2277 dam
245 2215 319 2276 alios
337 2219 461 2274 eventus
474 2211 553 2273 inira
572 2211 783 2274 recensendos.
804 2214 881 2274 Cum
903 2213 941 2274 de
962 2216 1128 2276 cessatione

156 2321 210 2384 per
223 2310 351 2364 mortem
366 2299 440 2362 nihil
458 2299 586 2382 speciale
600 2301 638 2360 sit
652 2300 683 2360 in
694 2301 830 2381 praesenti
851 2300 1032 2380 dicendum,
1048 2301 1129 2366 suffi-

156 2392 237 2456 citut
248 2390 287 2453 de
300 2390 366 2452 eliis
379 2386 476 2450 modis
485 2387 534 2449 hic
548 2389 647 2451 sallem
661 2407 834 2451 sermonem
849 2387 1026 2453 habeams

604 2572 623 2652 5
641 2571 666 2632 Ι.

155 2708 198 2770 De
208 2705 376 2773 dimissione
388 2729 439 2772 sen
456 2711 674 2776 renuntiatione
687 2713 846 2796 officiorum
857 2715 1123 2786 emtesiasticorren.

193 2867 261 2927 499.
285 2865 426 2929 Dimissio
440 2885 507 2949 quae
528 2875 651 2931 vocatur
674 2872 764 2933 etiam
784 2873 977 2948 renuntiatio,
994 2877 1127 2960 resipna-

155 2951 212 3028 tio,
240 2953 344 3031 cessio,
362 2961 408 3016 cst
433 2964 590 3038 spontanea
615 2959 713 3040 officii
738 2961 927 3025 ecclesiastici
958 2963 1125 3046 derelictio,

154 3039 235 3121 factet
248 3059 346 3102 coram
365 3041 497 3123 lepitirnc
512 3044 672 3126 Superiora
684 3066 746 3114 eant
759 3059 935 3131 acceptante.

194 3128 340 3190 Dividitur
356 3131 387 3192 in
403 3131 524 3193 tacitam
537 3139 567 3195 et
585 3154 771 3215 expressam:
789 3137 891 3200 Tacita
905 3146 951 3204 est
963 3159 999 3204 ea
1013 3163 1081 3224 quae
1096 3145 1129 3208 lit
1173 3185 1174 3190 κ

154 3216 232 3278 lecto
254 3218 489 3298 resignationem
512 3222 716 3302 significante,
731 3226 778 3287 rel
796 3246 833 3290 ex
846 3227 1041 3310 dispositione
1052 3234 1130 3312 juris

153 3322 222 3366 earn
237 3305 416 3387 importante
430 3309 543 3390 absque
555 3311 613 3373 alie
624 3313 783 3376 verborum
795 3315 979 3396 prolatione;
995 3321 1019 3383 si
1033 3342 1080 3394 ,v.
1096 3343 1126 3404 g.

154 3392 282 3455 clericus
305 3393 514 3460 beneficiarius
537 3400 568 3460 in
591 3402 760 3466 minoribus
783 3407 961 3469 constitutus
975 3409 1130 3472 contrahat

154 3482 399 3559 matrimonium,
415 3485 699 3566 ipsiusbeneactum
709 3492 773 3562 ipso
786 3493 853 3570 jure
868 3503 950 3556 vacat
965 3501 1031 3571 (ol
1048 3505 1078 3558 et
1091 3502 1127 3575 3,

155 3565 189 3660 (a
204 3567 287 3630 cler.
300 3570 412 3652 Germ).
429 3572 504 3633 itam
517 3583 753 3638 caneetarmum
769 3576 952 3643 mantuan
962 3577 1091 3656 abjicere
1104 3583 1129 3644 el

944 3666 1014 3738 Ι*
