2546 3992
474 272 700 349 ursn'iririrus.
1019 283 1076 346 ort

113 403 186 478 762,
202 401 273 478 etc.)
287 397 360 480 quid
378 397 417 461 ad
433 398 598 480 Episcopos
611 396 769 480 pertineat.
785 395 921 461 Sufficiat
939 395 990 462 hic
1008 395 1082 478 adii-

111 507 179 553 cere
193 486 331 571 quaedam
346 487 427 550 circa
439 485 649 568 dispositiones
663 485 736 567 legis
747 486 842 550 civilis
851 487 883 550 in
893 486 998 563 Gaiiit,
1009 504 1085 570 pruo-

112 580 215 641 sertim
231 575 330 659 quoad
345 575 437 638 libros
450 575 603 655 liturgicos
616 582 647 638 et
659 593 770 638 sacros.

150 671 219 730 956.
242 667 301 728 Lex
316 665 410 728 civilis
423 664 561 727 concedit
573 663 696 746 quidem
710 663 877 727 libertatem
891 663 983 727 libros
992 663 1085 747 praeio

113 754 276 818 mandandi
289 801 297 830 ‚
312 753 365 816 sed
379 753 443 816 haec
456 753 576 816 libertas
585 752 684 816 solum
693 751 833 816 ordinem
847 751 1003 835 politicum
1016 771 1085 816 con-

113 862 237 908 cernere
250 850 358 926 potest.

154 933 297 1014 Agnoscit
309 941 410 995 tamen
431 930 478 993 lex
498 931 593 994 civilis
611 931 662 1012 jus
683 931 902 1015 Episcopomm
916 931 1016 1014 quoad
1033 933 1087 996 im-

114 1023 300 1105 pressionem
315 1027 345 1083 et
357 1021 622 1101 reimpressionem
639 1020 784 1084 iibrurum
803 1021 1031 1103 liturgicorum:
1047 1021 1087 1083 ita

113 1111 196 1173 enim
214 1129 247 1174 se
266 1109 355 1172 habet
373 1111 533 1194 Decretum
556 1115 573 1171 '1
592 1109 766 1192 germinatis
783 1111 854 1172 anni
877 1112 964 1174 Xlil:
991 1133 1007 1168 r
1030 1112 1086 1172 Ar-

112 1221 128 1258 s
153 1199 222 1261 ticle
243 1203 296 1260 1⁶¹.
319 1200 375 1260 Les
398 1197 486 1258 liures
507 1197 647 1277 d’dgiise,
662 1198 705 1260 les
727 1197 834 1260 heurcs
856 1205 885 1260 et
912 1199 1025 1280 pridres
1049 1217 1087 1261 ne

114 1291 303 1368 npourront
330 1289 394 1348 etro
421 1286 578 1366 imprimes
605 1303 647 1349 ou
673 1285 862 1368 niimprimes
888 1305 948 1368 que
970 1286 1088 1368 d'apres

115 1398 131 1434 r
154 1375 183 1437 la
204 1374 383 1457 permissicn
404 1373 524 1435 donne'e
544 1391 599 1454 par
620 1374 663 1436 les
682 1358 820 1455 niveques
840 1373 1024 1450 dimesains,
1049 1375 1089 1436 la-

115 1485 130 1523 n
155 1462 255 1545 quelle
275 1461 454 1545 permission
473 1479 540 1523 sera
559 1462 782 1525 textueliement
800 1463 958 1545 rapportea
978 1468 1009 1524 et
1030 1462 1088 1524 im·

117 1575 132 1612 n
157 1552 273 1635 primde
292 1569 331 1614 en
351 1554 412 1613 tete
432 1549 470 1612 de
487 1550 604 1631 chaque
618 1549 812 1632 exemplaire.

154 1663 170 1700 u
196 1643 260 1702 Art.
276 1645 305 1702 2.
317 1637 1090 1724 Lesimprimeurs-librairesquiieraientimprimer

116 1751 132 1790 u
156 1747 197 1792 cu
211 1729 402 1811 reimprimer
421 1727 463 1790 ies
477 1727 564 1790 liures
579 1726 701 1810 d’dglise
713 1775 722 1806 ,
736 1727 780 1791 les
794 1727 903 1792 heures
915 1735 946 1792 et
959 1729 1088 1811 prienes,

117 1840 133 1878 a
157 1836 227 1879 sans
247 1818 328 1880 avoir
346 1817 459 1880 obtenu
479 1823 556 1878 cette
578 1817 776 1899 permission,
797 1824 899 1880 serunt
921 1819 1090 1900 poursuivis

119 1927 134 1965 n
158 1905 397 1969 coniormdment
416 1908 435 1968 a
452 1904 481 1967 la
498 1905 537 1966 ici
556 1905 597 1966 du
621 1909 658 1968 19
674 1906 772 1985 juillet
798 1909 885 1969 1793.
907 1928 923 1966 r
948 1909 1020 1970 Haec
1043 1908 1089 1970 lex

120 1997 196 2057 1793
211 1995 361 2076 praecipue
375 2001 488 2076 spectat
497 1994 566 2073 jura
578 2002 735 2056 auctmum
751 2013 760 2056 r
774 1995 806 2055 in
819 1996 917 2075 primo
930 1998 1012 2058 enim
1026 1997 1091 2076 ejus

120 2085 244 2146 articulo
257 2083 330 2164 ipsis
347 2086 489 2145 asseritur
500 2084 550 2162 jus
564 2081 753 2162 proprietatis
765 2099 819 2163 per
831 2089 924 2144 totam
937 2086 1046 2162 vitam;
1061 2092 1091 2148 ct

121 2174 151 2234 in
165 2171 299 2235 secundo
315 2170 451 2245 articulo,
466 2167 546 2232 idem
558 2171 608 2249 jus
621 2169 795 2232 conceditur
809 2170 986 2234 eorumdem
1000 2173 1091 2236 haere-

120 2260 209 2324 dibus
222 2277 276 2342 per
297 2259 404 2322 decern
425 2276 531 2320 annus.
557 2261 624 2319 tion
642 2257 713 2320 indd
731 2265 832 2320 sutem
852 2260 1013 2322 concludas
1024 2264 1091 2342 jura

122 2347 310 2431 proprietatis
322 2350 339 2409 a
354 2346 419 2428 lege
433 2346 540 2410 sanciri
556 2347 587 2408 in
601 2346 961 2428 grstiamEpisccporum,
971 2351 1091 2414 relative

122 2436 161 2500 ad
177 2437 268 2498 libros
280 2436 433 2517 liturgicus
446 2439 484 2520 ab
499 2436 571 2516 ipsis
585 2453 647 2498 non
661 2434 863 2516 compositos;
878 2435 976 2498 sedin
991 2439 1034 2499 eis
1044 2439 1089 2501 lex

123 2535 224 2589 nostra
237 2525 372 2607 agnoscit
383 2525 527 2588 duntaxat
538 2526 588 2604 jus
601 2523 795 2605 inspectionis
808 2529 839 2586 et
855 2525 1089 2607 approbationis.

123 2615 209 2680 Unde
220 2615 257 2686 si,
273 2614 510 2696 independenter
518 2614 556 2676 ab
563 2631 668 2676 eorum
682 2629 844 2689 consensu,
853 2612 928 2675 iiber
938 2614 1093 2696 liturgicus

124 2704 292 2786 publicetur
305 2711 336 2766 et
348 2703 502 2776 vendatur,
524 2703 596 2784 ipsis
610 2719 671 2764 nou
685 2699 773 2762 datur
786 2699 863 2762 actio
877 2702 970 2765 civilis
988 2704 1025 2766 ad
1040 2723 1092 2787 pe-

124 2794 246 2855 tendam
266 2792 368 2854 damni
390 2791 626 2875 reparationem,
650 2787 702 2850 sed
725 2787 926 2852 Ministerium
942 2790 1092 2873 publicum

125 2901 162 2944 eu
174 2881 265 2962 afflato
284 2880 373 2943 debet
391 2879 508 2961 insequi
524 2879 598 2960 legis
610 2875 816 2953 infractorem,
831 2884 861 2939 et
873 2877 963 2958 huius
976 2899 1091 2963 repres-

125 2968 241 3034 sionem
260 2969 381 3052 ipsimet
394 2969 531 3052 Episcopi
551 2972 677 3050 possunt
689 2963 887 3047 expostuiare.
899 2968 973 3031 Vide
988 2975 1092 3033 Arres-

12 3083 18 3144 ξ
126 3065 191 3120 tum
204 3057 484 3122 CurireParisiensis
498 3057 529 3118 in
539 3055 598 3118 hoc
610 3071 721 3132 sensu,
735 3071 784 3137 ap.
801 3053 959 3138 Loqueux,
974 3069 1007 3120 n·
1020 3061 1090 3124 310.

13 3269 16 3294 .‚
550 3221 570 3301 §
588 3221 664 3284 vlu.

128 3358 173 3426 lte
179 3366 324 3444 potestate
340 3357 483 3440 Episcopi
494 3356 681 3440 dirpmandr·
693 3357 725 3422 a'a
742 3359 853 3444 lepidio
864 3363 1090 3430 Ecclesiastico.

166 3515 237 3577 957.
260 3510 447 3594 Dispensatio
460 3515 505 3572 est
521 3507 699 3573 relocatiod
717 3509 791 3594 lepis
807 3510 999 3596 obliputione,
1013 3515 1051 3578 ab
1063 3537 1095 3579 a.

128 3601 181 3684 qai
195 3601 360 3683 tepitimam
374 3597 460 3661 habet
476 3597 680 3662 auctoritatem
692 3599 788 3682 sacta,
802 3619 857 3682 pro
868 3602 971 3684 ctr'qao
982 3622 1049 3665 rasa
1062 3605 1094 3666 in

129 3708 184 3770 quo
197 3688 246 3750 less
258 3689 433 3770 caeteroquin
445 3687 602 3770 obiiceret.
