2578 4008
111 163 112 170 ι
231 129 288 190 356
447 161 584 212 utrumn
603 172 703 222 sonus
722 176 803 230 runrs
823 173 972 240 cruuntur.

42 219 111 282 i*
229 242 276 305 tis.
294 249 385 312 Porro
400 256 524 322 minime
538 277 659 344 possent
671 271 729 336 dici
744 285 827 345 actus
841 288 931 352 totius
945 299 1079 378 corporis
1093 305 1197 372 Eccie

90 297 117 378 η’.
228 331 279 393 siae
302 333 456 422 docentis,
478 354 523 410 etc

534 397 542 428 ,
570 354 594 414 si
614 357 706 441 Caput
729 383 790 428 non
813 375 986 454 assentiret,
1016 404 1051 448 ea
1072 389 1194 460 decreta

229 425 436 503 approbando,
459 443 516 498 etc.
542 440 587 502 Ab
609 444 664 509 htc
686 459 831 521 sententia
853 481 914 526 non
936 473 1078 540 recedunt
1098 485 1192 550 etiam

226 507 379 594 Gallicani,
392 521 476 597 juxta
490 527 614 594 Bossuet
627 534 740 612 (Gallio
754 548 924 632 orthodoxo,
942 568 974 619 n·o
989 564 1055 644 Sti:
1074 589 1089 627 ι
1108 573 1192 638 Puri·

223 616 239 652 ι
262 599 394 680 sionsos,
411 609 617 692 inquit‚uttra
629 634 820 698 consentiunt
842 658 878 703 ex
900 647 1115 731 antiquissimis
1135 683 1188 729 re-

220 705 235 742 u
260 690 347 766 gulis,
360 696 495 776 synodos
505 712 778 802 gencralesabsque
787 727 922 794 Romano
931 737 1076 808 Pontitice
1088 753 1187 820 nutias

24 753 79 868 {327
167 843 169 846 v
219 795 233 830 s
258 791 366 843 esseut
386 784 492 852 irritas.
508 815 523 850 n
550 799 635 862 Unde
658 823 713 868 nec
729 811 918 882 Ariminense
939 843 994 890 nec
1013 831 1184 909 Basiteense

24 891 46 914 ι.

218 861 362 939 Concitia.
378 875 482 938 saitem
497 881 527 942 in
543 889 672 952 rnerimrt
686 899 833 981 mipene,
849 905 969 975 suerunt
981 930 1179 997 oecumenica.

255 956 323 1016 690.
341 957 537 1031 corollarium
560 971 748 1065 V.-Corpus
766 992 981 1078 Episcoporum
999 1019 1179 1088 quatenusa

97 1071 98 1074 ,
214 1036 294 1120 Papa
307 1047 494 1134 sejunctum,
514 1065 677 1131 nonhabet
696 1091 867 1157 supremam
886 1087 916 1149 in
932 1093 1063 1162 Ecclesia
1074 1113 1176 1183 potes-

31 1801 41 1844 ,¹
99 1891 100 1894 Ἴ
199 1831 333 1900 tricem?

216 1137 301 1191 tuem
318 1153 324 1192 :
341 1142 468 1204 -Nam
494 1169 509 1206 o
534 1151 615 1215 Fidei
639 1157 749 1242 'dogma
775 1177 836 1248 est,
864 1177 1080 1264 Episcopomm
1101 1213 1170 1262 auc·

212 1240 225 1267 υ
245 1220 390 1288 toritatem
412 1239 440 1292 et
450 1233 686 1311 jurisdictionem
706 1254 870 1333 subjectam
884 1283 949 1329 csse
967 1273 998 1334 S.
1019 1278 1175 1352 Pontificis

209 1323 223 1356 r
242 1315 417 1392 auctoritati,
428 1328 458 1382 ut
469 1325 589 1392 subesse
599 1331 725 1401 debeant
736 1344 820 1408 Sedis
832 1355 1006 1432 apostolice
1014 1372 1137 1436 statutis.
1150 1399 1167 1436 a

206 1393 247 1452 lta
273 1397 342 1461 Pius
364 1405 401 1464 VI
429 1409 466 1470 ad
501 1416 763 1507 Archiepiscopum
787 1436 1005 1512 coloniensem.
1039 1457 1112 1522 Vide
1136 1465 1170 1529 id

205 1483 306 1546 multis
319 1501 502 1570 argumentis
516 1506 684 1592 probatum,
699 1521 778 1599 apud
788 1526 822 1586 D.
836 1529 941 1613 Bouix,
952 1537 996 1601 De
1008 1541 1165 1633 Episcopo,

204 1572 484 1654 t.t,p.rrr,otc.

241 1661 308 1722 691.
333 1668 452 1738 Ouaerit.
470 1679 575 1744 Utrum
599 1687 741 1759 Summus
766 1703 897 1770 Pontifex
919 1713 956 1776 sit
975 1735 1064 1802 supra
1086 1728 1161 1794 Con-

122 1769 124 1776 1
198 1743 301 1809 cilium
316 1761 464 1841 ponerete,
475 1783 513 1827 an
528 1773 596 1835 vert
610 1777 774 1850 Concilium
785 1799 1019 1886 generalrsupra
1032 1813 1062 1874 S.
1080 1817 1159 1884 Pon-

235 1923 364 1992 Ouaestio
377 1933 451 2014 haec,
467 1947 549 2009 tanto
562 1958 634 2015 aestu
656 1960 762 2040 agitata
777 1969 942 2040 Gallicanos
957 1982 1033 2049 inter·
1054 1998 1083 2054 et
1097 2015 1154 2061 cae·

193 2012 271 2072 teros
294 2015 455 2106 theologos,
483 2034 530 2096 vix
556 2045 673 2127 concipi
698 2059 792 2130 potest
820 2061 874 2124 nisi
901 2079 1005 2148 agatur
1020 2077 1057 2142 de
1082 2103 1152 2152 cusu

191 2094 342 2168 Pontinus
365 2110 447 2180 dutrii
471 2123 516 2184 vel
542 2133 656 2195 notorie
679 2136 808 2208 haeretici
832 2151 896 2232 ipro
919 2175 989 2239 quo,
1010 2167 1033 2228 si
1057 2170 1149 2258 iubet,

188 2193 310 2254 consuto
325 2197 424 2264 lustit.
434 2207 645 2298 josceranno,
661 2226 695 2287 R.
708 2228 745 2291 de
754 2235 785 2294 M
788 2281 808 2310 .‚
820 2258 849 2318 p.
859 2246 930 2322 265,
941 2253 998 2332 etc)
1004 2275 1012 2331 ;
1037 2265 1149 2331 etenim

186 2275 231 2336 vet
246 2281 410 2353 Concilium
432 2304 571 2376 generate
591 2307 727 2396 intelligit

184 2378 456 2450 oecumenicorum
475 2397 534 2461 est,
560 2413 722 2468 convocatu

183 2463 372 2527 motuinus.
391 2471 550 2550 Pontifice,
567 2493 678 2552 ettunc

179 2539 218 2600 sit
230 2561 320 2626 snpra
333 2562 382 2616 out
397 2557 472 2624 intra
482 2567 659 2652 Concilium,
672 2581 746 2646 nihii
760 2590 841 2656 atiud
852 2605 895 2660 est
906 2607 997 2683 quam
1007 2632 1142 2694 querere

178 2634 277 2694 utrum
294 2639 371 2722 Papa
383 2646 418 2708 sit
433 2667 523 2733 supra
537 2660 582 2720 rel
601 2663 676 2730 inira
690 2673 839 2758 seipsum,
859 2692 941 2767 quod
954 2705 999 2760 est
1017 2721 1141 2784 prorsus

174 2713 322 2786 absonum
345 2749 380 2792 ac
399 2735 573 2808 absurdum.
599 2753 648 2815 Vel
694 2763 702 2778 ¹
821 2771 827 2783 '

729 2338 765 2382 ur
780 2323 826 2387 htc
848 2340 995 2410 quatenus
1017 2355 1062 2410 est
1079 2358 1148 2419 vere

725 2426 774 2486 m,
794 2415 975 2488 celebratum
990 2438 1020 2492 et
1038 2441 1146 2506 confir-

697 2515 832 2576 quaerere
846 2515 945 2576 utrum
961 2519 991 2581 S.
1009 2523 1144 2597 Pontifex
