2586 3988
432 877 759 965 PRAEFATIO.

517 1169 620 1192 m

167 1520 205 1588 Ut
219 1519 356 1588 sociatas
372 1521 620 1610 qualiscumque
642 1542 718 1610 paee
732 1543 768 1590 ae
779 1520 1013 1610 tranquillitate
1027 1541 1086 1611 po·

131 1607 232 1692 tiator,
246 1614 396 1698 magisne
410 1613 511 1699 magis
527 1613 566 1678 de
579 1613 630 1680 die
648 1615 680 1678 in
697 1613 781 1679 diem
798 1613 943 1679 obtineat
962 1611 1088 1679 reticem

130 1715 378 1786 prosperamque
393 1711 526 1780 sortem,
540 1721 669 1768 necesse
680 1713 727 1768 est
743 1713 776 1768 ut
789 1701 988 1781 auctoritati,
1002 1721 1089 1786 prae·

130 1789 232 1853 sertim
249 1787 441 1874 Supremae,
459 1810 532 1875 qum
553 1788 614 1874 ipsi
634 1790 826 1875 praesroitur,
847 1790 984 1855 maxima
999 1788 1089 1856 enhi-

132 1873 238 1942 beatur
251 1878 442 1952 reverentia,
456 1877 608 1965 legesque
618 1880 658 1945 ab
676 1877 924 1964 perimendae
938 1878 1090 1964 religiosi

130 1965 311 2031 aclideliter
325 1965 561 2038 custodiantur.
581 1963 679 2049 Unica
693 1967 787 2042 torte,
806 1968 858 2034 sed
875 1969 987 2033 saltem
1006 1987 1091 2054 prae·
1109 2007 1112 2014 .

130 2052 334 2139 eipuacausa
350 2053 530 2138 ingentium
556 2064 653 2142 atque
678 2055 966 2131 innumerabilium
996 2057 1093 2121 malo·

131 2161 221 2215 rum·
234 2161 312 2230 quae
339 2141 438 2208 hodie
456 2142 596 2230 populos
619 2143 793 2230 plerosque
815 2145 1028 2230 opprimunt,
1046 2153 1094 2210 est

132 2230 235 2316 quod,
267 2230 434 2296 dissolutis
456 2233 474 2298 a
492 2230 601 2296 multis
619 2231 712 2298 annis
729 2229 940 2318 subjectionis
961 2231 1094 2297 interio-

133 2339 200 2384 rum
219 2340 299 2403 erga
320 2321 418 2385 duces
440 2320 518 2408 ipsis
540 2320 735 2406 praepositos
754 2319 904 2400 vinculis
922 2319 1092 2406 parvipen

133 2407 236 2488 datur,
254 2407 482 2494 imdtanquam
493 2409 579 2474 nulla
591 2408 939 2474 harbeaturauctorites
952 2408 1092 2494 publicu,

132 2496 285 2562 adversius
315 2515 412 2584 quam
442 2497 558 2562 nititur
582 2513 678 2583 atque
708 2496 927 2562 debacchatur
948 2495 1097 2584 quotidie

133 2583 338 2651 inordinatus
366 2581 530 2652 odrenatae
556 2583 716 2652 libertatis
748 2603 784 2650 ao
810 2585 976 2653 indomitae
1006 2584 1096 2650 inde·

132 2673 434 2761 pendentiaeamor.

175 2762 207 2828 Si
234 2761 298 2827 hoo
316 2763 356 2828 sit
379 2782 491 2832 verum
512 2780 572 2848 pro
594 2759 743 2826 saeoulari
774 2759 951 2838 Societate,
977 2761 1100 2850 qrranti)

134 2851 236 2937 magis
263 2850 365 2916 idest
389 2849 615 2915 affirmandum
639 2868 699 2934 pro
726 2849 885 2916 Societate
913 2849 1099 2938 spirituali,

133 2959 192 3026 pro
210 2943 249 3006 ea
266 2959 381 3025 nempe
402 2937 571 3012 societate,
592 2957 689 3024 qnam
712 2937 845 3024 ipsemet
859 2937 1007 3006 Christus
1026 2957 1101 3007 con·

136 3028 239 3095 suituit
254 3047 353 3113 super
369 3026 508 3092 solidum
522 3027 750 3111 Apostolorum
766 3025 1028 3110 tundamentum,
1045 3027 1098 3093 im·

135 3117 252 3203 primis
266 3135 364 3202 super
378 3113 521 3195 Petrum,
539 3125 574 3180 ut
587 3125 686 3201 portae
700 3114 800 3200 inseri
814 3137 981 3205 notoqnom
1004 3123 1103 3183 essent

136 3213 330 3271 contraeunt
344 3203 713 3288 praeoolitoroetllutth.,
730 3225 758 3269 o.
775 3200 834 3280 ld,
853 3203 973 3292 r.18);
992 3206 1104 3291 praeci·

136 3293 256 3380 pie'ndo
271 3291 393 3356 eisdem
410 3291 570 3377 apostolis
586 3303 619 3357 ut
634 3292 777 3358 docerent
792 3313 898 3358 omnes
916 3303 1021 3378 pentes
1038 3315 1103 3360 ser·

137 3378 951 3468 uureornniuqrroemmquolpsemondonit(llattlr.,
962 3401 1032 3469 oap.
1048 3377 1103 3462 028,

137 3466 235 3555 ato)
253 3491 261 3534 :
278 3467 453 3555 dequibus
467 3469 627 3555 Apostolis
642 3467 974 3534 etiamdixeratantea
1001 3489 1008 3533 :
1041 3466 1106 3547 Qui

140 3557 309 3638 vosandit,
320 3557 476 3624 meandit
489 3577 503 3637 ;
515 3557 571 3642 qni
587 3578 638 3622 uos
649 3557 783 3642 spernit,
799 3577 849 3622 me
864 3558 990 3641 spernit
1000 3555 1105 3638 (luo.
