2574 3994
175 239 233 303 258
392 253 531 300 aaronis
550 229 656 300 rorto‘s'
672 251 755 298 roms
776 250 925 296 ernamur.

176 352 275 432 Beryti
290 350 473 434 Episcopum
487 347 689 428 deposuerat:
706 347 749 410 sio
770 348 823 409 iste
837 345 973 408 Pontifex
987 346 1024 410 ad
1043 345 1146 410 Oriec

177 441 252 502 tates
268 441 320 522 qui
340 440 447 501 iterum
466 435 504 498 ab
517 455 554 498 eo
572 435 799 517 postulaverunt
811 441 846 497 ut
864 434 946 497 hunc
968 435 1094 517 impium
1108 437 1149 500 de

177 529 331 609 Berytensi
352 525 423 590 sede
448 524 642 587 deturbaret:
666 522 780 592 «Ouid
812 522 901 604 igitur
926 523 1147 604 depositionem

178 637 193 676 o
216 615 363 678 Timothei
386 633 404 676 a
426 631 476 676 me
498 613 599 674 denuo
619 612 799 695 postutatis,
820 612 873 693 qni
898 621 928 673 et
947 611 1013 687 dte,
1030 611 1149 692 judicio

177 725 193 764 o
217 696 1148 786 SedisApostolicce,praesenteetiamPetrodlexandrinaeurbis

178 813 193 851 a
218 793 384 875 Episcopo,
398 790 544 872 depositus
561 796 606 852 est
625 791 687 852 une
713 807 783 852 eum
807 788 1014 870 magistrosuo
1034 790 1147 872 Apolli·

177 902 193 940 r
219 899 313 942 narro.
329 904 344 938 n

218 969 286 1030 ott.
310 970 368 1031 Pro
382 967 563 1031 occidentali
573 966 784 1030 verdEoclesit
795 967 860 1028 baec
873 965 985 1028 referre
1000 967 1145 1031 sufficiet:

179 1059 314 1119 Zozimus
328 1057 489 1120 Proeutum
504 1055 719 1118 Massiliensem
738 1054 876 1136 deposuit
890 1073 950 1116 non
963 1055 1064 1120 audita
1078 1057 1146 1118 Gal-

178 1145 282 1208 licanae
297 1146 460 1208 Provinciae
474 1145 607 1227 synode,
623 1145 685 1206 imo
705 1151 809 1206 eontra
825 1143 1019 1206 Taurinensis
1040 1145 1147 1226 synodi

177 1232 330 1296 decretum
345 1234 426 1316 quod
442 1241 471 1297 et
499 1237 553 1296 sut
573 1233 746 1296 auctoritate
765 1232 904 1293 rescissit.
927 1231 1149 1298 Valentinensis

177 1323 302 1386 civitatis
328 1322 427 1385 elerici
456 1321 643 1385 Bonitacium
665 1323 678 1383 1
699 1321 835 1384 adierant
860 1328 1061 1401 proponentes
1093 1342 1149 1404 per

178 1410 311 1473 iibettum
325 1411 451 1474 crimina
466 1413 559 1492 quaed
573 1409 703 1472 Maximo
719 1425 825 1472 eorum
837 1409 984 1481 Antistite,
1000 1417 1073 1472 teste
1086 1415 1148 1473 totu

178 1500 342 1580 producit,
353 1503 524 1562 essentem
537 1497 628 1561 fuisse
641 1497 813 1559 commissa.
829 1496 906 1568 Ouid
920 1497 981 1577 egit
991 1497 1148 1561 Pontifex?

179 1587 333 1667 synodum
346 1586 468 1669 quidem
483 1586 549 1667 cogi
565 1587 652 1664 jussit
665 1605 734 1667 quae
747 1584 868 1648 Maximi
882 1603 1003 1646 causam
1016 1604 1148 1667 eognos-

179 1682 276 1752 eeret,
291 1679 394 1737 rerum
409 1674 491 1736 addit
507 1693 514 1735 :
534 1674 714 1754 «Quidquid
734 1680 835 1736 eutem
854 1681 951 1735 vestro
967 1676 1093 1752 caritas,
1109 1675 1148 1738 de

179 1761 235 1823 hto
256 1767 346 1825 causet
368 1762 486 1825 duxerit
505 1762 750 1838 decernendum,
774 1763 845 1824 cirm
868 1759 906 1825 ad
926 1763 987 1824 Nos
1015 1763 1148 1827 delatum

179 1847 284 1927 suerit,
302 1853 420 1920 Nostra,
438 1859 471 1913 ut
484 1851 642 1926 condecet,
665 1869 786 1913 neeesse
806 1856 851 1912 est
864 1851 1037 1914 auctoritate
1048 1853 1149 1916 firme-

179 1945 237 1999 tur.
254 1959 268 1996 e
286 1938 353 1999 vid.
372 1939 429 2002 alia
443 1939 522 2020 apud
536 1939 722 2019 Antifetron.
739 1937 880 2000 vindieat.
895 1938 1013 2016 (ibid.);
1030 1941 1146 2022 Bouix,

180 2024 225 2087 De
238 2025 399 2108 Episcopo,
415 2034 436 2088 t.
454 2033 467 2088 1
485 2075 493 2104 ,
508 2046 539 2109 p.
555 2029 612 2089 321
627 2034 657 2089 et
670 2027 743 2089 loeis
757 2025 865 2089 ibidem
884 2025 1022 2090 indicatis
1035 2031 1146 2110 operis,

182 2111 301 2176 Concide
317 2115 493 2178 Prom'oeiol.

220 2201 336 2264 Exhinc
357 2205 387 2265 in
406 2204 518 2267 tioncil.
540 2203 674 2267 Trident.
694 2205 777 2282 (sess.
792 2208 847 2282 at,
869 2223 936 2286 cap.
951 2206 982 2280 ὅ)
995 2206 1145 2269 sancitum

181 2288 235 2352 fuit
254 2300 288 2354 ut
313 2313 328 2352 ι
351 2293 455 2355 Causae
476 2292 647 2355 criminatos
669 2293 819 2373 graviores
840 2301 944 2355 contra
963 2294 1146 2375 Episcopus,

181 2401 196 2436 a
220 2381 310 2442 etiam
323 2378 462 2458 haeresis,
486 2379 568 2460 quod
589 2380 680 2451 absit,
702 2399 770 2462 quae
783 2380 970 2463 depositione
983 2389 1034 2444 aut
1047 2384 1148 2464 priva-

181 2488 196 2526 a
220 2468 302 2530 tione
332 2467 431 2548 dignae
462 2473 556 2546 sunt,
578 2469 617 2529 ab
634 2468 699 2550 ipso
714 2472 831 2530 tantum
846 2471 981 2531 Romano
1003 2471 1150 2534 Pontifica

181 2577 196 2614 r
220 2563 439 2636 cognoscantur
452 2563 482 2616 et
490 2557 699 2618 terminentur.
715 2555 801 2629 Oudd
811 2557 836 2620 si
849 2556 996 2637 ejusmodi
1011 2559 1048 2619 sit
1058 2577 1149 2623 eausa

182 2665 197 2700 e
222 2661 289 2720 quau
304 2645 469 2706 necessario
479 2650 561 2705 extra
572 2645 691 2706 Curiam
702 2647 868 2707 Romanam
878 2647 1146 2720 siteommittende.

182 2753 197 2788 e
222 2731 336 2792 nemini
360 2750 484 2812 prorsus
506 2733 729 2808 committatur,
757 2734 813 2795 uisi
837 2735 1072 2817 Metropolitanis
1096 2745 1149 2799 aut

183 2840 198 2876 a
221 2818 408 2901 Episcopist
426 2819 598 2882 Beatissimo
611 2821 693 2902 Papo
705 2821 862 2903 eligendis.
885 2823 957 2886 Haeo
974 2824 1045 2884 vero
1063 2841 1148 2885 oom-

183 2929 198 2964 a
222 2905 325 2969 missio
339 2907 376 2968 sit
389 2908 525 2988 specialis
539 2914 568 2969 et
582 2925 675 2971 manu
694 2909 789 2991 ipsius
808 2909 993 2972 sanctissimi
1012 2911 1145 2991 signate,

183 3016 199 3052 u
223 3012 280 3057 neo
293 3011 427 3075 unquom
439 2995 561 3076 ptushis
570 2996 680 3058 tribuat
689 2999 781 3078 quam
790 3005 823 3059 ut
836 2999 931 3060 solam
941 2997 1009 3060 sacti
1020 2998 1148 3062 instrue·

184 3106 199 3140 o
221 3084 336 3144 tionem
356 3089 493 3158 sumant;
509 3101 744 3166 processumque
762 3084 924 3147 conficiant
940 3105 1030 3167 quem
1049 3089 1149 3150 statim

184 3193 199 3228 o
223 3169 261 3232 ad
275 3169 450 3232 Pontificem
464 3172 675 3248 transmittant,
686 3177 832 3235 reservato
844 3172 942 3235 eidem
957 3175 1149 3238 Sanctissimo

185 3280 200 3316 p
224 3256 1150 3344 sententitdcfinitivt..MinoresverdeausaeeriminalesEpis·

185 3367 201 3406 a
224 3363 369 3428 ooporum
377 3345 409 3407 in
423 3345 555 3409 Concilio
563 3347 861 3412 tantuumvinciati
873 3359 1102 3430 cognoscantur,
1120 3357 1150 3415 et

186 3454 202 3498 ι
225 3433 1145 3516 terminentur-veladeputandisperConeiliumvainoiate.a

226 3525 295 3584 oto.
320 3525 344 3582 Α
357 3521 506 3585 Febronio
519 3521 657 3601 objicitur
665 3525 957 3602 mn0n15,c0neilii
970 3525 1149 3593 antiocheni
1197 3543 1200 3552 ·

142 3693 143 3696 ¹
188 3601 410 3670 tie-ehabeust
425 3605 1148 3689 astquisupaeopuseriminatiteraeeusaoaat
