2588 3994
199 239 257 301 aar
418 253 555 299 11111111
576 251 675 296 xorius
695 251 777 295 suuis
800 249 950 295 canonici.

185 349 213 413 'a
238 351 394 434 ingenium
418 357 447 411 91
471 348 601 411 bominis
623 330 760 429 peritiam
781 345 912 428 respicit.
934 368 949 407 a
975 343 1051 408 Dicit
1071 351 1176 407 autern

197 445 234 506 D.
252 442 363 517 Bouix,
379 439 494 503 censeri
509 438 634 500 electam
650 436 826 498 industriam
842 435 865 496 si
881 436 913 498 iu
927 435 1071 516 rescripto
1091 433 1176 496 dica-

175 557 180 594 1
198 538 246 593 tur
263 550 269 590 :
283 529 491 613 perseipsum,
505 527 549 589 vel
561 526 770 610 personaliter.
786 525 897 608 Excipe
911 527 961 601 2⁰,
978 523 1033 586 nisi
1048 523 1178 586 facultas

199 620 334 702 delegata
354 619 391 680 sit
404 617 513 679 andum
528 615 743 688 ministerium,
761 633 813 677 seu
828 615 954 696 simplex
969 613 1126 689 executio,
1142 619 1178 674 ut

199 709 320 792 quando
334 707 420 770 datur
435 706 557 768 ttfliciali
577 711 705 787 potestas
719 703 911 786 dispensandi
930 705 960 766 in
975 701 1177 764 matrimoniis

199 799 244 861 vel
258 797 333 860 aliis.
350 797 486 858 Attamen
501 795 590 856 etiam
605 795 636 856 in
652 794 708 856 hoc
726 811 816 871 casu,
832 801 929 875 potest
946 791 1087 855 Officialis
1102 791 1176 854 sub-

200 883 1179 969 delegareinformationemettestiumreceptionemsupraquas·

200 977 313 1039 tionem
320 997 358 1036 cra
364 994 460 1056 proces
467 975 590 1036 oerr'toto
598 973 752 1047 nitentum·
803 973 991 1050 corronium,
1003 974 1054 1042 43,
1070 969 1105 1032 dc
1116 969 1174 1050 Off.

200 1064 380 1146 11119199.
397 1064 561 1142 (Carriere,
578 1061 612 1124 dc
623 1062 772 1137 Motrlm,
790 1071 824 1124 n⁰
839 1065 915 1124 1165
930 1069 960 1124 91
978 1059 1117 1126 Prelect.
1137 1057 1175 1122 S.

211 1154 346 1236 Sulpr'tlr',
364 1163 395 1215 n·
411 1158 484 1229 269,
500 1155 535 1216 Il.

241 1246 309 1306 309.
335 1243 438 1317 Quoad
460 1243 612 1325 delegatos
626 1243 664 1306 ab
687 1243 751 1305 aliis
773 1261 865 1325 quam
887 1261 905 1304 o
924 1242 1007 1323 Papa
1026 1244 1056 1303 et
1078 1239 1177 1302 Sacris

205 1332 510 1416 congregationibus,
526 1333 550 1394 si
565 1333 624 1394 sint
637 1332 763 1414 delegati
781 1331 821 1392 od
840 1331 1060 1392 universitatem
1075 1349 1176 1391 causo-

202 1443 285 1492 rum,
304 1423 359 1505 ipsi
376 1429 499 1504 possunt
509 1421 702 1502 subdelegare
714 1422 798 1500 juxta
812 1419 1090 1483 communissimam
1106 1437 1176 1482 sen-

202 1512 325 1574 tentiam
341 1531 408 1593 quae
424 1511 526 1572 nititur
541 1511 598 1591 leg.
618 1515 649 1586 1,
665 1511 682 1590 ξ
697 1510 744 1572 Ab
758 1531 799 1584 eo,
816 1511 846 1571 ff.
865 1510 936 1586 (lais
948 1517 977 1570 et
992 1530 1010 1569 a
1024 1529 1089 1592 quo,
1106 1509 1172 1572 Vid.

203 1600 313 1662 Sancti.
331 1600 539 1677 (deblataim,
553 1600 605 1662 lib.
622 1605 656 1674 3,
668 1600 744 1682 disp.
761 1604 810 1671 31,
828 1603 862 1662 na
875 1603 922 1678 1).
934 1599 991 1660 ato
1003 1605 1104 1660 muron
1120 1617 1175 1661 no-

204 1689 296 1751 tanda
310 1697 355 1750 est
368 1689 513 1750 restrictio
532 1689 666 1770 apposita
684 1691 700 1749 11
716 1692 746 1751 S.
767 1689 908 1769 Lignorio
928 1687 958 1748 in
974 1686 1124 1748 additione
1138 1687 1177 1749 ad

204 1777 369 1839 Elonelrum
385 1785 490 1859 quiaest.
514 1784 748 1850 retractatorum,
764 1778 816 1840 ubi
830 1777 901 1839 dicit
917 1797 924 1837 :
945 1777 1072 1849 «Ouarr.
1083 1777 1122 1837 lV
1137 1795 1175 1838 an

205 1889 220 1925 1
246 1867 400 1946 delegatus
414 1867 577 1948 PrincipiS,
593 1867 637 1928 rel
653 1867 811 1946 Delegalus
825 1866 864 1928 od
876 1865 1098 1927 uniuersitatem
1112 1885 1177 1926 corr-

204 1978 219 2012 o
243 1975 341 2016 sorum
356 1955 927 2036 101111111111919311911111111111111).
946 1959 974 2034 l,
991 1957 1108 2030 n0193;
1124 1953 1176 2018 scd

204 2067 219 2104 n
244 2044 301 2106 boc
315 2051 358 2106 est
373 2043 562 2105 limitandum
577 2046 661 2123 juxta
676 2043 705 2106 id
720 2045 801 2126 quod
815 2043 985 2106 diciturlib.
1002 2049 1038 2118 6,
1054 2055 1088 2104 1ο
1097 2047 1172 2120 5593

129 2161 131 2169 ·
205 2157 220 2192 a
246 2152 354 2216 nempe
364 2134 421 2196 boc
436 2134 558 2214 intelligi
574 2135 644 2196 oiim
659 2135 806 2215 delegatio
819 2134 895 2196 tacta
908 2141 952 2196 est
965 2141 1108 2216 tanquam
1124 2152 1176 2214 per

205 2245 219 2282 u
245 2221 393 2300 ottioium,
409 2231 460 2286 aut
473 2226 543 2285 oiim
564 2224 718 2304 delegatur
731 2224 817 2285 alicui
830 2223 1011 2303 iurisdictio,
1028 2223 1070 2284 uti
1084 2223 1176 2305 prixi-

206 2335 220 2371 a
244 2311 376 2396 legium,
399 2314 543 2394 perpetub
557 2332 611 2374 suo
633 2312 730 2374 obicio
744 2313 804 2374 sive
822 2313 957 2393 dignitati
977 2331 1171 2375 annexum.»

244 2406 313 2466 310.
338 2403 367 2464 Si
392 2403 462 2464 verb
485 2401 612 2480 delegati
639 2401 699 2463 sint
719 2402 916 2484 pertractares
944 2421 996 2464 sou
1022 2401 1059 2464 ud
1082 2411 1176 2464 certas

206 2511 309 2554 causas
323 2495 459 2566 tantum,
476 2509 537 2552 non
552 2497 677 2572 possunt
691 2491 907 2572 subdelegato,
924 2491 980 2552 nisi
1000 2491 1043 2552 eis
1063 2491 1175 2554 adelc-

206 2587 294 2660 gante
306 2581 395 2643 tuerit
409 2598 601 2653 conoessum,
619 2579 701 2661 quod
714 2580 872 2642 ultratunc
884 2579 1001 2642 extendi
1018 2599 1079 2642 non
1089 2580 1177 2643 debet

205 2687 241 2730 ex
255 2688 320 2749 cap.
336 2669 406 2731 Cim
420 2671 608 2745 1111111161,
624 2667 801 2750 deApprll,
814 2669 980 2732 ubidicitur
996 2689 1003 2730 :
1021 2691 1037 2728 a
1051 2671 1174 2732 Nonnisi

206 2781 220 2814 o
245 2757 397 2838 delegatus
407 2760 423 2819 1
433 2759 571 2839 Principe
580 2776 702 2820 causam
712 2757 844 2820 aliixalet
857 2758 1031 2840 delegare.»
1044 2761 1081 2821 V.
1094 2761 1177 2824 Pre-

207 2845 271 2908 lecl.
288 2846 321 2908 S.
339 2846 469 2928 Strlpitt'i
485 2859 517 2907 u⁰
532 2851 600 2909 267.

245 2939 314 2998 311.
338 2937 380 2996 Ex
406 2935 527 2997 notione
541 2937 678 3018 superius
698 2937 871 3016 1111111811
900 2937 1033 3020 Deiegnti
1053 2938 1093 2999 od
1109 2939 1174 3000 oni-

207 3025 372 3086 ocrsitolem
397 3043 564 3098 coaxatum,
593 3033 626 3087 nt
648 3025 722 3088 tales
748 3025 877 3088 habendi
905 3026 1043 3088 videntur
1065 3027 1175 3090 liccani

207 3113 319 3174 rurales
333 3119 360 3174 et
377 3113 541 3194 presbyteri
557 3113 587 3173 in
603 3113 738 3195 pluribus
758 3113 936 3177 dioecesibus
953 3116 1048 3177 vocati
1068 3115 1174 3178 Arolo'-
1275 3185 1276 3208 χ

205 3202 318 3282 protare
336 3211 515 3276 coatoaaoe,
533 3201 659 3282 quibus,
675 3203 766 3265 modo
781 3203 955 3281 collective,
975 3211 1089 3267 certum
1108 3224 1175 3269 oau-
1275 3211 1276 3270 1

207 3309 307 3352 sarum
321 3309 417 3371 genus
425 3291 630 3368 committitur,
646 3311 674 3352 v.
691 3313 720 3372 g.
731 3341 738 3368 ‚
750 3292 942 3374 dispensandi
957 3293 988 3354 in
999 3299 1061 3356 toto
1075 3295 1174 3376 aliquo
1275 3319 1276 3374 ;

207 3378 340 3442 districtu
362 3399 452 3461 super
470 3380 559 3441 unius
584 3386 635 3441 aut
652 3379 782 3443 duorum
804 3381 974 3444 bannorum
1002 3377 1175 3464 promulga-

207 3467 307 3546 tione,
329 3478 380 3531 uut
399 3467 538 3550 quedam
559 3468 616 3530 alia
636 3469 810 3550 peragendi.
828 3471 957 3533 Proinde
976 3471 1023 3532 isti
1038 3471 1174 3534 videntur

209 3575 295 3639 posse
315 3557 510 3639 subdelegare
528 3575 620 3619 unam
644 3558 689 3619 vel
710 3559 833 3621 alteram
855 3578 993 3637 causam,
1022 3579 1084 3623 non
1105 3563 1173 3625 verb

208 3664 314 3713 omnes
328 3665 448 3724 causas,
465 3667 533 3736 quae
547 3646 682 3712 accidere
698 3655 847 3740 puerum.
866 3649 959 3716 Aliter
970 3656 1070 3714 tamen
1087 3652 1173 3717 sentit
