2586 3988
492 312 712 362 raouaonaa.
1071 303 1090 361 a

122 429 186 474 nem
199 411 392 476 Collectionis
413 413 547 498 corporis
566 413 657 493 juris3
675 411 872 476 ltlorn'ssimam
893 413 974 496 quod
988 415 1006 476 h
1020 419 1092 476 tem-

117 518 184 583 pore
206 504 342 584 corporis
363 505 444 584 juris
462 503 554 566 clausi
575 503 613 564 ad
641 521 697 564 nos
724 521 820 584 usque
848 501 990 565 decurrit.
1018 503 1091 566 attis

116 590 368 675 tameoplacctJ‘ns
376 591 531 675 antiquam
539 591 690 675 appellare
697 591 778 674 quod
787 590 993 654 Tridentinam
1003 609 1092 672 syno-

114 677 183 742 dum
192 682 473 761 pmcessitmooam
482 680 564 764 quod
571 681 697 743 sancivit
707 679 788 742 idem
798 679 973 743 concilium.
984 679 1090 742 Novis-

115 767 211 830 n'manr
223 771 297 832 vero
310 771 398 853 quod
408 774 570 852 htcmpore
579 769 747 832 Tridentini
761 768 916 832 decretum
930 767 997 830 luit.
1014 770 1090 831 Sunt

114 856 213 934 etiam,
228 859 283 921 sed
297 860 471 923 auctoritati
485 863 602 922 Sanctae
616 857 702 920 Sedis
724 857 852 936 infensi,
869 858 921 938 qui
937 857 1016 919 male
1036 875 1090 940 per

112 945 322 1028 antr'quamjas
333 949 508 1030 intelligunt
517 945 591 1010 illud
600 946 682 1028 quod
690 946 844 1030 perfalsus
853 945 1010 1009 decretales
1023 945 1089 1008 sad-

114 1051 217 1096 cersom
232 1045 300 1112 est,·
312 1058 371 1122 per
388 1057 492 1100 nouum
513 1034 595 1118 quod
616 1036 710 1118 viguit
732 1043 800 1118 post
818 1034 913 1098 dictas
927 1035 1089 1098 decretales

111 1140 202 1203 usque
222 1125 261 1187 ad
279 1125 448 1189 concilium
467 1125 623 1202 Trideut.;
644 1131 673 1186 et
696 1143 749 1206 per
767 1123 955 1186 nouissimam
976 1123 1088 1206 quodh

112 1211 250 1291 praedicto
270 1215 407 1278 concilio
426 1215 574 1278 sancitum
602 1211 667 1276 luit.
694 1213 753 1276 Sed
776 1213 927 1275 immerito
947 1214 1089 1275 asseritur

109 1299 152 1378 jus
172 1305 339 1386 antiquum
356 1306 548 1366 immutatum
568 1302 659 1364 luisse
677 1320 732 1382 per
750 1302 838 1364 falsas
852 1301 1016 1364 decretales
1032 1349 1040 1379 ‚
1056 1309 1089 1364 ut

111 1389 283 1468 probabitur
298 1393 389 1456 iutra.
412 1395 461 1472 (Νο
480 1393 632 1468 tlt-t8t.)
647 1389 723 1452 Vide
735 1391 835 1453 lostit.
852 1391 888 1450 R.
905 1389 943 1451 de
957 1391 997 1451 M.
1012 1397 1034 1451 t.
1053 1393 1086 1469 l,

110 1496 137 1557 p.
151 1483 188 1555 *13
203 1489 233 1542 et
248 1483 349 1545 Bonis
362 1530 370 1560 ‚
385 1481 420 1544 de
433 1480 616 1564 Principiis,
635 1497 654 1559 p
676 1482 727 1543 67.

111 1619 441 1640 ,ξι-ι.-

472 1749 621 1818 CAPUT
646 1751 693 1818 ΙΙ.

185 1897 228 1948 mc
247 1897 387 1949 carcine
408 1898 468 1950 sau
488 1900 530 1950 or
550 1899 709 1950 sonamus
727 1899 817 1950 cunis
837 1899 1003 1950 cruorum.

148 2034 195 2094 lt.
217 2035 281 2096 Per
300 2033 450 2115 originem
469 2051 522 2096 seu
541 2034 722 2116 sontesjuris
736 2034 873 2096 canonici
889 2033 1085 2116 intelligimus

109 2127 287 2198 potestatem
300 2143 369 2206 quae
382 2123 460 2186 valet
472 2121 603 2186 condere
617 2123 699 2205 leges
712 2124 938 2186 ecclesiasticas.

524 2283 604 2346 aar.
629 2285 651 2346 t.

152 2425 252 2474 mauu
273 2428 320 2474 srr
340 2429 370 2474 m
393 2425 530 2472 accessu
551 2427 624 2474 rous
646 2426 762 2481 aaronis
782 2425 865 2472 annis
886 2425 1037 2474 canonici.

147 2553 195 2614 th.
222 2553 349 2629 Acrius,
376 2551 574 2626 waldenses,
598 2551 728 2632 Wictel,
749 2553 882 2615 loannes
901 2551 994 2628 Huss,
1012 2555 1083 2631 eto,

112 2649 258 2721 negarunt
271 2641 411 2704 Ecclesia
425 2641 522 2704 inesse
538 2641 618 2724 leges
632 2641 781 2705 condendi
798 2647 984 2723 potestatem.

145 2731 224 2793 Sunt
236 2731 289 2812 qui
303 2731 331 2792 ei
346 2729 498 2811 denegant
511 2733 717 2794 alletoritatem
733 2731 853 2813 proprie
867 2729 993 2792 dictam:
1009 2729 1084 2792 ditm

111 2820 214 2881 nolunt
223 2837 291 2882 eam
305 2837 393 2902 posse
407 2824 529 2882 externa
543 2821 644 2902 aliqua
657 2821 811 2882 coactione
825 2837 935 2900 urgere
949 2817 1084 2882 observa·

108 2907 220 2970 tionem
234 2927 361 2970 suorum
377 2909 600 2971 mandatorum.

144 2999 209 3059 lmd
233 2997 371 3059 nonnulli
390 2998 580 3060 contendunt
593 3017 660 3060 eam
676 3016 737 3060 ooo
752 2997 850 3061 valere
865 2997 1082 3060 conscientiam

110 3082 195 3168 ligare
210 3105 265 3168 per
274 3093 441 3168 praecopta3
459 3085 595 3168 nihilque
609 3087 739 3168 amptius
753 3087 780 3148 ei
794 3085 965 3150 concedunt
976 3095 1083 3168 praeter

107 3183 280 3256 potestatem
293 3174 467 3236 directiorem
486 3195 553 3256 quae
576 3176 698 3237 monitis
716 3183 746 3238 et
768 3175 960 3239 suasionibus
978 3173 1082 3240 fideles

106 3273 203 3346 regam
219 3271 396 3346 potestatem
406 3266 477 3326 verd
494 3265 708 3346 legislativum,
724 3266 890 3348 prasertim
905 3266 984 3326 circa
999 3273 1081 3328 aetus

106 3363 242 3416 eauruos
257 3353 508 3436 qualescumque,
527 3356 566 3415 ita
586 3355 714 3437 principi
737 3355 871 3417 saeculari
886 3353 1076 3433 adjudicant,

106 3449 137 3504 ut
156 3443 196 3504 ab
219 3443 352 3504 Ecclesia
372 3443 503 3505 exerceri
527 3445 713 3524 nequiverit,
739 3445 795 3506 uisi
820 3443 1080 3506 consentientibus

106 3531 240 3594 civilibus
254 3531 419 3612 guberoiis.
437 3534 477 3593 lth
489 3534 620 3594 sentiunt
633 3533 769 3614 plerique
784 3537 996 3615 protestantes,
1007 3547 1081 3608 prae·

106 3622 205 3682 sertim
222 3619 399 3702 Anglicani,
418 3620 597 3683 schismatici
610 3621 745 3683 hodierni
757 3621 836 3702 apud
851 3623 977 3688 hassos,
992 3615 1078 3675 multi

107 3711 256 3772 curiarum
284 3710 473 3771 saccularium
497 3710 528 3770 in
543 3709 637 3770 Gallia
658 3707 791 3770 advocati
814 3715 844 3768 et
868 3706 1076 3782 magistratus3
