2588 3994
502 235 589 288 irum
607 209 730 293 mrim·
1026 233 1084 294 tra

121 339 290 405 Provincias
324 333 414 398 modd
428 343 617 400 servarentur
627 338 989 420 legesecclesiasticaelfl.
1006 345 1082 408 Pon-

114 423 193 486 ritice
211 425 334 488 sancitae
358 423 404 486 ael
422 425 617 507 approbatae:
638 429 709 490 ciam
732 429 851 492 veroin
874 431 910 494 iis
932 431 1083 496 servandis

112 512 216 576 minus
229 511 359 595 religiosi
367 512 495 576 luissent
509 513 662 578 antistites
673 515 815 592 Africani,
823 519 1082 600 Episcoposettam

11 613 12 626 ¹
114 602 146 662 in
167 601 284 683 exiguis
304 601 389 685 pagis
408 601 555 679 creando,
575 603 642 666 illos
659 604 697 668 de
720 605 778 667 hoc
793 605 947 686 redarguit
958 611 989 670 S.
1002 609 1081 688 Leo,

111 689 239 772 epistola
252 693 309 765 8⁸1,
323 689 473 772 jussitque
492 691 658 756 minutulos
678 693 852 772 hujusmodi
865 696 1079 780 Episcopatus,

112 780 186 843 clim
199 777 341 861 deinceps
355 785 513 857 vacarent,
529 782 654 843 omnino
667 782 825 864 supprimi.

154 871 188 931 ln
212 868 347 931 Ecclesia
367 868 509 931 Orientali
532 869 744 950 erigendarum
765 871 1000 953 Episcopatnum
1022 879 1083 938 tota

113 977 189 1021 cura
203 973 240 1020 ao
246 957 414 1021 sollicitudo
424 957 595 1020 concredita
605 959 661 1021 luit
673 959 850 1022 Patrtsrchis
860 962 958 1036 (Card.
971 962 1081 1044 Soglia,

113 1045 213 1126 idid).

153 1139 225 1199 334.
241 1138 361 1199 Asexto
369 1137 439 1198 verd
446 1136 569 1212 saeculo,
580 1137 611 1200 in
619 1139 753 1201 Ecclesia
761 1139 875 1214 Latina,
885 1139 1082 1221 Episcopatus

114 1243 177 1287 non
189 1225 313 1287 luerunt
324 1225 415 1287 erecti
429 1224 493 1288 sine
507 1225 592 1288 Sedis
609 1227 786 1308 tposmticae
799 1231 940 1308 expressa
952 1227 1081 1290 auctori·

113 1319 173 1376 tate
193 1313 289 1394 (ibid).

154 1403 220 1478 Sic,
235 1409 340 1466 octavo
353 1403 478 1476 saeculo,
504 1405 534 1466 S.
561 1403 761 1485 Gregoriusll
781 1403 817 1465 ad
839 1405 870 1466 S.
895 1404 1082 1466 Bonitacium

114 1491 286 1556 scribebat:
307 1514 322 1550 «
337 1491 544 1573 Praecipimus,
560 1497 594 1554 ut
607 1491 775 1555 secundum
785 1509 938 1555 canonum
955 1495 1080 1570 statuta,

114 1603 129 1639 a
153 1580 205 1644 ubi
220 1579 391 1643 multitudo
402 1581 531 1643 excrevit
551 1577 705 1658 fidelium,
731 1600 768 1642 er
787 1581 884 1662 algore
905 1580 1082 1662 Apostolicoe

114 1691 129 1728 r
152 1669 254 1739 Sedis,
272 1669 404 1732 debeatis
419 1669 558 1732 ordinare
571 1671 745 1752 Episcopos.
762 1693 777 1728 s

158 1781 173 1817 a
194 1757 353 1821 Plenitudo
367 1759 519 1839 potestatis
533 1777 624 1841 super
638 1759 790 1821 universas
812 1759 894 1822 orbis
909 1758 1077 1834 Ecclesias,

113 1869 128 1905 r
153 1848 252 1929 inquit
266 1850 296 1910 S.
314 1847 485 1910 Bernartius
494 1849 597 1928 (Epist.
620 1849 702 1928 tat),
720 1848 863 1930 singulari
886 1846 1081 1929 praerogativa

115 1957 129 1995 r
155 1937 333 2018 spostolicae
348 1935 416 1998 Sedi
430 1935 539 1998 donata
552 1941 633 1998 est...
650 1938 751 1998 Potest
761 1984 767 2010 ,
779 1937 803 2000 si
813 1937 885 2000 utile
891 1934 1078 2016 judicaverit,

114 2045 130 2082 o
154 2043 247 2087 noros
261 2024 399 2088 ordinare
413 2025 624 2106 Episcopatus,
639 2023 691 2086 ubi
705 2023 850 2088 hactenus
870 2043 932 2087 non
956 2023 1078 2086 luerint.

113 2135 129 2172 o
154 2115 255 2177 Potest
274 2131 326 2176 eos
343 2113 395 2194 qui
415 2119 487 2176 sunt
502 2161 509 2187 ,
525 2113 598 2176 alios
611 2111 794 2194 deprimere,
814 2113 886 2176 alios
901 2112 1078 2188 sublimare,

113 2225 128 2262 a
154 2210 243 2284 prout
256 2203 331 2265 ratio
340 2201 393 2264 sibi
404 2201 572 2278 dictaverit;
588 2201 628 2264 ita
641 2207 676 2263 ut
687 2201 725 2263 de
739 2202 893 2284 Episcopia
907 2218 1009 2264 creare
1023 2203 1079 2260 Ar-

113 2313 128 2349 a
153 2291 359 2374 ohiepiscopos
382 2290 487 2366 liceat,
511 2295 542 2352 et
563 2291 764 2365 econverso,
788 2291 812 2351 si
836 2307 958 2350 necesse
983 2288 1079 2349 visum

113 2401 129 2438 a
153 2379 254 2442 suerit.
269 2399 285 2440 a
302 2382 339 2442 V.
355 2399 404 2462 ap.
421 2378 531 2460 Soglia‚
547 2378 621 2441 lost.
631 2377 699 2458 jar.
712 2377 810 2459 publ„
828 2397 858 2458 p.
875 2379 944 2438 228.

155 2468 201 2530 Ad
217 2471 378 2532 Summum
392 2485 465 2549 ergo
478 2465 655 2529 Pontificem
673 2465 817 2530 duntaxat
829 2463 917 2527 hodie
931 2463 1077 2546 pertinet,

114 2557 146 2618 in
159 2557 294 2620 Ecclesia
309 2557 413 2620 saltem
423 2556 536 2630 Latina,
549 2572 651 2618 creare
661 2571 753 2616 noros
766 2556 973 2636 Episcopatus.
985 2552 1079 2616 Alor-

113 2645 181 2708 ttori
205 2646 243 2708 ad
265 2647 424 2707 Summum
446 2643 624 2706 Pontilioem
646 2643 775 2725 pertinet
791 2642 893 2705 omnia
915 2637 1079 2704 etiamalio

114 2733 211 2798 ollrcia
225 2735 388 2796 instituere.

153 2827 223 2887 335.
251 2844 267 2882 a
291 2825 408 2884 'tenent
431 2819 554 2903 quidam
576 2821 739 2882 canonistas
759 2837 846 2900 posse
876 2819 1076 2901 Episcopum,

114 2935 129 2971 o
153 2911 248 2974 semel
257 2917 356 2974 erecto
369 2913 387 2971 a
401 2913 481 2991 Papa
494 2907 640 2990 capituto,
655 2926 749 2970 novos
763 2907 956 2970 canonicatus
967 2913 997 2968 et
1008 2907 1078 2989 llig-

115 3024 129 3060 »
154 3001 263 3063 nitates
284 2999 406 3063 usitatas
423 2999 557 3074 tantun,
578 2997 711 3078 erigere:
731 3001 762 3058 at
781 2996 962 3060 erectionem
983 2995 1078 3076 ipsam

113 3113 129 3150 a
154 3089 281 3171 Capituli
294 3088 332 3150 ab
345 3087 494 3168 Episcopo
508 3085 571 3148 lteri
586 3103 674 3166 posse
688 3091 798 3165 negant
810 3102 934 3163 omnes,
949 3105 964 3142 n
982 3083 1079 3166 inquit

115 3178 230 3256 Bouix,
245 3177 280 3239 de
294 3175 456 3256 Capitulis,
471 3194 503 3256 p.
519 3177 595 3250 att,
612 3172 663 3235 ubi
673 3172 809 3254 pluribus
822 3172 852 3235 id
866 3173 982 3253 probat.

153 3271 223 3330 336.
247 3264 350 3338 Quoad
362 3263 516 3345 parochias
526 3267 641 3325 certum
651 3266 697 3323 est
708 3261 772 3322 illas
781 3278 867 3341 posse
877 3260 914 3321 ab
923 3259 1078 3342 Episcopis

115 3355 239 3422 institui.
250 3352 353 3436 positis
371 3359 472 3413 tamen
486 3349 666 3432 quibusdam
680 3348 912 3412 conditionibus.
932 3348 1078 3419 Quaenam

114 3447 184 3508 rerd
197 3443 257 3506 sint
271 3441 327 3504 illae
341 3439 538 3514 conditiones,
554 3437 626 3500 illud
640 3437 779 3519 pendeta
794 3435 884 3498 modo
898 3435 1075 3512 erectionis,

115 3550 183 3616 quae
203 3529 357 3612 tripliciter
375 3527 541 3610 praesertim
560 3525 624 3588 iteri
639 3531 752 3606 potest;
769 3525 933 3587 Creatiom's
948 3537 1075 3602 nempe.

119 3615 386 3683 ltirmonlrationir
400 3619 431 3678 et
449 3612 583 3684 &maniae

927 3695 993 3758 pass
