<?xml version="1.0" encoding="UTF-8"?>
<!DOCTYPE html PUBLIC "-//W3C//DTD XHTML 1.0 Transitional//EN"
    "http://www.w3.org/TR/xhtml1/DTD/xhtml1-transitional.dtd">
<html xmlns="http://www.w3.org/1999/xhtml" xml:lang="en" lang="en">
 <head>
  <title>
</title>
<meta http-equiv="Content-Type" content="text/html;charset=utf-8" />
  <meta name='ocr-system' content='tesseract 3.04.00' />
  <meta name='ocr-capabilities' content='ocr_page ocr_carea ocr_par ocr_line ocrx_word'/>
</head>
<body>
  <div class='ocr_page' id='page_1' title='image "./manualetotiusju03craigoog_0143.png"; bbox 0 0 2588 3994; ppageno 0'>
   <div class='ocr_carea' id='block_1_1' title="bbox 186 238 964 300">
    <p class='ocr_par' dir='ltr' id='par_1_1' title="bbox 186 238 964 300">
     <span class='ocr_line' id='line_1_1' title="bbox 186 238 964 300; baseline -0.01 0"><span class='ocrx_word' id='word_1_1' title='bbox 186 238 243 300; x_wconf 70' lang='lat' dir='ltr'>lio</span> <span class='ocrx_word' id='word_1_2' title='bbox 433 252 691 298; x_wconf 76' lang='lat' dir='ltr'>allucinatorius</span> <span class='ocrx_word' id='word_1_3' title='bbox 711 253 793 298; x_wconf 84' lang='lat' dir='ltr'>runis</span> <span class='ocrx_word' id='word_1_4' title='bbox 815 248 964 296; x_wconf 84' lang='lat' dir='ltr'>oluourcr.</span> 
     </span>
    </p>
   </div>
   <div class='ocr_carea' id='block_1_2' title="bbox 181 349 1190 1324">
    <p class='ocr_par' dir='ltr' id='par_1_2' title="bbox 181 349 1190 1324">
     <span class='ocr_line' id='line_1_2' title="bbox 182 349 1157 436; baseline -0.002 -22"><span class='ocrx_word' id='word_1_5' title='bbox 182 357 269 417; x_wconf 80' lang='lat' dir='ltr'>onis</span> <span class='ocrx_word' id='word_1_6' title='bbox 291 354 514 430; x_wconf 77' lang='lat' dir='ltr'>obedientiam,</span> <span class='ocrx_word' id='word_1_7' title='bbox 540 353 686 436; x_wconf 86' lang='lat' dir='ltr'>Sedisque</span> <span class='ocrx_word' id='word_1_8' title='bbox 712 352 909 436; x_wconf 70' lang='lat' dir='ltr'>apostolica,</span> <span class='ocrx_word' id='word_1_9' title='bbox 938 351 969 412; x_wconf 93' lang='lat' dir='ltr'>in</span> <span class='ocrx_word' id='word_1_10' title='bbox 998 350 1058 432; x_wconf 80' lang='lat' dir='ltr'>qul</span> <span class='ocrx_word' id='word_1_11' title='bbox 1081 349 1157 412; x_wconf 86' lang='lat' dir='ltr'>tides</span> 
     </span>
     <span class='ocr_line' id='line_1_3' title="bbox 181 439 1157 526; baseline 0 -25"><span class='ocrx_word' id='word_1_12' title='bbox 181 468 196 502; x_wconf 78' lang='lat' dir='ltr'>o</span> <span class='ocrx_word' id='word_1_13' title='bbox 220 443 397 526; x_wconf 64' lang='lat' dir='ltr'>praedicatur</span> <span class='ocrx_word' id='word_1_14' title='bbox 428 449 458 505; x_wconf 88' lang='lat' dir='ltr'>et</span> <span class='ocrx_word' id='word_1_15' title='bbox 488 445 588 506; x_wconf 90' lang='lat' dir='ltr'>unitas</span> <span class='ocrx_word' id='word_1_16' title='bbox 618 451 750 506; x_wconf 89' lang='lat' dir='ltr'>servatur</span> <span class='ocrx_word' id='word_1_17' title='bbox 775 442 936 517; x_wconf 77' lang='lat' dir='ltr'>Ecclesiae,</span> <span class='ocrx_word' id='word_1_18' title='bbox 960 439 1157 502; x_wconf 88' lang='lat' dir='ltr'>reverendam</span> 
     </span>
     <span class='ocr_line' id='line_1_4' title="bbox 181 532 1155 613; baseline -0.001 -21"><span class='ocrx_word' id='word_1_19' title='bbox 181 555 195 592; x_wconf 85' lang='lat' dir='ltr'>a</span> <span class='ocrx_word' id='word_1_20' title='bbox 219 533 361 594; x_wconf 91' lang='lat' dir='ltr'>omnihus</span> <span class='ocrx_word' id='word_1_21' title='bbox 371 533 510 613; x_wconf 81' lang='lat' dir='ltr'>gentibus</span> <span class='ocrx_word' id='word_1_22' title='bbox 524 535 709 612; x_wconf 87' lang='lat' dir='ltr'>majestatem</span> <span class='ocrx_word' id='word_1_23' title='bbox 719 532 900 594; x_wconf 89' lang='lat' dir='ltr'>imminuere</span> <span class='ocrx_word' id='word_1_24' title='bbox 908 549 970 592; x_wconf 92' lang='lat' dir='ltr'>non</span> <span class='ocrx_word' id='word_1_25' title='bbox 985 539 1155 592; x_wconf 89' lang='lat' dir='ltr'>vereantur.</span> 
     </span>
     <span class='ocr_line' id='line_1_5' title="bbox 181 622 1156 703; baseline -0.001 -22"><span class='ocrx_word' id='word_1_26' title='bbox 181 645 196 681; x_wconf 76' lang='lat' dir='ltr'>a</span> <span class='ocrx_word' id='word_1_27' title='bbox 221 622 357 684; x_wconf 83' lang='lat' dir='ltr'>Haeretici</span> <span class='ocrx_word' id='word_1_28' title='bbox 377 640 499 703; x_wconf 87' lang='lat' dir='ltr'>quoquc</span> <span class='ocrx_word' id='word_1_29' title='bbox 520 622 594 684; x_wconf 87' lang='lat' dir='ltr'>nihil</span> <span class='ocrx_word' id='word_1_30' title='bbox 611 623 844 703; x_wconf 72' lang='lat' dir='ltr'>praetermittunt</span> <span class='ocrx_word' id='word_1_31' title='bbox 864 637 1007 702; x_wconf 83' lang='lat' dir='ltr'>quocum</span> <span class='ocrx_word' id='word_1_32' title='bbox 1028 626 1156 700; x_wconf 86' lang='lat' dir='ltr'>potesta·</span> 
     </span>
     <span class='ocr_line' id='line_1_6' title="bbox 182 707 1158 793; baseline -0.001 -22"><span class='ocrx_word' id='word_1_33' title='bbox 182 717 307 786; x_wconf 83' lang='lat' dir='ltr'>ntem,</span> <span class='ocrx_word' id='word_1_34' title='bbox 347 713 408 792; x_wconf 82' lang='lat' dir='ltr'>qua</span> <span class='ocrx_word' id='word_1_35' title='bbox 430 729 487 793; x_wconf 83' lang='lat' dir='ltr'>pax</span> <span class='ocrx_word' id='word_1_36' title='bbox 514 711 656 774; x_wconf 75' lang='lat' dir='ltr'>Ecclesiae</span> <span class='ocrx_word' id='word_1_37' title='bbox 690 711 886 786; x_wconf 80' lang='lat' dir='ltr'>continetur,</span> <span class='ocrx_word' id='word_1_38' title='bbox 917 707 1096 771; x_wconf 86' lang='lat' dir='ltr'>invidiosam</span> <span class='ocrx_word' id='word_1_39' title='bbox 1128 712 1158 770; x_wconf 88' lang='lat' dir='ltr'>et</span> 
     </span>
     <span class='ocr_line' id='line_1_7' title="bbox 182 797 1160 882; baseline -0.001 -23"><span class='ocrx_word' id='word_1_40' title='bbox 182 823 196 859; x_wconf 80' lang='lat' dir='ltr'>o</span> <span class='ocrx_word' id='word_1_41' title='bbox 221 817 343 881; x_wconf 79' lang='lat' dir='ltr'>gravem</span> <span class='ocrx_word' id='word_1_42' title='bbox 351 801 482 880; x_wconf 84' lang='lat' dir='ltr'>Regibus</span> <span class='ocrx_word' id='word_1_43' title='bbox 491 801 812 882; x_wconf 87' lang='lat' dir='ltr'>elpopulisostentent,</span> <span class='ocrx_word' id='word_1_44' title='bbox 822 799 918 880; x_wconf 88' lang='lat' dir='ltr'>iisque</span> <span class='ocrx_word' id='word_1_45' title='bbox 926 797 1160 861; x_wconf 83' lang='lat' dir='ltr'>fraudibussim·</span> 
     </span>
     <span class='ocr_line' id='line_1_8' title="bbox 181 886 1190 972; baseline -0.002 -22"><span class='ocrx_word' id='word_1_46' title='bbox 181 913 196 950; x_wconf 81' lang='lat' dir='ltr'>o</span> <span class='ocrx_word' id='word_1_47' title='bbox 221 889 314 972; x_wconf 84' lang='lat' dir='ltr'>plicas</span> <span class='ocrx_word' id='word_1_48' title='bbox 327 889 444 951; x_wconf 90' lang='lat' dir='ltr'>animas</span> <span class='ocrx_word' id='word_1_49' title='bbox 458 888 496 950; x_wconf 86' lang='lat' dir='ltr'>ab</span> <span class='ocrx_word' id='word_1_50' title='bbox 512 889 653 952; x_wconf 82' lang='lat' dir='ltr'>Ecclesiae</span> <span class='ocrx_word' id='word_1_51' title='bbox 667 889 782 966; x_wconf 90' lang='lat' dir='ltr'>matris,</span> <span class='ocrx_word' id='word_1_52' title='bbox 794 887 964 969; x_wconf 79' lang='lat' dir='ltr'>Christique</span> <span class='ocrx_word' id='word_1_53' title='bbox 977 886 1053 949; x_wconf 87' lang='lat' dir='ltr'>adeo</span> <span class='ocrx_word' id='word_1_54' title='bbox 1071 904 1159 948; x_wconf 90' lang='lat' dir='ltr'>corn-</span> <span class='ocrx_word' id='word_1_55' title='bbox 1188 912 1190 916; x_wconf 51' lang='lat'><strong><em>¹</em></strong></span> 
     </span>
     <span class='ocr_line' id='line_1_9' title="bbox 182 975 1156 1058; baseline -0.004 -18"><span class='ocrx_word' id='word_1_56' title='bbox 182 999 197 1040; x_wconf 77' lang='lat' dir='ltr'>a</span> <span class='ocrx_word' id='word_1_57' title='bbox 222 979 369 1041; x_wconf 82' lang='lat' dir='ltr'>munione</span> <span class='ocrx_word' id='word_1_58' title='bbox 383 977 555 1041; x_wconf 91' lang='lat' dir='ltr'>dissocient.</span> <span class='ocrx_word' id='word_1_59' title='bbox 571 981 644 1052; x_wconf 79' lang='lat' dir='ltr'>Quae</span> <span class='ocrx_word' id='word_1_60' title='bbox 658 984 692 1040; x_wconf 89' lang='lat' dir='ltr'>ot</span> <span class='ocrx_word' id='word_1_61' title='bbox 705 975 900 1040; x_wconf 91' lang='lat' dir='ltr'>incommoda</span> <span class='ocrx_word' id='word_1_62' title='bbox 918 975 1132 1058; x_wconf 81' lang='lat' dir='ltr'>propulsemus</span> <span class='ocrx_word' id='word_1_63' title='bbox 1148 995 1156 1036; x_wconf 91' lang='lat'><strong>:</strong></span> 
     </span>
     <span class='ocr_line' id='line_1_10' title="bbox 183 1063 1159 1150; baseline 0.001 -23"><span class='ocrx_word' id='word_1_64' title='bbox 183 1089 198 1127; x_wconf 82' lang='lat' dir='ltr'>o</span> <span class='ocrx_word' id='word_1_65' title='bbox 222 1069 284 1130; x_wconf 93' lang='lat' dir='ltr'>Nos</span> <span class='ocrx_word' id='word_1_66' title='bbox 303 1067 528 1150; x_wconf 74' lang='lat' dir='ltr'>archiepiscopi</span> <span class='ocrx_word' id='word_1_67' title='bbox 554 1074 584 1130; x_wconf 87' lang='lat' dir='ltr'>et</span> <span class='ocrx_word' id='word_1_68' title='bbox 603 1066 744 1150; x_wconf 86' lang='lat' dir='ltr'>Episcopi</span> <span class='ocrx_word' id='word_1_69' title='bbox 764 1066 887 1129; x_wconf 84' lang='lat' dir='ltr'>Parisiis</span> <span class='ocrx_word' id='word_1_70' title='bbox 909 1063 1051 1128; x_wconf 86' lang='lat' dir='ltr'>mandato</span> <span class='ocrx_word' id='word_1_71' title='bbox 1074 1065 1159 1145; x_wconf 78' lang='lat' dir='ltr'>regio</span> 
     </span>
     <span class='ocr_line' id='line_1_11' title="bbox 182 1155 1159 1237; baseline 0 -21"><span class='ocrx_word' id='word_1_72' title='bbox 182 1179 198 1216; x_wconf 78' lang='lat' dir='ltr'>n</span> <span class='ocrx_word' id='word_1_73' title='bbox 222 1156 394 1237; x_wconf 78' lang='lat' dir='ltr'>congregati</span> <span class='ocrx_word' id='word_1_74' title='bbox 407 1203 416 1232; x_wconf 97' lang='lat'>,</span> <span class='ocrx_word' id='word_1_75' title='bbox 431 1156 598 1219; x_wconf 87' lang='lat' dir='ltr'>Ecclesiam</span> <span class='ocrx_word' id='word_1_76' title='bbox 613 1155 798 1218; x_wconf 87' lang='lat' dir='ltr'>Gallicanam</span> <span class='ocrx_word' id='word_1_77' title='bbox 812 1159 1077 1236; x_wconf 85' lang='lat' dir='ltr'>repraescntantes,</span> <span class='ocrx_word' id='word_1_78' title='bbox 1096 1156 1159 1216; x_wconf 79' lang='lat' dir='ltr'>und</span> 
     </span>
     <span class='ocr_line' id='line_1_12' title="bbox 183 1242 1157 1324; baseline 0 -19"><span class='ocrx_word' id='word_1_79' title='bbox 183 1263 294 1308; x_wconf 81' lang='lat' dir='ltr'>acum</span> <span class='ocrx_word' id='word_1_80' title='bbox 321 1245 437 1308; x_wconf 79' lang='lat' dir='ltr'>caelans</span> <span class='ocrx_word' id='word_1_81' title='bbox 463 1245 671 1308; x_wconf 84' lang='lat' dir='ltr'>ecclesiasticis</span> <span class='ocrx_word' id='word_1_82' title='bbox 700 1246 772 1306; x_wconf 91' lang='lat' dir='ltr'>viris</span> <span class='ocrx_word' id='word_1_83' title='bbox 800 1244 958 1306; x_wconf 90' lang='lat' dir='ltr'>nobiscum</span> <span class='ocrx_word' id='word_1_84' title='bbox 984 1242 1157 1324; x_wconf 85' lang='lat' dir='ltr'>deputatis,</span> 
     </span>
    </p>
   </div>
   <div class='ocr_carea' id='block_1_3' title="bbox 2 1313 1159 1416">
    <p class='ocr_par' dir='ltr' id='par_1_3' title="bbox 2 1305 1159 1444">
     <span class='ocr_line' id='line_1_13' title="bbox 2 1313 1159 1416; baseline 0.002 -23"><span class='ocrx_word' id='word_1_85' title='bbox 2 1339 4 1380; x_wconf 73' lang='lat' dir='ltr'>t</span> <span class='ocrx_word' id='word_1_86' title='bbox 47 1313 53 1322; x_wconf 48' lang='lat'>⁸</span> <span class='ocrx_word' id='word_1_87' title='bbox 101 1327 103 1332; x_wconf 75' lang='grc'>’</span> <span class='ocrx_word' id='word_1_88' title='bbox 183 1333 359 1416; x_wconf 78' lang='lat' dir='ltr'>»diligenti</span> <span class='ocrx_word' id='word_1_89' title='bbox 381 1341 506 1397; x_wconf 85' lang='lat' dir='ltr'>tractatu</span> <span class='ocrx_word' id='word_1_90' title='bbox 525 1333 647 1413; x_wconf 89' lang='lat' dir='ltr'>habito,</span> <span class='ocrx_word' id='word_1_91' title='bbox 667 1334 732 1397; x_wconf 86' lang='lat' dir='ltr'>haeo</span> <span class='ocrx_word' id='word_1_92' title='bbox 748 1332 911 1398; x_wconf 87' lang='lat' dir='ltr'>sancienda</span> <span class='ocrx_word' id='word_1_93' title='bbox 931 1339 961 1396; x_wconf 92' lang='lat' dir='ltr'>et</span> <span class='ocrx_word' id='word_1_94' title='bbox 978 1331 1159 1397; x_wconf 83' lang='lat' dir='ltr'>declaranda</span> 
     </span>
    </p>
   </div>
   <div class='ocr_carea' id='block_1_4' title="bbox 121 1424 1161 3558">
    <p class='ocr_par' dir='ltr' id='par_1_4' title="bbox 183 1424 461 1486">
     <span class='ocr_line' id='line_1_14' title="bbox 183 1424 461 1486; baseline 0.004 -3"><span class='ocrx_word' id='word_1_95' title='bbox 183 1447 198 1483; x_wconf 82' lang='lat' dir='ltr'>o</span> <span class='ocrx_word' id='word_1_96' title='bbox 223 1442 289 1486; x_wconf 89' lang='lat' dir='ltr'>esse</span> <span class='ocrx_word' id='word_1_97' title='bbox 303 1424 461 1486; x_wconf 84' lang='lat' dir='ltr'>duximus:</span> 
     </span>
    </p>

    <p class='ocr_par' dir='ltr' id='par_1_5' title="bbox 121 1511 1160 1952">
     <span class='ocr_line' id='line_1_15' title="bbox 221 1511 1159 1594; baseline 0.004 -22"><span class='ocrx_word' id='word_1_98' title='bbox 221 1533 237 1572; x_wconf 85' lang='lat' dir='ltr'>u</span> <span class='ocrx_word' id='word_1_99' title='bbox 263 1516 286 1576; x_wconf 93' lang='lat' dir='ltr'>l.</span> <span class='ocrx_word' id='word_1_100' title='bbox 310 1514 448 1575; x_wconf 89' lang='lat' dir='ltr'>Primhm</span> <span class='ocrx_word' id='word_1_101' title='bbox 475 1513 510 1575; x_wconf 92' lang='lat' dir='ltr'>B.</span> <span class='ocrx_word' id='word_1_102' title='bbox 541 1515 630 1575; x_wconf 90' lang='lat' dir='ltr'>Petro</span> <span class='ocrx_word' id='word_1_103' title='bbox 650 1514 776 1594; x_wconf 85' lang='lat' dir='ltr'>ejusque</span> <span class='ocrx_word' id='word_1_104' title='bbox 799 1511 1022 1576; x_wconf 90' lang='lat' dir='ltr'>successoribus</span> <span class='ocrx_word' id='word_1_105' title='bbox 1052 1512 1159 1576; x_wconf 83' lang='lat' dir='ltr'>Christi</span> 
     </span>
     <span class='ocr_line' id='line_1_16' title="bbox 183 1601 1160 1684; baseline 0.003 -23"><span class='ocrx_word' id='word_1_106' title='bbox 183 1625 198 1661; x_wconf 76' lang='lat' dir='ltr'>a</span> <span class='ocrx_word' id='word_1_107' title='bbox 222 1603 348 1664; x_wconf 87' lang='lat' dir='ltr'>Vicoriis</span> <span class='ocrx_word' id='word_1_108' title='bbox 361 1603 479 1683; x_wconf 87' lang='lat' dir='ltr'>ipsique</span> <span class='ocrx_word' id='word_1_109' title='bbox 491 1601 644 1678; x_wconf 74' lang='lat' dir='ltr'>Ecclesiae,</span> <span class='ocrx_word' id='word_1_110' title='bbox 660 1619 762 1666; x_wconf 88' lang='lat' dir='ltr'>rerum</span> <span class='ocrx_word' id='word_1_111' title='bbox 777 1602 1016 1684; x_wconf 88' lang='lat' dir='ltr'>spiritualiumet</span> <span class='ocrx_word' id='word_1_112' title='bbox 1029 1601 1066 1664; x_wconf 87' lang='lat' dir='ltr'>cd</span> <span class='ocrx_word' id='word_1_113' title='bbox 1076 1609 1160 1665; x_wconf 83' lang='lat' dir='ltr'>aeter-</span> 
     </span>
     <span class='ocr_line' id='line_1_17' title="bbox 183 1691 1159 1773; baseline 0.003 -21"><span class='ocrx_word' id='word_1_114' title='bbox 183 1713 198 1751; x_wconf 81' lang='lat' dir='ltr'>a</span> <span class='ocrx_word' id='word_1_115' title='bbox 225 1709 295 1767; x_wconf 90' lang='lat' dir='ltr'>nam</span> <span class='ocrx_word' id='word_1_116' title='bbox 311 1691 436 1753; x_wconf 87' lang='lat' dir='ltr'>salutern</span> <span class='ocrx_word' id='word_1_117' title='bbox 452 1693 686 1773; x_wconf 83' lang='lat' dir='ltr'>pertinentium,</span> <span class='ocrx_word' id='word_1_118' title='bbox 703 1709 766 1752; x_wconf 95' lang='lat' dir='ltr'>non</span> <span class='ocrx_word' id='word_1_119' title='bbox 783 1699 884 1754; x_wconf 90' lang='lat' dir='ltr'>autern</span> <span class='ocrx_word' id='word_1_120' title='bbox 897 1691 1049 1770; x_wconf 86' lang='lat' dir='ltr'>civilium,</span> <span class='ocrx_word' id='word_1_121' title='bbox 1064 1694 1082 1754; x_wconf 76' lang='lat' dir='ltr'>a</span> <span class='ocrx_word' id='word_1_122' title='bbox 1096 1695 1159 1755; x_wconf 88' lang='lat' dir='ltr'>Deo</span> 
     </span>
     <span class='ocr_line' id='line_1_18' title="bbox 183 1778 1160 1862; baseline 0.004 -24"><span class='ocrx_word' id='word_1_123' title='bbox 183 1802 198 1838; x_wconf 77' lang='lat' dir='ltr'>o</span> <span class='ocrx_word' id='word_1_124' title='bbox 223 1778 361 1840; x_wconf 83' lang='lat' dir='ltr'>traditam</span> <span class='ocrx_word' id='word_1_125' title='bbox 380 1786 556 1860; x_wconf 87' lang='lat' dir='ltr'>potestatem</span> <span class='ocrx_word' id='word_1_126' title='bbox 574 1799 581 1840; x_wconf 91' lang='lat'>:</span> <span class='ocrx_word' id='word_1_127' title='bbox 602 1778 721 1842; x_wconf 85' lang='lat' dir='ltr'>dicante</span> <span class='ocrx_word' id='word_1_128' title='bbox 744 1781 898 1843; x_wconf 86' lang='lat' dir='ltr'>Domino:</span> <span class='ocrx_word' id='word_1_129' title='bbox 915 1780 1047 1862; x_wconf 77' lang='lat' dir='ltr'>chnum</span> <span class='ocrx_word' id='word_1_130' title='bbox 1064 1801 1160 1843; x_wconf 76' lang='lat' dir='ltr'>nuum</span> 
     </span>
     <span class='ocr_line' id='line_1_19' title="bbox 121 1867 1160 1952; baseline 0.006 -26"><span class='ocrx_word' id='word_1_131' title='bbox 121 1867 122 1870; x_wconf 74' lang='grc'>’</span> <span class='ocrx_word' id='word_1_132' title='bbox 184 1891 198 1926; x_wconf 77' lang='lat' dir='ltr'>o</span> <span class='ocrx_word' id='word_1_133' title='bbox 223 1877 335 1929; x_wconf 80' lang='lat' dir='ltr'>nonest</span> <span class='ocrx_word' id='word_1_134' title='bbox 348 1868 381 1930; x_wconf 83' lang='lat' dir='ltr'>de</span> <span class='ocrx_word' id='word_1_135' title='bbox 395 1867 584 1930; x_wconf 74' lang='lat' dir='ltr'>hosmundo.-</span> <span class='ocrx_word' id='word_1_136' title='bbox 601 1877 632 1930; x_wconf 86' lang='lat' dir='ltr'>ct</span> <span class='ocrx_word' id='word_1_137' title='bbox 644 1870 755 1931; x_wconf 88' lang='lat' dir='ltr'>ilerhm</span> <span class='ocrx_word' id='word_1_138' title='bbox 771 1889 778 1927; x_wconf 93' lang='lat'>:</span> <span class='ocrx_word' id='word_1_139' title='bbox 796 1868 919 1931; x_wconf 84' lang='lat' dir='ltr'>Reddite</span> <span class='ocrx_word' id='word_1_140' title='bbox 931 1888 1000 1951; x_wconf 75' lang='lat' dir='ltr'>erpo</span> <span class='ocrx_word' id='word_1_141' title='bbox 1013 1888 1080 1952; x_wconf 80' lang='lat' dir='ltr'>pore</span> <span class='ocrx_word' id='word_1_142' title='bbox 1091 1879 1160 1932; x_wconf 84' lang='lat' dir='ltr'>sunt</span> 
     </span>
    </p>

    <p class='ocr_par' dir='ltr' id='par_1_6' title="bbox 164 1957 1161 3558">
     <span class='ocr_line' id='line_1_20' title="bbox 183 1957 1160 2042; baseline 0.008 -27"><span class='ocrx_word' id='word_1_143' title='bbox 183 1981 197 2016; x_wconf 79' lang='lat' dir='ltr'>o</span> <span class='ocrx_word' id='word_1_144' title='bbox 224 1957 350 2021; x_wconf 82' lang='lat' dir='ltr'>Coesoris</span> <span class='ocrx_word' id='word_1_145' title='bbox 365 1957 493 2033; x_wconf 85' lang='lat' dir='ltr'>Coesori,</span> <span class='ocrx_word' id='word_1_146' title='bbox 515 1967 545 2020; x_wconf 87' lang='lat' dir='ltr'>et</span> <span class='ocrx_word' id='word_1_147' title='bbox 557 1977 623 2042; x_wconf 80' lang='lat' dir='ltr'>quor</span> <span class='ocrx_word' id='word_1_148' title='bbox 636 1965 704 2019; x_wconf 84' lang='lat' dir='ltr'>suot</span> <span class='ocrx_word' id='word_1_149' title='bbox 718 1958 775 2020; x_wconf 86' lang='lat' dir='ltr'>Dei</span> <span class='ocrx_word' id='word_1_150' title='bbox 790 1957 851 2020; x_wconf 86' lang='lat' dir='ltr'>Deo</span> <span class='ocrx_word' id='word_1_151' title='bbox 859 1974 873 2032; x_wconf 89' lang='lat'><em>;</em></span> <span class='ocrx_word' id='word_1_152' title='bbox 886 1976 921 2021; x_wconf 89' lang='lat' dir='ltr'>ac</span> <span class='ocrx_word' id='word_1_153' title='bbox 934 1958 1063 2040; x_wconf 79' lang='lat' dir='ltr'>proinde</span> <span class='ocrx_word' id='word_1_154' title='bbox 1081 1966 1160 2024; x_wconf 87' lang='lat' dir='ltr'>stare</span> 
     </span>
     <span class='ocr_line' id='line_1_21' title="bbox 183 2047 1158 2128; baseline 0.007 -23"><span class='ocrx_word' id='word_1_155' title='bbox 183 2069 198 2105; x_wconf 80' lang='lat' dir='ltr'>n</span> <span class='ocrx_word' id='word_1_156' title='bbox 223 2047 422 2128; x_wconf 90' lang='lat' dir='ltr'>apostolicum</span> <span class='ocrx_word' id='word_1_157' title='bbox 441 2047 537 2110; x_wconf 92' lang='lat' dir='ltr'>illud:</span> <span class='ocrx_word' id='word_1_158' title='bbox 555 2047 654 2110; x_wconf 82' lang='lat' dir='ltr'>Omnis</span> <span class='ocrx_word' id='word_1_159' title='bbox 673 2048 774 2108; x_wconf 82' lang='lat' dir='ltr'>ocimo</span> <span class='ocrx_word' id='word_1_160' title='bbox 793 2047 986 2128; x_wconf 81' lang='lat' dir='ltr'>potestatibus</span> <span class='ocrx_word' id='word_1_161' title='bbox 1004 2048 1158 2112; x_wconf 83' lang='lat' dir='ltr'>sublimio·</span> 
     </span>
     <span class='ocr_line' id='line_1_22' title="bbox 184 2135 1158 2222; baseline 0.008 -27"><span class='ocrx_word' id='word_1_162' title='bbox 184 2157 199 2195; x_wconf 84' lang='lat' dir='ltr'>o</span> <span class='ocrx_word' id='word_1_163' title='bbox 223 2135 305 2196; x_wconf 82' lang='lat' dir='ltr'>ribus</span> <span class='ocrx_word' id='word_1_164' title='bbox 317 2135 435 2198; x_wconf 83' lang='lat' dir='ltr'>subdito</span> <span class='ocrx_word' id='word_1_165' title='bbox 448 2137 509 2207; x_wconf 87' lang='lat' dir='ltr'>sit;</span> <span class='ocrx_word' id='word_1_166' title='bbox 523 2155 580 2197; x_wconf 82' lang='lat' dir='ltr'>non</span> <span class='ocrx_word' id='word_1_167' title='bbox 600 2144 643 2198; x_wconf 83' lang='lat' dir='ltr'>ost</span> <span class='ocrx_word' id='word_1_168' title='bbox 655 2137 733 2198; x_wconf 84' lang='lat' dir='ltr'>enim</span> <span class='ocrx_word' id='word_1_169' title='bbox 742 2143 872 2218; x_wconf 82' lang='lat' dir='ltr'>potestas</span> <span class='ocrx_word' id='word_1_170' title='bbox 888 2136 950 2198; x_wconf 81' lang='lat' dir='ltr'>nisi</span> <span class='ocrx_word' id='word_1_171' title='bbox 967 2137 986 2199; x_wconf 84' lang='grc' dir='ltr'><em>ἁ</em></span> <span class='ocrx_word' id='word_1_172' title='bbox 1000 2137 1080 2210; x_wconf 83' lang='lat' dir='ltr'>Deo:</span> <span class='ocrx_word' id='word_1_173' title='bbox 1095 2159 1158 2222; x_wconf 77' lang='lat' dir='ltr'>qao</span> 
     </span>
     <span class='ocr_line' id='line_1_23' title="bbox 183 2225 1161 2310; baseline 0.008 -26"><span class='ocrx_word' id='word_1_174' title='bbox 183 2246 199 2284; x_wconf 83' lang='lat' dir='ltr'>a</span> <span class='ocrx_word' id='word_1_175' title='bbox 223 2234 319 2286; x_wconf 83' lang='lat' dir='ltr'>cutem</span> <span class='ocrx_word' id='word_1_176' title='bbox 340 2233 422 2303; x_wconf 83' lang='lat' dir='ltr'>sunt,</span> <span class='ocrx_word' id='word_1_177' title='bbox 442 2225 460 2286; x_wconf 86' lang='grc' dir='ltr'><em>ἀ</em></span> <span class='ocrx_word' id='word_1_178' title='bbox 480 2225 541 2288; x_wconf 85' lang='lat' dir='ltr'>Deo</span> <span class='ocrx_word' id='word_1_179' title='bbox 558 2225 704 2288; x_wconf 75' lang='lat' dir='ltr'>ordinato²</span> <span class='ocrx_word' id='word_1_180' title='bbox 722 2233 809 2302; x_wconf 85' lang='lat' dir='ltr'>suot‚·</span> <span class='ocrx_word' id='word_1_181' title='bbox 828 2225 928 2310; x_wconf 80' lang='lat' dir='ltr'>itaque</span> <span class='ocrx_word' id='word_1_182' title='bbox 950 2227 1003 2308; x_wconf 83' lang='lat' dir='ltr'>qui</span> <span class='ocrx_word' id='word_1_183' title='bbox 1019 2232 1161 2310; x_wconf 83' lang='lat' dir='ltr'>potestati</span> 
     </span>
     <span class='ocr_line' id='line_1_24' title="bbox 183 2314 1159 2400; baseline 0.01 -26"><span class='ocrx_word' id='word_1_184' title='bbox 183 2335 199 2374; x_wconf 85' lang='lat' dir='ltr'>o</span> <span class='ocrx_word' id='word_1_185' title='bbox 224 2314 355 2394; x_wconf 81' lang='lat' dir='ltr'>resistit,</span> <span class='ocrx_word' id='word_1_186' title='bbox 378 2315 435 2377; x_wconf 83' lang='lat' dir='ltr'>Dei</span> <span class='ocrx_word' id='word_1_187' title='bbox 447 2314 632 2378; x_wconf 81' lang='lat' dir='ltr'>ordinationi</span> <span class='ocrx_word' id='word_1_188' title='bbox 651 2314 774 2377; x_wconf 79' lang='lat' dir='ltr'>resistit.</span> <span class='ocrx_word' id='word_1_189' title='bbox 791 2317 888 2398; x_wconf 77' lang='lat' dir='ltr'>Reges</span> <span class='ocrx_word' id='word_1_190' title='bbox 906 2335 980 2399; x_wconf 85' lang='lat' dir='ltr'>ergo</span> <span class='ocrx_word' id='word_1_191' title='bbox 997 2325 1027 2379; x_wconf 86' lang='lat' dir='ltr'>et</span> <span class='ocrx_word' id='word_1_192' title='bbox 1047 2320 1159 2400; x_wconf 89' lang='lat' dir='ltr'>princi-</span> 
     </span>
     <span class='ocr_line' id='line_1_25' title="bbox 184 2403 1158 2488; baseline 0.012 -27"><span class='ocrx_word' id='word_1_193' title='bbox 184 2422 199 2461; x_wconf 68' lang='grc' dir='ltr'><strong>υ</strong></span> <span class='ocrx_word' id='word_1_194' title='bbox 224 2419 292 2484; x_wconf 90' lang='lat' dir='ltr'>pes,</span> <span class='ocrx_word' id='word_1_195' title='bbox 318 2405 349 2466; x_wconf 93' lang='lat' dir='ltr'>in</span> <span class='ocrx_word' id='word_1_196' title='bbox 366 2405 600 2486; x_wconf 87' lang='lat' dir='ltr'>temporalibus,</span> <span class='ocrx_word' id='word_1_197' title='bbox 617 2403 691 2466; x_wconf 93' lang='lat' dir='ltr'>nulli</span> <span class='ocrx_word' id='word_1_198' title='bbox 719 2403 926 2467; x_wconf 85' lang='lat' dir='ltr'>ecclesiasticae</span> <span class='ocrx_word' id='word_1_199' title='bbox 949 2409 1088 2488; x_wconf 85' lang='lat' dir='ltr'>potestati</span> <span class='ocrx_word' id='word_1_200' title='bbox 1104 2411 1158 2474; x_wconf 89' lang='lat' dir='ltr'>Dei</span> 
     </span>
     <span class='ocr_line' id='line_1_26' title="bbox 164 2491 1158 2574; baseline 0.01 -22"><span class='ocrx_word' id='word_1_201' title='bbox 164 2507 167 2513; x_wconf 84' lang='lat'>·</span> <span class='ocrx_word' id='word_1_202' title='bbox 184 2514 200 2552; x_wconf 83' lang='lat' dir='ltr'>o</span> <span class='ocrx_word' id='word_1_203' title='bbox 223 2491 414 2555; x_wconf 89' lang='lat' dir='ltr'>ordinatione</span> <span class='ocrx_word' id='word_1_204' title='bbox 430 2493 553 2570; x_wconf 85' lang='lat' dir='ltr'>subjici,</span> <span class='ocrx_word' id='word_1_205' title='bbox 572 2509 673 2574; x_wconf 85' lang='lat' dir='ltr'>neque</span> <span class='ocrx_word' id='word_1_206' title='bbox 686 2493 860 2555; x_wconf 86' lang='lat' dir='ltr'>auctoritate</span> <span class='ocrx_word' id='word_1_207' title='bbox 874 2494 1002 2558; x_wconf 87' lang='lat' dir='ltr'>clavium</span> <span class='ocrx_word' id='word_1_208' title='bbox 1018 2497 1158 2563; x_wconf 86' lang='lat' dir='ltr'>Ecclesiae</span> 
     </span>
     <span class='ocr_line' id='line_1_27' title="bbox 186 2580 1158 2664; baseline 0.015 -26"><span class='ocrx_word' id='word_1_209' title='bbox 186 2603 202 2638; x_wconf 78' lang='lat' dir='ltr'>o</span> <span class='ocrx_word' id='word_1_210' title='bbox 223 2580 336 2642; x_wconf 81' lang='lat' dir='ltr'>directo</span> <span class='ocrx_word' id='word_1_211' title='bbox 350 2581 395 2644; x_wconf 85' lang='lat' dir='ltr'>rel</span> <span class='ocrx_word' id='word_1_212' title='bbox 414 2581 558 2644; x_wconf 79' lang='lat' dir='ltr'>indirecte</span> <span class='ocrx_word' id='word_1_213' title='bbox 572 2581 702 2664; x_wconf 89' lang='lat' dir='ltr'>deponi,</span> <span class='ocrx_word' id='word_1_214' title='bbox 718 2589 769 2644; x_wconf 91' lang='lat' dir='ltr'>aut</span> <span class='ocrx_word' id='word_1_215' title='bbox 783 2581 904 2646; x_wconf 91' lang='lat' dir='ltr'>illorum</span> <span class='ocrx_word' id='word_1_216' title='bbox 918 2583 1054 2648; x_wconf 89' lang='lat' dir='ltr'>subditos</span> <span class='ocrx_word' id='word_1_217' title='bbox 1066 2589 1158 2653; x_wconf 84' lang='lat' dir='ltr'>eximi</span> 
     </span>
     <span class='ocr_line' id='line_1_28' title="bbox 183 2668 1158 2754; baseline 0.014 -26"><span class='ocrx_word' id='word_1_218' title='bbox 183 2691 199 2728; x_wconf 81' lang='lat' dir='ltr'>o</span> <span class='ocrx_word' id='word_1_219' title='bbox 223 2669 241 2732; x_wconf 79' lang='lat' dir='ltr'>a</span> <span class='ocrx_word' id='word_1_220' title='bbox 264 2668 323 2731; x_wconf 86' lang='lat' dir='ltr'>fide</span> <span class='ocrx_word' id='word_1_221' title='bbox 350 2677 441 2752; x_wconf 85' lang='lat' dir='ltr'>atque</span> <span class='ocrx_word' id='word_1_222' title='bbox 462 2669 654 2747; x_wconf 77' lang='lat' dir='ltr'>ohedientia,</span> <span class='ocrx_word' id='word_1_223' title='bbox 677 2689 712 2734; x_wconf 88' lang='lat' dir='ltr'>ac</span> <span class='ocrx_word' id='word_1_224' title='bbox 732 2672 864 2754; x_wconf 76' lang='lat' dir='ltr'>praestito</span> <span class='ocrx_word' id='word_1_225' title='bbox 890 2672 1040 2737; x_wconf 78' lang='lat' dir='ltr'>fidelitatis</span> <span class='ocrx_word' id='word_1_226' title='bbox 1058 2695 1158 2742; x_wconf 88' lang='lat' dir='ltr'>sacra-</span> 
     </span>
     <span class='ocr_line' id='line_1_29' title="bbox 184 2760 1157 2845; baseline 0.013 -28"><span class='ocrx_word' id='word_1_227' title='bbox 184 2781 199 2817; x_wconf 77' lang='lat' dir='ltr'>n</span> <span class='ocrx_word' id='word_1_228' title='bbox 224 2765 326 2820; x_wconf 85' lang='lat' dir='ltr'>mento</span> <span class='ocrx_word' id='word_1_229' title='bbox 346 2760 419 2821; x_wconf 89' lang='lat' dir='ltr'>solvi</span> <span class='ocrx_word' id='word_1_230' title='bbox 439 2777 542 2841; x_wconf 88' lang='lat' dir='ltr'>posse;</span> <span class='ocrx_word' id='word_1_231' title='bbox 563 2777 692 2842; x_wconf 83' lang='lat' dir='ltr'>eamque</span> <span class='ocrx_word' id='word_1_232' title='bbox 710 2762 910 2842; x_wconf 88' lang='lat' dir='ltr'>sententiam,</span> <span class='ocrx_word' id='word_1_233' title='bbox 929 2763 1058 2845; x_wconf 78' lang='lat' dir='ltr'>publicae</span> <span class='ocrx_word' id='word_1_234' title='bbox 1075 2773 1157 2830; x_wconf 83' lang='lat' dir='ltr'>tren-</span> 
     </span>
     <span class='ocr_line' id='line_1_30' title="bbox 184 2846 1157 2940; baseline 0.014 -33"><span class='ocrx_word' id='word_1_235' title='bbox 184 2868 200 2907; x_wconf 82' lang='lat' dir='ltr'>o</span> <span class='ocrx_word' id='word_1_236' title='bbox 224 2846 361 2929; x_wconf 87' lang='lat' dir='ltr'>quillitati</span> <span class='ocrx_word' id='word_1_237' title='bbox 377 2849 591 2928; x_wconf 85' lang='lat' dir='ltr'>necessariam,</span> <span class='ocrx_word' id='word_1_238' title='bbox 607 2869 664 2912; x_wconf 90' lang='lat' dir='ltr'>nec</span> <span class='ocrx_word' id='word_1_239' title='bbox 683 2851 934 2914; x_wconf 84' lang='lat' dir='ltr'>mindsEcclesiae</span> <span class='ocrx_word' id='word_1_240' title='bbox 955 2857 1047 2934; x_wconf 75' lang='lat' dir='ltr'>quam</span> <span class='ocrx_word' id='word_1_241' title='bbox 1060 2856 1157 2940; x_wconf 89' lang='lat' dir='ltr'>impc-</span> 
     </span>
     <span class='ocr_line' id='line_1_31' title="bbox 185 2936 1160 3018; baseline 0.015 -22"><span class='ocrx_word' id='word_1_242' title='bbox 185 2957 200 2995; x_wconf 85' lang='lat' dir='ltr'>u</span> <span class='ocrx_word' id='word_1_243' title='bbox 224 2936 270 2998; x_wconf 90' lang='lat' dir='ltr'>rio</span> <span class='ocrx_word' id='word_1_244' title='bbox 283 2937 407 3014; x_wconf 89' lang='lat' dir='ltr'>utilem,</span> <span class='ocrx_word' id='word_1_245' title='bbox 425 2945 459 3000; x_wconf 91' lang='lat' dir='ltr'>ut</span> <span class='ocrx_word' id='word_1_246' title='bbox 480 2939 571 3001; x_wconf 82' lang='lat' dir='ltr'>verbo</span> <span class='ocrx_word' id='word_1_247' title='bbox 592 2940 665 3018; x_wconf 90' lang='lat' dir='ltr'>Dei,</span> <span class='ocrx_word' id='word_1_248' title='bbox 680 2942 803 3001; x_wconf 83' lang='lat' dir='ltr'>Petrum</span> <span class='ocrx_word' id='word_1_249' title='bbox 822 2941 975 3004; x_wconf 88' lang='lat' dir='ltr'>traditioni</span> <span class='ocrx_word' id='word_1_250' title='bbox 994 2947 1160 3011; x_wconf 67' lang='lat' dir='ltr'>etSanoto»</span> 
     </span>
     <span class='ocr_line' id='line_1_32' title="bbox 185 3027 1026 3108; baseline 0.011 -23"><span class='ocrx_word' id='word_1_251' title='bbox 185 3047 200 3085; x_wconf 84' lang='lat' dir='ltr'>o</span> <span class='ocrx_word' id='word_1_252' title='bbox 224 3043 292 3087; x_wconf 88' lang='lat' dir='ltr'>rum</span> <span class='ocrx_word' id='word_1_253' title='bbox 307 3027 452 3108; x_wconf 79' lang='lat' dir='ltr'>exenrplis</span> <span class='ocrx_word' id='word_1_254' title='bbox 465 3045 648 3106; x_wconf 86' lang='lat' dir='ltr'>consonam,</span> <span class='ocrx_word' id='word_1_255' title='bbox 659 3029 786 3092; x_wconf 80' lang='lat' dir='ltr'>omnino</span> <span class='ocrx_word' id='word_1_256' title='bbox 800 3031 989 3094; x_wconf 87' lang='lat' dir='ltr'>retinendam</span> <span class='ocrx_word' id='word_1_257' title='bbox 1004 3037 1026 3093; x_wconf 90' lang='lat'>¹.</span> 
     </span>
     <span class='ocr_line' id='line_1_33' title="bbox 224 3115 1157 3200; baseline 0.017 -26"><span class='ocrx_word' id='word_1_258' title='bbox 224 3136 240 3174; x_wconf 80' lang='lat' dir='ltr'>n</span> <span class='ocrx_word' id='word_1_259' title='bbox 263 3115 299 3176; x_wconf 91' lang='lat' dir='ltr'>ll.</span> <span class='ocrx_word' id='word_1_260' title='bbox 317 3117 366 3177; x_wconf 89' lang='lat' dir='ltr'>Sic</span> <span class='ocrx_word' id='word_1_261' title='bbox 379 3123 481 3178; x_wconf 87' lang='lat' dir='ltr'>autern</span> <span class='ocrx_word' id='word_1_262' title='bbox 495 3117 594 3180; x_wconf 88' lang='lat' dir='ltr'>inesse</span> <span class='ocrx_word' id='word_1_263' title='bbox 609 3119 788 3200; x_wconf 83' lang='lat' dir='ltr'>Apostolicae</span> <span class='ocrx_word' id='word_1_264' title='bbox 806 3119 874 3183; x_wconf 90' lang='lat' dir='ltr'>Sedi</span> <span class='ocrx_word' id='word_1_265' title='bbox 890 3139 926 3184; x_wconf 89' lang='lat' dir='ltr'>ec</span> <span class='ocrx_word' id='word_1_266' title='bbox 943 3123 1021 3186; x_wconf 90' lang='lat' dir='ltr'>Petri</span> <span class='ocrx_word' id='word_1_267' title='bbox 1037 3142 1157 3189; x_wconf 85' lang='lat' dir='ltr'>succes·</span> 
     </span>
     <span class='ocr_line' id='line_1_34' title="bbox 185 3203 1157 3296; baseline 0.015 -32"><span class='ocrx_word' id='word_1_268' title='bbox 185 3225 200 3264; x_wconf 81' lang='lat' dir='ltr'>o</span> <span class='ocrx_word' id='word_1_269' title='bbox 224 3203 362 3283; x_wconf 88' lang='lat' dir='ltr'>sorihus,</span> <span class='ocrx_word' id='word_1_270' title='bbox 384 3205 490 3268; x_wconf 84' lang='lat' dir='ltr'>Christi</span> <span class='ocrx_word' id='word_1_271' title='bbox 513 3207 659 3286; x_wconf 87' lang='lat' dir='ltr'>Vicariis,</span> <span class='ocrx_word' id='word_1_272' title='bbox 683 3226 785 3271; x_wconf 90' lang='lat' dir='ltr'>rerum</span> <span class='ocrx_word' id='word_1_273' title='bbox 812 3209 1012 3291; x_wconf 87' lang='lat' dir='ltr'>spiritualium</span> <span class='ocrx_word' id='word_1_274' title='bbox 1035 3213 1157 3296; x_wconf 88' lang='lat' dir='ltr'>plenam</span> 
     </span>
     <span class='ocr_line' id='line_1_35' title="bbox 184 3295 1157 3380; baseline 0.018 -28"><span class='ocrx_word' id='word_1_275' title='bbox 184 3313 200 3352; x_wconf 81' lang='lat' dir='ltr'>r</span> <span class='ocrx_word' id='word_1_276' title='bbox 224 3299 416 3376; x_wconf 83' lang='lat' dir='ltr'>potestatam,</span> <span class='ocrx_word' id='word_1_277' title='bbox 432 3296 567 3358; x_wconf 89' lang='lat' dir='ltr'>utsimul</span> <span class='ocrx_word' id='word_1_278' title='bbox 589 3295 707 3360; x_wconf 82' lang='lat' dir='ltr'>valeant</span> <span class='ocrx_word' id='word_1_279' title='bbox 728 3305 819 3380; x_wconf 89' lang='lat' dir='ltr'>atque</span> <span class='ocrx_word' id='word_1_280' title='bbox 839 3299 964 3364; x_wconf 86' lang='lat' dir='ltr'>immota</span> <span class='ocrx_word' id='word_1_281' title='bbox 992 3306 1157 3370; x_wconf 89' lang='lat' dir='ltr'>consistant</span> 
     </span>
     <span class='ocr_line' id='line_1_36' title="bbox 185 3385 1156 3477; baseline 0.018 -36"><span class='ocrx_word' id='word_1_282' title='bbox 185 3390 335 3458; x_wconf 71' lang='lat' dir='ltr'>»sancte</span> <span class='ocrx_word' id='word_1_283' title='bbox 347 3385 544 3448; x_wconf 83' lang='lat' dir='ltr'>oecunrenicae</span> <span class='ocrx_word' id='word_1_284' title='bbox 558 3387 671 3465; x_wconf 83' lang='lat' dir='ltr'>Synodi</span> <span class='ocrx_word' id='word_1_285' title='bbox 687 3388 957 3469; x_wconf 76' lang='lat' dir='ltr'>constantiensis,a</span> <span class='ocrx_word' id='word_1_286' title='bbox 967 3393 1044 3456; x_wconf 88' lang='lat' dir='ltr'>Sede</span> <span class='ocrx_word' id='word_1_287' title='bbox 1059 3398 1156 3477; x_wconf 84' lang='lat' dir='ltr'>Apos-</span> 
     </span>
     <span class='ocr_line' id='line_1_37' title="bbox 185 3474 1156 3558; baseline 0.021 -29"><span class='ocrx_word' id='word_1_288' title='bbox 185 3493 200 3529; x_wconf 69' lang='grc' dir='ltr'>ι</span> <span class='ocrx_word' id='word_1_289' title='bbox 223 3475 312 3535; x_wconf 75' lang='lat' dir='ltr'>tollet</span> <span class='ocrx_word' id='word_1_290' title='bbox 325 3474 538 3556; x_wconf 86' lang='lat' dir='ltr'>comprobata,</span> <span class='ocrx_word' id='word_1_291' title='bbox 552 3479 678 3558; x_wconf 90' lang='lat' dir='ltr'>ipsoque</span> <span class='ocrx_word' id='word_1_292' title='bbox 695 3478 903 3542; x_wconf 85' lang='lat' dir='ltr'>Romanorum</span> <span class='ocrx_word' id='word_1_293' title='bbox 925 3481 1107 3546; x_wconf 84' lang='lat' dir='ltr'>Pontificum</span> <span class='ocrx_word' id='word_1_294' title='bbox 1120 3503 1156 3548; x_wconf 86' lang='lat' dir='ltr'>ao</span> 
     </span>
    </p>
   </div>
   <div class='ocr_carea' id='block_1_5' title="bbox 218 3653 928 3727">
    <p class='ocr_par' dir='ltr' id='par_1_7' title="bbox 218 3653 928 3727">
     <span class='ocr_line' id='line_1_38' title="bbox 218 3653 928 3727; baseline 0.011 -17"><span class='ocrx_word' id='word_1_295' title='bbox 218 3661 227 3692; x_wconf 77' lang='lat'><em>⁰</em></span> <span class='ocrx_word' id='word_1_296' title='bbox 244 3656 321 3724; x_wconf 72' lang='lat' dir='ltr'>llutos</span> <span class='ocrx_word' id='word_1_297' title='bbox 331 3656 427 3710; x_wconf 75' lang='lat' dir='ltr'>rrtlaull</span> <span class='ocrx_word' id='word_1_298' title='bbox 439 3655 634 3712; x_wconf 68' lang='lat' dir='ltr'>tentatationum</span> <span class='ocrx_word' id='word_1_299' title='bbox 646 3653 703 3714; x_wconf 72' lang='lat' dir='ltr'>virle</span> <span class='ocrx_word' id='word_1_300' title='bbox 716 3655 778 3714; x_wconf 78' lang='lat' dir='ltr'>loiri</span> <span class='ocrx_word' id='word_1_301' title='bbox 794 3659 858 3727; x_wconf 68' lang='lat' dir='ltr'>(lli.</span> <span class='ocrx_word' id='word_1_302' title='bbox 869 3665 928 3724; x_wconf 75' lang='lat' dir='ltr'>clod</span> 
     </span>
    </p>
   </div>
   <div class='ocr_carea' id='block_1_6' title="bbox 0 0 1303 3994">
    <p class='ocr_par' dir='ltr' id='par_1_8' title="bbox 0 0 1303 3994">
     <span class='ocr_line' id='line_1_39' title="bbox 0 0 1303 3994; baseline 0 0"><span class='ocrx_word' id='word_1_303' title='bbox 0 0 1303 3994; x_wconf 95' lang='lat' dir='ltr'> </span> 
     </span>
    </p>
   </div>
  </div>
 </body>
</html>
