2506 3984
189 235 249 298 599
405 245 543 294 urnam
563 235 665 292 1111111
684 243 767 292 murs
788 244 941 293 1111111111.

12 407 13 428 ,
187 354 261 414 satio
284 351 406 414 obtenta
429 367 485 432 pro
504 347 704 430 adipiscendia
728 345 894 426 majoribus
914 345 1096 423 ordinibus,
1112 345 1173 408 imb

12 487 13 504 .
88 505 94 516 ,
187 439 340 502 beneficiis
363 439 455 501 etiem
478 438 608 513 curatis,
628 454 691 498 non
709 433 797 496 sitin
821 436 965 514 prasenti
989 453 1067 498 casu
1091 434 1172 497 suffi-

186 530 281 600 ciens;
293 528 346 591 sed
359 527 530 608 requiritur,
544 526 629 604 juxta
641 524 841 592 leurenium,
858 521 1049 604 dispensatio
1058 542 1118 606 pro
1131 544 1173 586 as

188 616 350 699 sequendis
367 615 570 697 Dignitatibus
582 632 688 676 curam
701 613 873 674 animarum
886 610 1086 675 habentibus.
1099 612 1172 674 Vide

188 703 296 782 Bouix,
311 705 357 768 De
369 704 506 780 Judr'oir's,
522 723 553 786 p.
570 707 639 766 390.

226 801 259 856 1·
273 797 339 857 Non
354 793 482 856 omnino
494 799 612 854 constat
630 789 741 872 requiri
762 788 845 870 qudd
859 789 998 852 vicarius
1021 790 1172 870 generalis

186 887 225 946 eit
238 886 349 946 Ductor
363 883 396 944 in
409 882 510 962 aliqud
519 879 669 942 facultate.
684 877 761 939 Vide
776 879 890 954 Bouix,
906 877 961 954 r·t.;
978 879 1128 954 Ferraria,
1142 890 1172 938 v·

196 971 331 1034 Vieorr'aa
351 969 515 1052 generalis,
538 974 594 1030 art.
616 973 656 1044 t,
677 970 712 1028 n⁰
727 970 756 1042 1;
771 965 991 1048 Aaoleetojar.
1005 967 1169 1050 pontific-ii,

187 1065 240 1123 21ε
255 1061 334 1138 lium,
349 1059 397 1122 eol
410 1061 481 1121 865.

11 1169 13 1240 ζ
229 1153 317 1211 1138.
334 1151 367 1210 5·
377 1149 412 1210 ln
426 1145 576 1228 explendo
584 1146 656 1208 verb
670 1163 726 1206 suo
739 1143 878 1220 munere,
890 1145 1064 1216 «vicarius,
1073 1145 1171 1226 inquit

105 1303 108 1308 Δ
137 1243 144 1270 -·
188 1259 203 1296 r
228 1237 386 1300 Monacelli
409 1235 503 1318 (apud
517 1237 553 1296 D.
571 1234 685 1308 Bouix,
711 1231 805 1310 ibid,
829 1252 860 1314 p.
884 1231 1078 1310 399)11111111
1106 1251 1172 1296 esre

188 1350 203 1385 1
228 1325 337 1404 fidelis,
346 1325 459 1387 scilicet
472 1325 503 1384 in
518 1322 724 1404 exsequendo,
735 1322 768 1382 in
777 1321 947 1396 referendo,
958 1321 990 1382 in
1000 1329 1122 1384 secreto
1132 1331 1172 1385 te

188 1439 204 1475 s
228 1415 341 1491 nendo,
365 1415 397 1476 in
410 1413 536 1476 consilio
549 1411 662 1489 dando,
677 1411 708 1472 in
719 1411 788 1490 iure
801 1409 915 1474 tuendo
933 1410 1010 1472 etin
1024 1409 1172 1473 adminis

188 1527 203 1564 1
228 1503 335 1566 trando
346 1503 504 1584 justitiam,
519 1499 688 1583 probus...‚
703 1499 778 1561 alias
791 1499 822 1560 in
842 1499 991 1580 gubernio
1007 1498 1085 1560 nibil
1105 1519 1162 1580 pru

188 1617 204 1652 1
230 1592 310 1656 ficiet
331 1592 383 1654 sed
398 1593 497 1673 potius
520 1590 635 1652 clemm
649 1595 680 1650 et
693 1587 812 1670 piebem
831 1587 964 1660 inficiet,
989 1585 1086 1650 debet
1105 1607 1172 1651 esse

188 1705 204 1742 r
229 1682 354 1744 scientie
368 1687 397 1741 et
410 1678 593 1761 experientia
610 1675 758 1753 idoneus,
778 1676 850 1758 quia
863 1677 1022 1758 imperitus
1035 1693 1103 1738 uon
1116 1695 1172 1759 po

190 1793 204 1828 1
229 1777 285 1830 test
298 1787 362 1832 osse
373 1767 466 1846 juder
480 1765 708 1838 ecclesiasticus,
724 1771 759 1827 ut
770 1764 843 1827 dicit
855 1766 997 1828 Glossa.»

231 1861 318 1920 1139.
341 1857 463 1927 Ouaerit.
481 1859 510 1916 {⁰
524 1857 632 1917 Utrum
651 1853 797 1936 regularis
816 1854 910 1934 possit
933 1853 1003 1934 eligi
1027 1853 1061 1914 in
1083 1855 1172 1918 Vica-

192 1946 269 2006 rium
284 1944 486 2006 Generelem‘?

230 2037 319 2116 llesp.
335 2033 420 2095 Certe
444 2050 506 2094 uon
528 2049 615 2114 posse
636 2031 749 2110 absque
768 2030 890 2094 licentia
911 2031 956 2093 sui
977 2031 1171 2114 Superioris3

192 2141 261 2184 num
289 2121 456 2204 «probibet
479 2123 510 2184 S.
530 2119 672 2201 Synodus
695 2117 852 2199 (l'rident.)
870 2137 909 2182 ne
929 2119 999 2202 quis
1019 2121 1175 2202 regularis

190 2235 205 2270 r>
230 2212 294 2273 sine
308 2209 353 2273 sui
369 2209 538 2291 Superioris
550 2207 688 2281 licentia,
709 2207 940 2288 predicationis,
957 2208 1003 2272 vel
1018 2208 1172 2290 lectionis,

191 2323 205 2360 1
230 2307 280 2362 aut
303 2299 433 2377 cujusvis
454 2297 494 2380 pii
515 2296 616 2378 operis
638 2301 784 2377 pretextu
805 2295 942 2375 subjiciat
964 2314 996 2360 se
1019 2297 1174 2382 obsequio

191 2413 205 2448 1
231 2388 357 2466 alicujus
373 2385 489 2448 Praelati
503 2392 588 2446 ete...
601 2386 664 2446 Nec
684 2383 753 2444 licet
775 2384 964 2465 regularibus
982 2385 1000 2448 1
1019 2389 1087 2452 suis
1100 2407 1175 2453 oon

190 2499 205 2534 r
230 2476 369 2538 rentibus
391 2474 542 2546 recedere,
557 2473 650 2535 etiam
671 2479 817 2552 pretextu
839 2473 878 2536 ad
901 2473 1085 2556 Superiores
1098 2497 1173 2542 suos

190 2589 204 2624 u
230 2562 404 2636 accedendi,
417 2563 474 2624 nisi
484 2562 522 2624 ab
530 2561 645 2623 eisdem
655 2560 737 2622 missi
748 2568 801 2622 aut
809 2561 904 2624 vocati
916 2561 1171 2644 luerintrtsess.

190 2657 239 2725 25,
255 2671 322 2733 cap.
337 2655 368 2729 1,
383 2651 418 2713 de
432 2651 577 2732 repellor.)

232 2745 319 2803 1110.
342 2740 555 2822 Requiriturne
576 2740 700 2821 insuper
717 2739 839 2802 licentia
858 2741 890 2802 S.
907 2739 1014 2803 sedis?
1030 2743 1175 2808 —Hanc

192 2829 301 2911 requiri
313 2847 367 2910 pro
376 2829 466 2890 certis
475 2829 622 2908 religiosis
632 2827 885 2899 mendicantibus,
895 2829 1059 2892 convenire
1068 2831 1176 2895 viden
1240 2847 1241 2854 ’

191 2923 240 2979 tur
253 2918 329 2988 bu..
345 2916 440 2978 innixi
455 2917 643 2978 Clementind
661 2917 777 2994 Exivi,
791 2914 988 2980 decermram
1001 2918 1173 3002 significat.

191 3005 365 3086 Disputatur
374 3005 444 3066 verb
457 3023 496 3067 an
511 3005 690 3086 generaliter
703 3005 875 3087 requiratur
887 3003 1062 3085 hujusmodi
1078 3007 1177 3072 licen-

191 3094 243 3168 tia,
253 3112 308 3174 pro
321 3093 468 3174 eligendis
481 3093 652 3156 inVicarios
666 3095 827 3157 Genereles
840 3094 1030 3176 regularibus
1044 3096 1176 3178 quibus

191 3199 338 3262 cumque;
354 3184 390 3242 1).
408 3183 503 3244 Bouix
516 3181 581 3258 lib,
594 3201 624 3264 p.
637 3183 710 3264 393)
723 3181 902 3245 sententiam
921 3191 1086 3264 negantem
1103 3203 1177 3250 am-

191 3271 341 3354 plectitur,
365 3271 403 3333 ed
425 3270 507 3351 quod
530 3271 752 3334 Declarationes
775 3273 857 3334 Sacr.
874 3273 1173 3354 congregationum,

191 3377 260 3438 que
273 3358 439 3438 allegantur
453 3359 484 3418 iu
499 3357 629 3419 levorem
644 3360 799 3422 sententiae
821 3357 1007 3436 affirmantis,
1032 3379 1095 3424 non
1111 3365 1176 3428 sint

193 3445 359 3524 generales,
379 3445 431 3506 sed
453 3445 615 3524 respiciant
638 3447 829 3508 solummodo
849 3465 936 3510 casus
959 3449 1176 3530 particulares.

193 3531 336 3593 Analecta
355 3534 426 3594 verb
437 3532 507 3612 jur.
522 3533 634 3613 pontif.
651 3534 722 3611 (ib,
738 3535 796 3596 col.
820 3540 890 3612 867,
911 3535 988 3618 etc.)
1001 3536 1111 3600 dicunt
1138 3541 1179 3604 li·

112 3635 119 3644 ·’
194 3618 323 3680 centiam
337 3623 368 3681 S.
381 3619 467 3680 Sedis
481 3635 599 3698 semper
612 3638 677 3681 esse
692 3623 903 3700 necessariam,
918 3624 956 3685 ed
969 3624 1053 3704 qudd
1067 3627 1179 3690 11111111
