<?xml version="1.0" encoding="UTF-8"?>
<!DOCTYPE html PUBLIC "-//W3C//DTD XHTML 1.0 Transitional//EN"
    "http://www.w3.org/TR/xhtml1/DTD/xhtml1-transitional.dtd">
<html xmlns="http://www.w3.org/1999/xhtml" xml:lang="en" lang="en">
 <head>
  <title>
</title>
<meta http-equiv="Content-Type" content="text/html;charset=utf-8" />
  <meta name='ocr-system' content='tesseract 3.04.00' />
  <meta name='ocr-capabilities' content='ocr_page ocr_carea ocr_par ocr_line ocrx_word'/>
</head>
<body>
  <div class='ocr_page' id='page_1' title='image "./manualetotiusju03craigoog_0416.png"; bbox 0 0 2570 4006; ppageno 0'>
   <div class='ocr_carea' id='block_1_1' title="bbox 486 225 1088 289">
    <p class='ocr_par' dir='ltr' id='par_1_1' title="bbox 486 225 1088 289">
     <span class='ocr_line' id='line_1_1' title="bbox 486 225 1088 289; baseline 0.002 -1"><span class='ocrx_word' id='word_1_1' title='bbox 486 241 573 288; x_wconf 82' lang='lat' dir='ltr'><strong>amun</strong></span> <span class='ocrx_word' id='word_1_2' title='bbox 594 240 712 286; x_wconf 81' lang='lat' dir='ltr'><strong>narnus.</strong></span> <span class='ocrx_word' id='word_1_3' title='bbox 1028 225 1088 289; x_wconf 84' lang='grc'><strong>393</strong></span> 
     </span>
    </p>
   </div>
   <div class='ocr_carea' id='block_1_2' title="bbox 34 336 1119 3624">
    <p class='ocr_par' dir='ltr' id='par_1_2' title="bbox 34 336 1119 1221">
     <span class='ocr_line' id='line_1_2' title="bbox 152 336 1090 421; baseline 0.005 -22"><span class='ocrx_word' id='word_1_4' title='bbox 152 337 220 400; x_wconf 72' lang='lat'><strong>737.</strong></span> <span class='ocrx_word' id='word_1_5' title='bbox 239 359 254 396; x_wconf 87' lang='lat' dir='ltr'><strong>n</strong></span> <span class='ocrx_word' id='word_1_6' title='bbox 274 337 389 418; x_wconf 78' lang='lat' dir='ltr'><strong>Reputo</strong></span> <span class='ocrx_word' id='word_1_7' title='bbox 402 336 461 401; x_wconf 90' lang='lat' dir='ltr'><strong>IV.</strong></span> <span class='ocrx_word' id='word_1_8' title='bbox 478 340 555 402; x_wconf 87' lang='lat' dir='ltr'><strong>Chm</strong></span> <span class='ocrx_word' id='word_1_9' title='bbox 568 340 774 421; x_wconf 87' lang='lat' dir='ltr'><strong>experimento</strong></span> <span class='ocrx_word' id='word_1_10' title='bbox 788 337 982 403; x_wconf 79' lang='lat' dir='ltr'><strong>manifestum</strong></span> <span class='ocrx_word' id='word_1_11' title='bbox 996 340 1049 419; x_wconf 90' lang='lat' dir='ltr'><strong>sit,</strong></span> <span class='ocrx_word' id='word_1_12' title='bbox 1065 341 1090 404; x_wconf 87' lang='lat' dir='ltr'><strong>si</strong></span> 
     </span>
     <span class='ocr_line' id='line_1_3' title="bbox 110 425 1090 511; baseline 0.006 -25"><span class='ocrx_word' id='word_1_13' title='bbox 110 449 128 486; x_wconf 82' lang='lat' dir='ltr'><strong>u</strong></span> <span class='ocrx_word' id='word_1_14' title='bbox 153 445 237 489; x_wconf 86' lang='lat' dir='ltr'><strong>sacra</strong></span> <span class='ocrx_word' id='word_1_15' title='bbox 252 425 347 489; x_wconf 87' lang='lat' dir='ltr'><strong>Biblia</strong></span> <span class='ocrx_word' id='word_1_16' title='bbox 364 427 479 508; x_wconf 74' lang='lat' dir='ltr'><strong>vulgari</strong></span> <span class='ocrx_word' id='word_1_17' title='bbox 497 429 600 510; x_wconf 82' lang='lat' dir='ltr'><strong>lingat</strong></span> <span class='ocrx_word' id='word_1_18' title='bbox 617 428 729 511; x_wconf 87' lang='lat' dir='ltr'><strong>passim</strong></span> <span class='ocrx_word' id='word_1_19' title='bbox 753 429 819 492; x_wconf 76' lang='lat' dir='ltr'><strong>sine</strong></span> <span class='ocrx_word' id='word_1_20' title='bbox 837 427 1010 492; x_wconf 79' lang='lat' dir='ltr'><strong>discrimine</strong></span> <span class='ocrx_word' id='word_1_21' title='bbox 1025 449 1090 511; x_wconf 88' lang='lat' dir='ltr'><strong>per·</strong></span> 
     </span>
     <span class='ocr_line' id='line_1_4' title="bbox 109 515 1090 598; baseline 0.006 -24"><span class='ocrx_word' id='word_1_22' title='bbox 109 537 126 574; x_wconf 83' lang='lat' dir='ltr'><strong>a</strong></span> <span class='ocrx_word' id='word_1_23' title='bbox 153 515 326 592; x_wconf 76' lang='lat' dir='ltr'><strong>mittantur,</strong></span> <span class='ocrx_word' id='word_1_24' title='bbox 342 516 409 598; x_wconf 92' lang='lat' dir='ltr'><strong>plus</strong></span> <span class='ocrx_word' id='word_1_25' title='bbox 423 517 509 588; x_wconf 78' lang='lat' dir='ltr'><strong>inde,</strong></span> <span class='ocrx_word' id='word_1_26' title='bbox 526 517 566 580; x_wconf 91' lang='lat' dir='ltr'><strong>oh</strong></span> <span class='ocrx_word' id='word_1_27' title='bbox 580 517 739 580; x_wconf 85' lang='lat' dir='ltr'><strong>hominurn</strong></span> <span class='ocrx_word' id='word_1_28' title='bbox 753 518 974 594; x_wconf 80' lang='lat' dir='ltr'><strong>temeritatem,</strong></span> <span class='ocrx_word' id='word_1_29' title='bbox 996 518 1090 580; x_wconf 90' lang='lat' dir='ltr'><strong>detri-</strong></span> 
     </span>
     <span class='ocr_line' id='line_1_5' title="bbox 109 603 1090 688; baseline 0.003 -24"><span class='ocrx_word' id='word_1_30' title='bbox 109 625 127 664; x_wconf 77' lang='grc'>»</span> <span class='ocrx_word' id='word_1_31' title='bbox 153 603 247 666; x_wconf 91' lang='lat' dir='ltr'><strong>menti</strong></span> <span class='ocrx_word' id='word_1_32' title='bbox 267 606 360 686; x_wconf 76' lang='lat' dir='ltr'><strong>quarn</strong></span> <span class='ocrx_word' id='word_1_33' title='bbox 374 605 510 669; x_wconf 80' lang='lat' dir='ltr'><strong>utilitatis</strong></span> <span class='ocrx_word' id='word_1_34' title='bbox 522 607 594 668; x_wconf 89' lang='lat' dir='ltr'><strong>oriri</strong></span> <span class='ocrx_word' id='word_1_35' title='bbox 611 625 619 667; x_wconf 81' lang='lat' dir='ltr'><strong>t</strong></span> <span class='ocrx_word' id='word_1_36' title='bbox 634 605 692 669; x_wconf 80' lang='lat' dir='ltr'><strong>nac</strong></span> <span class='ocrx_word' id='word_1_37' title='bbox 709 606 741 668; x_wconf 95' lang='lat' dir='ltr'><strong>in</strong></span> <span class='ocrx_word' id='word_1_38' title='bbox 755 613 855 688; x_wconf 89' lang='lat' dir='ltr'><strong>parte,</strong></span> <span class='ocrx_word' id='word_1_39' title='bbox 868 605 984 686; x_wconf 88' lang='lat' dir='ltr'><strong>judicio</strong></span> <span class='ocrx_word' id='word_1_40' title='bbox 1002 607 1090 688; x_wconf 84' lang='lat' dir='ltr'><strong>Epis-</strong></span> 
     </span>
     <span class='ocr_line' id='line_1_6' title="bbox 34 691 1089 776; baseline 0.005 -25"><span class='ocrx_word' id='word_1_41' title='bbox 34 771 36 776; x_wconf 22' lang='lat'><strong>,</strong></span> <span class='ocrx_word' id='word_1_42' title='bbox 110 715 127 750; x_wconf 75' lang='lat' dir='ltr'><strong>u</strong></span> <span class='ocrx_word' id='word_1_43' title='bbox 152 691 222 774; x_wconf 91' lang='lat' dir='ltr'><strong>copi</strong></span> <span class='ocrx_word' id='word_1_44' title='bbox 247 699 300 756; x_wconf 88' lang='lat' dir='ltr'><strong>aut</strong></span> <span class='ocrx_word' id='word_1_45' title='bbox 321 694 511 776; x_wconf 83' lang='lat' dir='ltr'><strong>inquisitoris</strong></span> <span class='ocrx_word' id='word_1_46' title='bbox 535 701 647 772; x_wconf 88' lang='lat' dir='ltr'><strong>stetur,</strong></span> <span class='ocrx_word' id='word_1_47' title='bbox 670 700 705 757; x_wconf 93' lang='lat' dir='ltr'><strong>ut</strong></span> <span class='ocrx_word' id='word_1_48' title='bbox 725 713 796 758; x_wconf 91' lang='lat' dir='ltr'><strong>curn</strong></span> <span class='ocrx_word' id='word_1_49' title='bbox 818 693 945 758; x_wconf 84' lang='lat' dir='ltr'><strong>consilio</strong></span> <span class='ocrx_word' id='word_1_50' title='bbox 967 695 1089 776; x_wconf 80' lang='lat' dir='ltr'><strong>parochi</strong></span> 
     </span>
     <span class='ocr_line' id='line_1_7' title="bbox 112 780 1089 860; baseline 0.006 -20"><span class='ocrx_word' id='word_1_51' title='bbox 112 805 129 840; x_wconf 79' lang='lat' dir='ltr'><strong>a</strong></span> <span class='ocrx_word' id='word_1_52' title='bbox 154 781 201 844; x_wconf 88' lang='lat' dir='ltr'><strong>vel</strong></span> <span class='ocrx_word' id='word_1_53' title='bbox 215 780 401 860; x_wconf 79' lang='lat' dir='ltr'><strong>confessarii,</strong></span> <span class='ocrx_word' id='word_1_54' title='bbox 418 782 586 847; x_wconf 88' lang='lat' dir='ltr'><strong>Bibliorum</strong></span> <span class='ocrx_word' id='word_1_55' title='bbox 600 785 618 845; x_wconf 78' lang='lat' dir='ltr'><strong>a</strong></span> <span class='ocrx_word' id='word_1_56' title='bbox 631 783 788 847; x_wconf 81' lang='lat' dir='ltr'><strong>catholicis</strong></span> <span class='ocrx_word' id='word_1_57' title='bbox 800 783 975 846; x_wconf 81' lang='lat' dir='ltr'><strong>auctoribus</strong></span> <span class='ocrx_word' id='word_1_58' title='bbox 987 801 1089 846; x_wconf 87' lang='lat' dir='ltr'><strong>verso·</strong></span> 
     </span>
     <span class='ocr_line' id='line_1_8' title="bbox 112 871 1088 954; baseline 0.007 -27"><span class='ocrx_word' id='word_1_59' title='bbox 112 893 128 927; x_wconf 78' lang='lat' dir='ltr'><strong>a</strong></span> <span class='ocrx_word' id='word_1_60' title='bbox 153 887 244 948; x_wconf 92' lang='lat' dir='ltr'><strong>rum,</strong></span> <span class='ocrx_word' id='word_1_61' title='bbox 259 871 420 934; x_wconf 90' lang='lat' dir='ltr'><strong>lectionem</strong></span> <span class='ocrx_word' id='word_1_62' title='bbox 439 871 555 954; x_wconf 80' lang='lat' dir='ltr'><strong>vulgari</strong></span> <span class='ocrx_word' id='word_1_63' title='bbox 578 873 682 954; x_wconf 78' lang='lat' dir='ltr'><strong>lingua</strong></span> <span class='ocrx_word' id='word_1_64' title='bbox 702 872 746 936; x_wconf 90' lang='lat' dir='ltr'><strong>eis</strong></span> <span class='ocrx_word' id='word_1_65' title='bbox 765 871 932 936; x_wconf 85' lang='lat' dir='ltr'><strong>concedere</strong></span> <span class='ocrx_word' id='word_1_66' title='bbox 953 873 1088 954; x_wconf 88' lang='lat' dir='ltr'><strong>possint,</strong></span> 
     </span>
     <span class='ocr_line' id='line_1_9' title="bbox 111 958 1090 1042; baseline 0.006 -24"><span class='ocrx_word' id='word_1_67' title='bbox 111 981 128 1018; x_wconf 82' lang='lat' dir='ltr'><strong>a</strong></span> <span class='ocrx_word' id='word_1_68' title='bbox 153 978 231 1042; x_wconf 89' lang='lat' dir='ltr'><strong>quos</strong></span> <span class='ocrx_word' id='word_1_69' title='bbox 245 958 446 1024; x_wconf 81' lang='lat' dir='ltr'><strong>intellexerint</strong></span> <span class='ocrx_word' id='word_1_70' title='bbox 461 979 500 1024; x_wconf 85' lang='lat' dir='ltr'><strong>ea</strong></span> <span class='ocrx_word' id='word_1_71' title='bbox 516 959 689 1042; x_wconf 89' lang='lat' dir='ltr'><strong>hujusmodi</strong></span> <span class='ocrx_word' id='word_1_72' title='bbox 703 962 849 1036; x_wconf 91' lang='lat' dir='ltr'><strong>lectione,</strong></span> <span class='ocrx_word' id='word_1_73' title='bbox 866 980 929 1025; x_wconf 96' lang='lat' dir='ltr'><strong>non</strong></span> <span class='ocrx_word' id='word_1_74' title='bbox 942 961 1090 1026; x_wconf 89' lang='lat' dir='ltr'><strong>damnum</strong></span> 
     </span>
     <span class='ocr_line' id='line_1_10' title="bbox 112 1048 1119 1134; baseline 0.006 -28"><span class='ocrx_word' id='word_1_75' title='bbox 112 1070 129 1106; x_wconf 84' lang='lat' dir='ltr'><strong>n</strong></span> <span class='ocrx_word' id='word_1_76' title='bbox 154 1048 208 1110; x_wconf 92' lang='lat' dir='ltr'><strong>sed</strong></span> <span class='ocrx_word' id='word_1_77' title='bbox 222 1048 291 1112; x_wconf 83' lang='lat' dir='ltr'><strong>fidei</strong></span> <span class='ocrx_word' id='word_1_78' title='bbox 304 1055 394 1131; x_wconf 91' lang='lat' dir='ltr'><strong>atque</strong></span> <span class='ocrx_word' id='word_1_79' title='bbox 409 1051 525 1132; x_wconf 89' lang='lat' dir='ltr'><strong>pietatis</strong></span> <span class='ocrx_word' id='word_1_80' title='bbox 539 1057 737 1132; x_wconf 79' lang='lat' dir='ltr'><strong>augmentum</strong></span> <span class='ocrx_word' id='word_1_81' title='bbox 750 1069 859 1134; x_wconf 87' lang='lat' dir='ltr'><strong>capere</strong></span> <span class='ocrx_word' id='word_1_82' title='bbox 872 1069 981 1133; x_wconf 85' lang='lat' dir='ltr'><strong>posse,</strong></span> <span class='ocrx_word' id='word_1_83' title='bbox 995 1067 1090 1134; x_wconf 84' lang='lat' dir='ltr'><strong>quam</strong></span> <span class='ocrx_word' id='word_1_84' title='bbox 1115 1051 1119 1057; x_wconf 84' lang='grc'><em>“</em></span> 
     </span>
     <span class='ocr_line' id='line_1_11' title="bbox 113 1135 650 1221; baseline 0.009 -25"><span class='ocrx_word' id='word_1_85' title='bbox 113 1159 129 1196; x_wconf 76' lang='lat' dir='ltr'><strong>a</strong></span> <span class='ocrx_word' id='word_1_86' title='bbox 153 1135 324 1200; x_wconf 79' lang='lat' dir='ltr'><strong>facultatem</strong></span> <span class='ocrx_word' id='word_1_87' title='bbox 339 1137 498 1221; x_wconf 89' lang='lat' dir='ltr'><strong>inscriptis</strong></span> <span class='ocrx_word' id='word_1_88' title='bbox 510 1139 650 1202; x_wconf 84' lang='lat' dir='ltr'><strong>habeant.</strong></span> 
     </span>
    </p>

    <p class='ocr_par' dir='ltr' id='par_1_3' title="bbox 113 1226 1086 1489">
     <span class='ocr_line' id='line_1_12' title="bbox 153 1226 1086 1310; baseline 0.004 -24"><span class='ocrx_word' id='word_1_89' title='bbox 153 1247 169 1286; x_wconf 80' lang='lat' dir='ltr'><strong>r</strong></span> <span class='ocrx_word' id='word_1_90' title='bbox 194 1226 251 1300; x_wconf 85' lang='lat' dir='ltr'><strong>Qui</strong></span> <span class='ocrx_word' id='word_1_91' title='bbox 271 1227 384 1309; x_wconf 88' lang='lat' dir='ltr'><strong>absque</strong></span> <span class='ocrx_word' id='word_1_92' title='bbox 406 1227 457 1289; x_wconf 87' lang='lat' dir='ltr'><strong>tali</strong></span> <span class='ocrx_word' id='word_1_93' title='bbox 477 1227 618 1291; x_wconf 78' lang='lat' dir='ltr'><strong>facultate</strong></span> <span class='ocrx_word' id='word_1_94' title='bbox 636 1247 672 1291; x_wconf 90' lang='lat' dir='ltr'><strong>ea</strong></span> <span class='ocrx_word' id='word_1_95' title='bbox 694 1229 794 1310; x_wconf 80' lang='lat' dir='ltr'><strong>legere</strong></span> <span class='ocrx_word' id='word_1_96' title='bbox 812 1248 866 1291; x_wconf 89' lang='lat' dir='ltr'><strong>seu</strong></span> <span class='ocrx_word' id='word_1_97' title='bbox 885 1228 997 1291; x_wconf 87' lang='lat' dir='ltr'><strong>habere</strong></span> <span class='ocrx_word' id='word_1_98' title='bbox 1015 1247 1086 1310; x_wconf 87' lang='lat' dir='ltr'><strong>prae·</strong></span> 
     </span>
     <span class='ocr_line' id='line_1_13' title="bbox 113 1315 1084 1399; baseline 0.004 -24"><span class='ocrx_word' id='word_1_99' title='bbox 113 1336 129 1375; x_wconf 81' lang='lat' dir='ltr'><strong>r</strong></span> <span class='ocrx_word' id='word_1_100' title='bbox 153 1316 327 1398; x_wconf 86' lang='lat' dir='ltr'><strong>sumpserit,</strong></span> <span class='ocrx_word' id='word_1_101' title='bbox 339 1315 397 1378; x_wconf 91' lang='lat' dir='ltr'><strong>nisi</strong></span> <span class='ocrx_word' id='word_1_102' title='bbox 410 1316 496 1398; x_wconf 83' lang='lat' dir='ltr'><strong>pribs</strong></span> <span class='ocrx_word' id='word_1_103' title='bbox 509 1317 614 1380; x_wconf 77' lang='lat' dir='ltr'><strong>bibliis</strong></span> <span class='ocrx_word' id='word_1_104' title='bbox 627 1316 785 1382; x_wconf 79' lang='lat' dir='ltr'><strong>ordinario</strong></span> <span class='ocrx_word' id='word_1_105' title='bbox 798 1317 939 1396; x_wconf 87' lang='lat' dir='ltr'><strong>redditis,</strong></span> <span class='ocrx_word' id='word_1_106' title='bbox 950 1323 1084 1399; x_wconf 88' lang='lat' dir='ltr'><strong>peccata·</strong></span> 
     </span>
     <span class='ocr_line' id='line_1_14' title="bbox 113 1404 851 1489; baseline 0.003 -27"><span class='ocrx_word' id='word_1_107' title='bbox 113 1426 129 1462; x_wconf 78' lang='lat' dir='ltr'><strong>a</strong></span> <span class='ocrx_word' id='word_1_108' title='bbox 153 1421 224 1467; x_wconf 91' lang='lat' dir='ltr'><strong>rum</strong></span> <span class='ocrx_word' id='word_1_109' title='bbox 237 1404 457 1468; x_wconf 90' lang='lat' dir='ltr'><strong>absolutionem</strong></span> <span class='ocrx_word' id='word_1_110' title='bbox 471 1407 627 1488; x_wconf 87' lang='lat' dir='ltr'><strong>percipere</strong></span> <span class='ocrx_word' id='word_1_111' title='bbox 638 1425 701 1469; x_wconf 94' lang='lat' dir='ltr'><strong>non</strong></span> <span class='ocrx_word' id='word_1_112' title='bbox 714 1407 819 1489; x_wconf 90' lang='lat' dir='ltr'><strong>possit.</strong></span> <span class='ocrx_word' id='word_1_113' title='bbox 836 1429 851 1465; x_wconf 82' lang='lat' dir='ltr'><strong>a</strong></span> 
     </span>
    </p>

    <p class='ocr_par' dir='ltr' id='par_1_4' title="bbox 111 1492 1092 3624">
     <span class='ocr_line' id='line_1_15' title="bbox 154 1492 1089 1577; baseline -0.003 -21"><span class='ocrx_word' id='word_1_114' title='bbox 154 1495 255 1556; x_wconf 84' lang='lat' dir='ltr'><strong>Sixtus</strong></span> <span class='ocrx_word' id='word_1_115' title='bbox 278 1495 315 1572; x_wconf 89' lang='lat' dir='ltr'><strong>V,</strong></span> <span class='ocrx_word' id='word_1_116' title='bbox 341 1495 437 1577; x_wconf 91' lang='lat' dir='ltr'><strong>inquit</strong></span> <span class='ocrx_word' id='word_1_117' title='bbox 456 1497 613 1572; x_wconf 83' lang='lat' dir='ltr'><strong>Zaccarra,</strong></span> <span class='ocrx_word' id='word_1_118' title='bbox 638 1495 899 1564; x_wconf 86' lang='lat' dir='ltr'><strong>animadvertens,</strong></span> <span class='ocrx_word' id='word_1_119' title='bbox 925 1492 1089 1576; x_wconf 77' lang='lat' dir='ltr'><strong>quidinde</strong></span> 
     </span>
     <span class='ocr_line' id='line_1_16' title="bbox 113 1582 1091 1666; baseline -0.002 -21"><span class='ocrx_word' id='word_1_120' title='bbox 113 1583 302 1646; x_wconf 73' lang='lat' dir='ltr'><strong>cauteriatur</strong></span> <span class='ocrx_word' id='word_1_121' title='bbox 325 1583 535 1666; x_wconf 74' lang='lat' dir='ltr'><strong>prejudicium</strong></span> <span class='ocrx_word' id='word_1_122' title='bbox 551 1585 738 1659; x_wconf 83' lang='lat' dir='ltr'><strong>animarum,</strong></span> <span class='ocrx_word' id='word_1_123' title='bbox 758 1584 842 1646; x_wconf 79' lang='lat' dir='ltr'><strong>hasce</strong></span> <span class='ocrx_word' id='word_1_124' title='bbox 866 1582 1021 1665; x_wconf 79' lang='lat' dir='ltr'><strong>facultates</strong></span> <span class='ocrx_word' id='word_1_125' title='bbox 1034 1601 1091 1664; x_wconf 85' lang='lat' dir='ltr'><strong>per</strong></span> 
     </span>
     <span class='ocr_line' id='line_1_17' title="bbox 112 1670 1091 1752; baseline -0.003 -18"><span class='ocrx_word' id='word_1_126' title='bbox 112 1671 148 1734; x_wconf 84' lang='lat' dir='ltr'><strong>S.</strong></span> <span class='ocrx_word' id='word_1_127' title='bbox 158 1671 327 1752; x_wconf 78' lang='lat' dir='ltr'><strong>Officium...</strong></span> <span class='ocrx_word' id='word_1_128' title='bbox 336 1670 550 1737; x_wconf 82' lang='lat' dir='ltr'><strong>sibr‘reacmari</strong></span> <span class='ocrx_word' id='word_1_129' title='bbox 562 1673 868 1738; x_wconf 68' lang='lat' dir='ltr'><strong>manhatuctemeus</strong></span> <span class='ocrx_word' id='word_1_130' title='bbox 878 1673 945 1735; x_wconf 72' lang='lat' dir='ltr'><strong>vero*</strong></span> <span class='ocrx_word' id='word_1_131' title='bbox 954 1671 1041 1748; x_wconf 90' lang='lat' dir='ltr'><em>VIII,</em></span> <span class='ocrx_word' id='word_1_132' title='bbox 1055 1690 1091 1731; x_wconf 84' lang='lat' dir='ltr'><strong>ae</strong></span> 
     </span>
     <span class='ocr_line' id='line_1_18' title="bbox 115 1758 1091 1845; baseline -0.002 -23"><span class='ocrx_word' id='word_1_133' title='bbox 115 1761 258 1843; x_wconf 79' lang='lat' dir='ltr'><strong>Episcopi</strong></span> <span class='ocrx_word' id='word_1_134' title='bbox 264 1770 294 1823; x_wconf 88' lang='lat' dir='ltr'><strong>et</strong></span> <span class='ocrx_word' id='word_1_135' title='bbox 307 1761 512 1844; x_wconf 81' lang='lat' dir='ltr'><strong>Inquisitoree,</strong></span> <span class='ocrx_word' id='word_1_136' title='bbox 523 1783 561 1825; x_wconf 83' lang='lat' dir='ltr'><strong>ec</strong></span> <span class='ocrx_word' id='word_1_137' title='bbox 574 1761 748 1845; x_wconf 85' lang='lat' dir='ltr'><strong>rcimpreasd</strong></span> <span class='ocrx_word' id='word_1_138' title='bbox 756 1763 789 1824; x_wconf 87' lang='lat' dir='ltr'><strong>ia</strong></span> <span class='ocrx_word' id='word_1_139' title='bbox 803 1763 866 1845; x_wconf 84' lang='lat' dir='ltr'><strong>ejus</strong></span> <span class='ocrx_word' id='word_1_140' title='bbox 879 1759 975 1823; x_wconf 83' lang='lat' dir='ltr'><strong>iudice</strong></span> <span class='ocrx_word' id='word_1_141' title='bbox 988 1758 1091 1842; x_wconf 82' lang='lat' dir='ltr'><strong>repuld</strong></span> 
     </span>
     <span class='ocr_line' id='line_1_19' title="bbox 112 1849 1090 1934; baseline -0.002 -22"><span class='ocrx_word' id='word_1_142' title='bbox 112 1851 220 1932; x_wconf 75' lang='lat' dir='ltr'><strong>quereri</strong></span> <span class='ocrx_word' id='word_1_143' title='bbox 234 1850 405 1932; x_wconf 80' lang='lat' dir='ltr'><strong>colliqercat</strong></span> <span class='ocrx_word' id='word_1_144' title='bbox 417 1853 588 1915; x_wconf 85' lang='lat' dir='ltr'><strong>restitutam</strong></span> <span class='ocrx_word' id='word_1_145' title='bbox 599 1853 659 1915; x_wconf 83' lang='lat' dir='ltr'><strong>cibi</strong></span> <span class='ocrx_word' id='word_1_146' title='bbox 672 1851 770 1914; x_wconf 88' lang='lat' dir='ltr'><strong>cadem</strong></span> <span class='ocrx_word' id='word_1_147' title='bbox 790 1849 980 1934; x_wconf 84' lang='lat' dir='ltr'><strong>impertiendi</strong></span> <span class='ocrx_word' id='word_1_148' title='bbox 995 1857 1090 1930; x_wconf 87' lang='lat' dir='ltr'><strong>potes-</strong></span> 
     </span>
     <span class='ocr_line' id='line_1_20' title="bbox 114 1938 1091 2024; baseline -0.003 -23"><span class='ocrx_word' id='word_1_149' title='bbox 114 1947 222 2015; x_wconf 83' lang='lat' dir='ltr'><strong>tatem,</strong></span> <span class='ocrx_word' id='word_1_150' title='bbox 238 1941 271 2001; x_wconf 88' lang='lat' dir='ltr'><strong>ia</strong></span> <span class='ocrx_word' id='word_1_151' title='bbox 284 1941 480 2004; x_wconf 78' lang='lat' dir='ltr'><strong>obseruatione</strong></span> <span class='ocrx_word' id='word_1_152' title='bbox 492 1941 534 2003; x_wconf 89' lang='lat' dir='ltr'><strong>ad</strong></span> <span class='ocrx_word' id='word_1_153' title='bbox 550 1941 682 2024; x_wconf 78' lang='lat' dir='ltr'><strong>rapulam</strong></span> <span class='ocrx_word' id='word_1_154' title='bbox 696 1941 716 2004; x_wconf 95' lang='lat' dir='ltr'><em>I</em></span> <span class='ocrx_word' id='word_1_155' title='bbox 722 1941 747 1998; x_wconf 96' lang='lat' dir='ltr'><em>V</em></span> <span class='ocrx_word' id='word_1_156' title='bbox 762 1940 859 2004; x_wconf 82' lang='lat' dir='ltr'><strong>Indici</strong></span> <span class='ocrx_word' id='word_1_157' title='bbox 876 1960 926 2002; x_wconf 83' lang='lat' dir='ltr'><strong>sato</strong></span> <span class='ocrx_word' id='word_1_158' title='bbox 934 1938 1091 2022; x_wconf 75' lang='lat' dir='ltr'><strong>premissi</strong></span> 
     </span>
     <span class='ocr_line' id='line_1_21' title="bbox 112 2027 1091 2114; baseline -0.002 -24"><span class='ocrx_word' id='word_1_159' title='bbox 112 2029 236 2091; x_wconf 85' lang='lat' dir='ltr'><strong>monitos</strong></span> <span class='ocrx_word' id='word_1_160' title='bbox 255 2049 312 2092; x_wconf 87' lang='lat' dir='ltr'><strong>esse</strong></span> <span class='ocrx_word' id='word_1_161' title='bbox 331 2031 427 2094; x_wconf 78' lang='lat' dir='ltr'><strong>uuiaet</strong></span> <span class='ocrx_word' id='word_1_162' title='bbox 437 2079 446 2108; x_wconf 94' lang='lat'><strong>,</strong></span> <span class='ocrx_word' id='word_1_163' title='bbox 464 2031 541 2114; x_wconf 72' lang='lat' dir='ltr'><strong>quaid</strong></span> <span class='ocrx_word' id='word_1_164' title='bbox 559 2031 621 2094; x_wconf 82' lang='lat' dir='ltr'><strong>lroec</strong></span> <span class='ocrx_word' id='word_1_165' title='bbox 640 2031 800 2094; x_wconf 72' lang='lat' dir='ltr'><strong>reservatio</strong></span> <span class='ocrx_word' id='word_1_166' title='bbox 817 2029 906 2092; x_wconf 77' lang='lat' dir='ltr'><strong>stati</strong></span> <span class='ocrx_word' id='word_1_167' title='bbox 936 2027 970 2104; x_wconf 88' lang='lat' dir='ltr'><strong>V,</strong></span> <span class='ocrx_word' id='word_1_168' title='bbox 990 2029 1022 2089; x_wconf 85' lang='lat' dir='ltr'><strong>iu</strong></span> <span class='ocrx_word' id='word_1_169' title='bbox 1041 2047 1091 2089; x_wconf 83' lang='lat' dir='ltr'><strong>suc</strong></span> 
     </span>
     <span class='ocr_line' id='line_1_22' title="bbox 111 2117 1089 2202; baseline 0 -24"><span class='ocrx_word' id='word_1_170' title='bbox 111 2126 298 2200; x_wconf 76' lang='lat' dir='ltr'><strong>permaneret</strong></span> <span class='ocrx_word' id='word_1_171' title='bbox 319 2119 428 2202; x_wconf 80' lang='lat' dir='ltr'><strong>alpurc.</strong></span> <span class='ocrx_word' id='word_1_172' title='bbox 453 2122 526 2192; x_wconf 85' lang='lat' dir='ltr'><strong>Quae</strong></span> <span class='ocrx_word' id='word_1_173' title='bbox 548 2119 707 2202; x_wconf 89' lang='lat' dir='ltr'><strong>disciplina</strong></span> <span class='ocrx_word' id='word_1_174' title='bbox 729 2117 824 2200; x_wconf 83' lang='lat' dir='ltr'><strong>viguit</strong></span> <span class='ocrx_word' id='word_1_175' title='bbox 850 2135 948 2200; x_wconf 91' lang='lat' dir='ltr'><strong>usque</strong></span> <span class='ocrx_word' id='word_1_176' title='bbox 973 2117 1012 2179; x_wconf 88' lang='lat' dir='ltr'><strong>ud</strong></span> <span class='ocrx_word' id='word_1_177' title='bbox 1033 2118 1089 2178; x_wconf 90' lang='lat' dir='ltr'><strong>Bc·</strong></span> 
     </span>
     <span class='ocr_line' id='line_1_23' title="bbox 115 2205 1088 2291; baseline -0.001 -24"><span class='ocrx_word' id='word_1_178' title='bbox 115 2205 188 2268; x_wconf 87' lang='lat' dir='ltr'><strong>ned.</strong></span> <span class='ocrx_word' id='word_1_179' title='bbox 212 2210 297 2286; x_wconf 87' lang='lat' dir='ltr'><strong>XIV,</strong></span> <span class='ocrx_word' id='word_1_180' title='bbox 317 2209 369 2290; x_wconf 91' lang='lat' dir='ltr'><strong>qui</strong></span> <span class='ocrx_word' id='word_1_181' title='bbox 385 2208 495 2271; x_wconf 89' lang='lat' dir='ltr'><strong>Indicis</strong></span> <span class='ocrx_word' id='word_1_182' title='bbox 514 2205 669 2271; x_wconf 89' lang='lat' dir='ltr'><strong>decretum</strong></span> <span class='ocrx_word' id='word_1_183' title='bbox 688 2207 879 2291; x_wconf 89' lang='lat' dir='ltr'><strong>approbans,</strong></span> <span class='ocrx_word' id='word_1_184' title='bbox 900 2208 943 2268; x_wconf 90' lang='lat' dir='ltr'><strong>sic</strong></span> <span class='ocrx_word' id='word_1_185' title='bbox 964 2207 1088 2268; x_wconf 90' lang='lat' dir='ltr'><strong>statuit:</strong></span> 
     </span>
     <span class='ocr_line' id='line_1_24' title="bbox 119 2293 1091 2378; baseline 0.002 -24"><span class='ocrx_word' id='word_1_186' title='bbox 119 2316 135 2353; x_wconf 86' lang='lat' dir='ltr'><strong>a</strong></span> <span class='ocrx_word' id='word_1_187' title='bbox 156 2295 187 2357; x_wconf 89' lang='lat' dir='ltr'><strong>Si</strong></span> <span class='ocrx_word' id='word_1_188' title='bbox 200 2295 373 2376; x_wconf 90' lang='lat' dir='ltr'><strong>hujusmodi</strong></span> <span class='ocrx_word' id='word_1_189' title='bbox 388 2297 554 2361; x_wconf 74' lang='lat' dir='ltr'><strong>bibliorum</strong></span> <span class='ocrx_word' id='word_1_190' title='bbox 570 2298 722 2360; x_wconf 89' lang='lat' dir='ltr'><strong>versiones</strong></span> <span class='ocrx_word' id='word_1_191' title='bbox 734 2297 851 2378; x_wconf 82' lang='lat' dir='ltr'><strong>vulgari</strong></span> <span class='ocrx_word' id='word_1_192' title='bbox 865 2295 968 2376; x_wconf 76' lang='lat' dir='ltr'><strong>lingua</strong></span> <span class='ocrx_word' id='word_1_193' title='bbox 981 2293 1091 2358; x_wconf 84' lang='lat' dir='ltr'><strong>fuerint</strong></span> 
     </span>
     <span class='ocr_line' id='line_1_25' title="bbox 115 2382 1089 2472; baseline 0 -28"><span class='ocrx_word' id='word_1_194' title='bbox 115 2405 131 2443; x_wconf 86' lang='lat' dir='ltr'><strong>n</strong></span> <span class='ocrx_word' id='word_1_195' title='bbox 154 2384 193 2446; x_wconf 89' lang='lat' dir='ltr'><strong>ab</strong></span> <span class='ocrx_word' id='word_1_196' title='bbox 212 2385 381 2466; x_wconf 78' lang='lat' dir='ltr'><strong>Apostolict</strong></span> <span class='ocrx_word' id='word_1_197' title='bbox 402 2386 479 2450; x_wconf 89' lang='lat' dir='ltr'><strong>Sede</strong></span> <span class='ocrx_word' id='word_1_198' title='bbox 500 2386 672 2472; x_wconf 74' lang='lat' dir='ltr'><strong>approbata</strong></span> <span class='ocrx_word' id='word_1_199' title='bbox 692 2392 745 2449; x_wconf 89' lang='lat' dir='ltr'><strong>aut</strong></span> <span class='ocrx_word' id='word_1_200' title='bbox 764 2385 852 2449; x_wconf 87' lang='lat' dir='ltr'><strong>editae</strong></span> <span class='ocrx_word' id='word_1_201' title='bbox 873 2402 945 2448; x_wconf 88' lang='lat' dir='ltr'><strong>eum</strong></span> <span class='ocrx_word' id='word_1_202' title='bbox 965 2382 1089 2446; x_wconf 88' lang='lat' dir='ltr'><strong>adnota-</strong></span> 
     </span>
     <span class='ocr_line' id='line_1_26' title="bbox 115 2472 1091 2558; baseline 0.001 -25"><span class='ocrx_word' id='word_1_203' title='bbox 115 2493 131 2532; x_wconf 86' lang='lat' dir='ltr'><strong>n</strong></span> <span class='ocrx_word' id='word_1_204' title='bbox 154 2472 288 2537; x_wconf 81' lang='lat' dir='ltr'><strong>tionibus</strong></span> <span class='ocrx_word' id='word_1_205' title='bbox 310 2474 477 2558; x_wconf 88' lang='lat' dir='ltr'><strong>desumptis</strong></span> <span class='ocrx_word' id='word_1_206' title='bbox 499 2494 538 2538; x_wconf 84' lang='lat' dir='ltr'><strong>ex</strong></span> <span class='ocrx_word' id='word_1_207' title='bbox 558 2477 612 2539; x_wconf 88' lang='lat' dir='ltr'><strong>SS.</strong></span> <span class='ocrx_word' id='word_1_208' title='bbox 636 2475 778 2538; x_wconf 74' lang='lat' dir='ltr'><strong>Ecclesia</strong></span> <span class='ocrx_word' id='word_1_209' title='bbox 800 2473 959 2550; x_wconf 86' lang='lat' dir='ltr'><strong>Patribus,</strong></span> <span class='ocrx_word' id='word_1_210' title='bbox 985 2472 1031 2534; x_wconf 90' lang='lat' dir='ltr'><strong>vel</strong></span> <span class='ocrx_word' id='word_1_211' title='bbox 1054 2489 1091 2534; x_wconf 88' lang='lat' dir='ltr'><strong>ex</strong></span> 
     </span>
     <span class='ocr_line' id='line_1_27' title="bbox 115 2561 1090 2648; baseline 0.001 -27"><span class='ocrx_word' id='word_1_212' title='bbox 115 2583 131 2621; x_wconf 84' lang='lat' dir='ltr'><strong>r</strong></span> <span class='ocrx_word' id='word_1_213' title='bbox 155 2561 251 2625; x_wconf 88' lang='lat' dir='ltr'><strong>doctis</strong></span> <span class='ocrx_word' id='word_1_214' title='bbox 268 2564 483 2648; x_wconf 87' lang='lat' dir='ltr'><strong>catholicisque</strong></span> <span class='ocrx_word' id='word_1_215' title='bbox 505 2565 594 2642; x_wconf 87' lang='lat' dir='ltr'><strong>viris,</strong></span> <span class='ocrx_word' id='word_1_216' title='bbox 608 2563 827 2628; x_wconf 90' lang='lat' dir='ltr'><strong>conceduntur.</strong></span> <span class='ocrx_word' id='word_1_217' title='bbox 852 2585 868 2623; x_wconf 80' lang='lat' dir='ltr'><strong>a</strong></span> <span class='ocrx_word' id='word_1_218' title='bbox 892 2561 1006 2624; x_wconf 89' lang='lat' dir='ltr'><strong>Eadem</strong></span> <span class='ocrx_word' id='word_1_219' title='bbox 1025 2561 1090 2623; x_wconf 89' lang='lat' dir='ltr'><strong>dis-</strong></span> 
     </span>
     <span class='ocr_line' id='line_1_28' title="bbox 115 2650 1092 2736; baseline 0.002 -25"><span class='ocrx_word' id='word_1_220' title='bbox 115 2650 224 2732; x_wconf 77' lang='lat' dir='ltr'><strong>positio</strong></span> <span class='ocrx_word' id='word_1_221' title='bbox 238 2653 386 2716; x_wconf 92' lang='lat' dir='ltr'><strong>invenitur</strong></span> <span class='ocrx_word' id='word_1_222' title='bbox 401 2653 432 2715; x_wconf 93' lang='lat' dir='ltr'><strong>in</strong></span> <span class='ocrx_word' id='word_1_223' title='bbox 447 2654 550 2717; x_wconf 90' lang='lat' dir='ltr'><strong>litteris</strong></span> <span class='ocrx_word' id='word_1_224' title='bbox 563 2655 732 2736; x_wconf 84' lang='lat' dir='ltr'><strong>Encyclicis</strong></span> <span class='ocrx_word' id='word_1_225' title='bbox 746 2657 870 2734; x_wconf 79' lang='lat' dir='ltr'><strong>Gregor.</strong></span> <span class='ocrx_word' id='word_1_226' title='bbox 886 2653 971 2727; x_wconf 83' lang='lat' dir='ltr'><strong>XVI,</strong></span> <span class='ocrx_word' id='word_1_227' title='bbox 986 2655 1092 2713; x_wconf 89' lang='lat' dir='ltr'><strong>contra</strong></span> 
     </span>
     <span class='ocr_line' id='line_1_29' title="bbox 115 2738 1092 2823; baseline 0.002 -23"><span class='ocrx_word' id='word_1_228' title='bbox 115 2739 245 2802; x_wconf 87' lang='lat' dir='ltr'><strong>Biblicas</strong></span> <span class='ocrx_word' id='word_1_229' title='bbox 261 2740 497 2820; x_wconf 74' lang='lat' dir='ltr'><strong>associationes,</strong></span> <span class='ocrx_word' id='word_1_230' title='bbox 517 2749 548 2806; x_wconf 92' lang='lat' dir='ltr'><strong>et</strong></span> <span class='ocrx_word' id='word_1_231' title='bbox 561 2743 593 2805; x_wconf 94' lang='lat' dir='ltr'><strong>in</strong></span> <span class='ocrx_word' id='word_1_232' title='bbox 606 2744 721 2805; x_wconf 88' lang='lat' dir='ltr'><strong>Monito</strong></span> <span class='ocrx_word' id='word_1_233' title='bbox 736 2743 884 2823; x_wconf 81' lang='lat' dir='ltr'><strong>Congreg.</strong></span> <span class='ocrx_word' id='word_1_234' title='bbox 899 2738 1010 2802; x_wconf 89' lang='lat' dir='ltr'><strong>Indicis</strong></span> <span class='ocrx_word' id='word_1_235' title='bbox 1024 2759 1092 2822; x_wconf 90' lang='lat' dir='ltr'><strong>pro·</strong></span> 
     </span>
     <span class='ocr_line' id='line_1_30' title="bbox 115 2829 1090 2914; baseline 0.005 -25"><span class='ocrx_word' id='word_1_236' title='bbox 115 2829 249 2908; x_wconf 79' lang='lat' dir='ltr'><strong>mulgato</strong></span> <span class='ocrx_word' id='word_1_237' title='bbox 262 2834 281 2890; x_wconf 81' lang='lat' dir='ltr'><strong>&#39;l</strong></span> <span class='ocrx_word' id='word_1_238' title='bbox 294 2831 412 2909; x_wconf 86' lang='lat' dir='ltr'><strong>januar.</strong></span> <span class='ocrx_word' id='word_1_239' title='bbox 436 2835 523 2905; x_wconf 81' lang='grc'><strong>1836,</strong></span> <span class='ocrx_word' id='word_1_240' title='bbox 543 2833 576 2894; x_wconf 90' lang='lat' dir='ltr'><strong>in</strong></span> <span class='ocrx_word' id='word_1_241' title='bbox 597 2851 659 2914; x_wconf 93' lang='lat' dir='ltr'><strong>quo</strong></span> <span class='ocrx_word' id='word_1_242' title='bbox 679 2831 788 2892; x_wconf 91' lang='lat' dir='ltr'><strong>dicitur</strong></span> <span class='ocrx_word' id='word_1_243' title='bbox 805 2851 814 2891; x_wconf 77' lang='grc' dir='ltr'><strong><em>ι</em></strong></span> <span class='ocrx_word' id='word_1_244' title='bbox 833 2851 849 2890; x_wconf 83' lang='lat' dir='ltr'><strong>a</strong></span> <span class='ocrx_word' id='word_1_245' title='bbox 870 2829 1090 2894; x_wconf 76' lang='lat' dir='ltr'><strong>vernaculasa</strong></span> 
     </span>
     <span class='ocr_line' id='line_1_31' title="bbox 115 2915 1091 3002; baseline 0.001 -22"><span class='ocrx_word' id='word_1_246' title='bbox 115 2939 131 2980; x_wconf 77' lang='lat' dir='ltr'><strong>r</strong></span> <span class='ocrx_word' id='word_1_247' title='bbox 155 2915 322 2981; x_wconf 88' lang='lat' dir='ltr'><strong>Bibliorum</strong></span> <span class='ocrx_word' id='word_1_248' title='bbox 341 2921 495 2984; x_wconf 86' lang='lat' dir='ltr'><strong>versiones</strong></span> <span class='ocrx_word' id='word_1_249' title='bbox 518 2939 579 2984; x_wconf 94' lang='lat' dir='ltr'><strong>non</strong></span> <span class='ocrx_word' id='word_1_250' title='bbox 603 2939 667 2982; x_wconf 87' lang='lat' dir='ltr'><strong>esse</strong></span> <span class='ocrx_word' id='word_1_251' title='bbox 688 2918 922 3002; x_wconf 87' lang='lat' dir='ltr'><strong>permittendas,</strong></span> <span class='ocrx_word' id='word_1_252' title='bbox 945 2918 1003 2980; x_wconf 90' lang='lat' dir='ltr'><strong>nisi</strong></span> <span class='ocrx_word' id='word_1_253' title='bbox 1023 2936 1091 3000; x_wconf 82' lang='lat' dir='ltr'><strong>quae</strong></span> 
     </span>
     <span class='ocr_line' id='line_1_32' title="bbox 116 3005 1090 3092; baseline 0 -22"><span class='ocrx_word' id='word_1_254' title='bbox 116 3027 131 3070; x_wconf 73' lang='lat' dir='ltr'><strong>a</strong></span> <span class='ocrx_word' id='word_1_255' title='bbox 156 3005 269 3068; x_wconf 82' lang='lat' dir='ltr'><strong>tuerint</strong></span> <span class='ocrx_word' id='word_1_256' title='bbox 285 3007 323 3069; x_wconf 84' lang='lat' dir='ltr'><strong>ah</strong></span> <span class='ocrx_word' id='word_1_257' title='bbox 339 3011 509 3090; x_wconf 78' lang='lat' dir='ltr'><strong>Apostolict</strong></span> <span class='ocrx_word' id='word_1_258' title='bbox 522 3010 600 3073; x_wconf 77' lang='lat' dir='ltr'><strong>Sede</strong></span> <span class='ocrx_word' id='word_1_259' title='bbox 620 3009 791 3092; x_wconf 89' lang='lat' dir='ltr'><strong>approbatae</strong></span> <span class='ocrx_word' id='word_1_260' title='bbox 811 3015 864 3071; x_wconf 91' lang='lat' dir='ltr'><strong>aut</strong></span> <span class='ocrx_word' id='word_1_261' title='bbox 881 3025 952 3070; x_wconf 90' lang='lat' dir='ltr'><strong>cum</strong></span> <span class='ocrx_word' id='word_1_262' title='bbox 965 3006 1090 3070; x_wconf 87' lang='lat' dir='ltr'><strong>adnota-</strong></span> 
     </span>
     <span class='ocr_line' id='line_1_33' title="bbox 115 3095 1091 3182; baseline 0.005 -27"><span class='ocrx_word' id='word_1_263' title='bbox 115 3115 132 3155; x_wconf 71' lang='grc' dir='ltr'><strong>υ</strong></span> <span class='ocrx_word' id='word_1_264' title='bbox 156 3095 289 3158; x_wconf 91' lang='lat' dir='ltr'><strong>tionibus</strong></span> <span class='ocrx_word' id='word_1_265' title='bbox 309 3096 442 3160; x_wconf 75' lang='lat' dir='ltr'><strong>editae.»</strong></span> <span class='ocrx_word' id='word_1_266' title='bbox 469 3101 514 3161; x_wconf 84' lang='lat' dir='ltr'><strong>Ex</strong></span> <span class='ocrx_word' id='word_1_267' title='bbox 531 3099 642 3182; x_wconf 90' lang='lat' dir='ltr'><strong>quibus</strong></span> <span class='ocrx_word' id='word_1_268' title='bbox 665 3115 727 3160; x_wconf 92' lang='lat' dir='ltr'><strong>non</strong></span> <span class='ocrx_word' id='word_1_269' title='bbox 747 3097 813 3160; x_wconf 78' lang='lat' dir='ltr'><strong>sine</strong></span> <span class='ocrx_word' id='word_1_270' title='bbox 833 3097 934 3179; x_wconf 90' lang='lat' dir='ltr'><strong>aliquo</strong></span> <span class='ocrx_word' id='word_1_271' title='bbox 956 3096 1091 3178; x_wconf 79' lang='lat' dir='ltr'><strong>legitimo</strong></span> 
     </span>
     <span class='ocr_line' id='line_1_34' title="bbox 117 3183 1091 3270; baseline 0.004 -25"><span class='ocrx_word' id='word_1_272' title='bbox 117 3183 332 3264; x_wconf 77' lang='lat' dir='ltr'><strong>fundamento,</strong></span> <span class='ocrx_word' id='word_1_273' title='bbox 352 3193 385 3249; x_wconf 90' lang='lat' dir='ltr'><strong>ut</strong></span> <span class='ocrx_word' id='word_1_274' title='bbox 404 3187 538 3265; x_wconf 90' lang='lat' dir='ltr'><strong>videtur,</strong></span> <span class='ocrx_word' id='word_1_275' title='bbox 554 3187 657 3270; x_wconf 88' lang='lat' dir='ltr'><strong>plures</strong></span> <span class='ocrx_word' id='word_1_276' title='bbox 677 3187 862 3250; x_wconf 91' lang='lat' dir='ltr'><strong>concludunt</strong></span> <span class='ocrx_word' id='word_1_277' title='bbox 879 3203 941 3248; x_wconf 94' lang='lat' dir='ltr'><strong>non</strong></span> <span class='ocrx_word' id='word_1_278' title='bbox 961 3186 1091 3268; x_wconf 84' lang='lat' dir='ltr'><strong>anrplilrs</strong></span> 
     </span>
     <span class='ocr_line' id='line_1_35' title="bbox 117 3273 1091 3357; baseline 0.006 -24"><span class='ocrx_word' id='word_1_279' title='bbox 117 3273 218 3334; x_wconf 90' lang='lat' dir='ltr'><strong>locum</strong></span> <span class='ocrx_word' id='word_1_280' title='bbox 233 3273 342 3338; x_wconf 91' lang='lat' dir='ltr'><strong>habere</strong></span> <span class='ocrx_word' id='word_1_281' title='bbox 355 3278 588 3339; x_wconf 88' lang='lat' dir='ltr'><strong>reservationem</strong></span> <span class='ocrx_word' id='word_1_282' title='bbox 602 3279 619 3338; x_wconf 79' lang='lat' dir='ltr'><strong>a</strong></span> <span class='ocrx_word' id='word_1_283' title='bbox 634 3277 749 3339; x_wconf 84' lang='lat' dir='ltr'><strong>Sixth</strong></span> <span class='ocrx_word' id='word_1_284' title='bbox 764 3281 921 3354; x_wconf 88' lang='lat' dir='ltr'><strong>statutam,</strong></span> <span class='ocrx_word' id='word_1_285' title='bbox 936 3275 989 3338; x_wconf 88' lang='lat' dir='ltr'><strong>sed</strong></span> <span class='ocrx_word' id='word_1_286' title='bbox 1003 3294 1091 3357; x_wconf 85' lang='lat' dir='ltr'><strong>possa</strong></span> 
     </span>
     <span class='ocr_line' id='line_1_36' title="bbox 117 3361 1090 3446; baseline 0.004 -24"><span class='ocrx_word' id='word_1_287' title='bbox 117 3361 206 3424; x_wconf 89' lang='lat' dir='ltr'><strong>hodie</strong></span> <span class='ocrx_word' id='word_1_288' title='bbox 223 3363 389 3446; x_wconf 88' lang='lat' dir='ltr'><strong>Episcopus</strong></span> <span class='ocrx_word' id='word_1_289' title='bbox 411 3365 474 3427; x_wconf 88' lang='lat' dir='ltr'><strong>suis</strong></span> <span class='ocrx_word' id='word_1_290' title='bbox 493 3365 635 3446; x_wconf 88' lang='lat' dir='ltr'><strong>subjectis</strong></span> <span class='ocrx_word' id='word_1_291' title='bbox 648 3366 740 3428; x_wconf 76' lang='lat' dir='ltr'><strong>libere</strong></span> <span class='ocrx_word' id='word_1_292' title='bbox 758 3363 925 3428; x_wconf 87' lang='lat' dir='ltr'><strong>concedere</strong></span> <span class='ocrx_word' id='word_1_293' title='bbox 939 3365 1090 3426; x_wconf 88' lang='lat' dir='ltr'><strong>licentiam</strong></span> 
     </span>
     <span class='ocr_line' id='line_1_37' title="bbox 117 3450 1089 3535; baseline 0.004 -24"><span class='ocrx_word' id='word_1_294' title='bbox 117 3450 235 3532; x_wconf 78' lang='lat' dir='ltr'><strong>legendi</strong></span> <span class='ocrx_word' id='word_1_295' title='bbox 253 3453 427 3516; x_wconf 88' lang='lat' dir='ltr'><strong>vernaculas</strong></span> <span class='ocrx_word' id='word_1_296' title='bbox 446 3454 612 3517; x_wconf 90' lang='lat' dir='ltr'><strong>Bibliorum</strong></span> <span class='ocrx_word' id='word_1_297' title='bbox 632 3456 815 3517; x_wconf 81' lang='lat' dir='ltr'><strong>versionesa</strong></span> <span class='ocrx_word' id='word_1_298' title='bbox 834 3456 865 3517; x_wconf 89' lang='lat' dir='ltr'><strong>S.</strong></span> <span class='ocrx_word' id='word_1_299' title='bbox 886 3453 963 3516; x_wconf 86' lang='lat' dir='ltr'><strong>Sede</strong></span> <span class='ocrx_word' id='word_1_300' title='bbox 981 3471 1089 3535; x_wconf 91' lang='lat' dir='ltr'><strong>appro-</strong></span> 
     </span>
     <span class='ocr_line' id='line_1_38' title="bbox 118 3537 1090 3624; baseline 0.004 -24"><span class='ocrx_word' id='word_1_301' title='bbox 118 3537 211 3618; x_wconf 88' lang='lat' dir='ltr'><strong>batas,</strong></span> <span class='ocrx_word' id='word_1_302' title='bbox 235 3548 287 3603; x_wconf 88' lang='lat' dir='ltr'><strong>aut</strong></span> <span class='ocrx_word' id='word_1_303' title='bbox 308 3561 377 3604; x_wconf 90' lang='lat' dir='ltr'><strong>cum</strong></span> <span class='ocrx_word' id='word_1_304' title='bbox 402 3561 492 3624; x_wconf 90' lang='lat' dir='ltr'><strong>supra</strong></span> <span class='ocrx_word' id='word_1_305' title='bbox 512 3545 598 3606; x_wconf 89' lang='lat' dir='ltr'><strong>dictis</strong></span> <span class='ocrx_word' id='word_1_306' title='bbox 620 3544 861 3606; x_wconf 87' lang='lat' dir='ltr'><strong>adnotationibus</strong></span> <span class='ocrx_word' id='word_1_307' title='bbox 875 3543 983 3618; x_wconf 87' lang='lat' dir='ltr'><strong>editas;</strong></span> <span class='ocrx_word' id='word_1_308' title='bbox 1005 3561 1090 3604; x_wconf 89' lang='lat' dir='ltr'><strong>secus</strong></span> 
     </span>
    </p>
   </div>
   <div class='ocr_carea' id='block_1_3' title="bbox 119 3631 1088 3725">
    <p class='ocr_par' dir='ltr' id='par_1_5' title="bbox 119 3631 1088 3725">
     <span class='ocr_line' id='line_1_39' title="bbox 119 3631 1088 3725; baseline 0.002 -35"><span class='ocrx_word' id='word_1_309' title='bbox 119 3633 219 3714; x_wconf 75' lang='lat' dir='ltr'><strong>tamen</strong></span> <span class='ocrx_word' id='word_1_310' title='bbox 247 3632 381 3693; x_wconf 91' lang='lat' dir='ltr'><strong>sentiunt</strong></span> <span class='ocrx_word' id='word_1_311' title='bbox 402 3632 545 3694; x_wconf 84' lang='lat' dir='ltr'><strong>Analecta</strong></span> <span class='ocrx_word' id='word_1_312' title='bbox 566 3633 632 3714; x_wconf 78' lang='lat' dir='ltr'><strong>jur.</strong></span> <span class='ocrx_word' id='word_1_313' title='bbox 646 3634 755 3716; x_wconf 72' lang='lat' dir='ltr'><strong>potatus.</strong></span> <span class='ocrx_word' id='word_1_314' title='bbox 776 3635 824 3710; x_wconf 60' lang='grc' dir='ltr'><strong>(ι’</strong></span> <span class='ocrx_word' id='word_1_315' title='bbox 843 3632 906 3708; x_wconf 89' lang='lat' dir='ltr'><strong>liv.,</strong></span> <span class='ocrx_word' id='word_1_316' title='bbox 925 3631 982 3692; x_wconf 89' lang='lat' dir='ltr'><strong>col.</strong></span> <span class='ocrx_word' id='word_1_317' title='bbox 999 3635 1088 3725; x_wconf 79' lang='lat' dir='ltr'><strong>vat),</strong></span> 
     </span>
    </p>
   </div>
   <div class='ocr_carea' id='block_1_4' title="bbox 0 0 1294 4006">
    <p class='ocr_par' dir='ltr' id='par_1_6' title="bbox 0 0 1294 4006">
     <span class='ocr_line' id='line_1_40' title="bbox 0 0 1294 4006; baseline 0 0"><span class='ocrx_word' id='word_1_318' title='bbox 0 0 1294 4006; x_wconf 95' lang='lat' dir='ltr'><strong> </strong></span> 
     </span>
    </p>
   </div>
  </div>
 </body>
</html>
