2546 3992
177 235 236 302 1160
391 260 529 306 urrunnu
548 258 650 306 rorros
667 255 750 304 soors
770 253 916 304 csuourcr.

210 380 225 415 n
251 359 332 420 Pour
345 356 373 418 le
391 375 442 419 cos
453 356 492 419 de
506 375 652 439 suspense
669 373 710 419 ou
727 353 879 416 d'interdit
891 352 934 416 du
950 351 1099 424 tituluire,
1114 351 1144 416 lc

171 467 186 504 n
209 447 391 528 rernplccant
404 464 422 507 a
435 445 530 522 droit,
545 445 621 508 dans
639 463 699 507 une
713 443 894 520 succursus,
909 443 928 504 lt
943 442 972 504 la
985 442 1088 504 moitis
1100 441 1143 505 du

171 557 186 598 u
209 536 396 613 truitemcnt;
418 535 494 598 dans
513 552 575 598 une
596 553 669 598 cure
687 534 724 596 de
742 539 774 596 2⁰
794 533 900 611 classe,
915 551 971 595 aux
986 531 1060 594 trois
1079 531 1141 594 cin·

172 647 187 690 s
210 626 364 707 qulcmes3
380 632 410 687 et
422 625 498 688 dans
511 643 572 689 une
585 642 658 688 cure
671 623 709 686 de
723 627 764 685 1¹⁰
774 622 879 700 classe,
894 641 952 686 eur
963 620 1042 684 deux
1056 621 1135 684 tiens

211 737 226 773 u
249 717 330 778 Pour
344 715 372 776 le
390 733 441 778 cos
452 715 612 778 d'ebsence
632 713 674 778 du
686 713 833 790 titulabo,
848 713 869 774 il
883 729 950 776 sero
968 711 1139 792 assignetur

173 826 188 865 o
212 805 398 886 remplnonnt
419 823 480 867 une
494 804 660 866 indenrnite
679 803 753 886 qui,
768 803 891 884 n’opont
909 819 963 884 pes
976 801 1023 894 ete
1041 799 1140 862 deter-

173 915 188 952 u
212 894 312 954 minee
334 912 388 976 par
409 893 437 955 le
454 893 573 973 de'cret,
596 893 660 955 doit
682 895 745 954 etre
767 891 894 954 arbitrde
914 909 969 972 por
985 889 1139 972 l'llreque.

173 1005 188 1040 n
212 984 292 1044 Dans
307 982 350 1044 les
362 982 436 1045 trois
453 1001 522 1060 ecs,
537 981 566 1045 le
584 981 769 1064 remplacnnt
779 981 858 1061 jouit
874 981 912 1044 de
927 981 955 1043 lo
973 981 1085 1044 totalite'
1098 981 1141 1044 du

173 1095 187 1131 u
211 1071 354 1134 cassel.»
371 1073 414 1134 ltu
427 1071 562 1150 Dieulin‚
579 1069 673 1136 Guide
685 1071 734 1132 des
748 1069 853 1148 Cures,
869 1089 901 1153 p.
915 1075 987 1148 485,
1003 1075 1033 1135 3⁶
1047 1071 1118 1134 edit.

213 1163 301 1224 1061.
326 1161 450 1234 Ouaerit.
467 1166 511 1224 dn
521 1161 615 1244 possit
623 1162 789 1243 Episcopus
798 1177 853 1242 pro
863 1163 999 1241 congrus
1011 1160 1141 1223 Viourio·

173 1267 241 1312 rurn
261 1249 414 1331 assignare
427 1249 608 1326 oblationes,
624 1269 693 1332 quae
706 1268 742 1312 ex
764 1258 1021 1314 sacramentorum
1043 1249 1140 1313 adrui·

147 1375 151 1382 ·
173 1338 347 1403 nistrotione
360 1339 406 1404 vel
420 1359 457 1404 ex
470 1340 627 1404 funeribus
641 1339 845 1421 proveniunt?

213 1429 301 1511 Resp.
325 1433 398 1493 Jure
414 1431 569 1494 communi
583 1429 650 1491 illos
670 1429 837 1492 oblationes
856 1427 894 1490 ad
906 1428 1054 1509 parochos
1075 1447 1141 1510 per·

174 1515 278 1582 tinere.
301 1522 344 1582 Ita
366 1520 567 1604 communiter
590 1521 669 1594 Dll.;
686 1519 768 1580 nullo
790 1536 862 1599 ergo
884 1523 962 1580 essct
983 1517 1140 1581 difficultas

173 1605 252 1669 circa
265 1609 446 1672 solutionem
462 1609 616 1692 proesentis
629 1607 729 1684 dubii,
747 1613 779 1670 et
790 1623 860 1688 pars
873 1605 1045 1668 affirmativo
1058 1610 1140 1670 certb

173 1704 251 1758 esset
263 1699 481 1780 amplectende,
490 1700 514 1762 si
529 1706 645 1761 certum
659 1703 738 1780 esset
748 1695 885 1780 praefatns
898 1695 1063 1758 oblationes
1076 1696 1140 1760 lore

174 1787 389 1866 computandos
400 1789 479 1849 intur
491 1787 608 1868 fructus
618 1787 749 1870 beneficii
757 1783 939 1870 parochialis
947 1801 961 1860 ;
974 1784 1026 1848 sed
1036 1785 1139 1850 deboc

174 1876 423 1952 controvertitur;
446 1877 508 1938 irnd
531 1877 626 1939 rnultd
648 1875 831 1958 probabilius
852 1881 971 1937 tenetur
992 1875 1057 1938 illus
1078 1895 1139 1940 non

174 1961 283 2025 debere
297 1963 374 2026 inter
389 1964 484 2028 dictos
504 1965 618 2030 tructus
630 1965 839 2040 annumerari,
855 1971 886 2027 et
898 1963 928 2026 id
942 1963 1089 2046 colligitur
1103 1985 1139 2029 ex

175 2052 277 2115 multis
300 2053 391 2118 decis.
418 2056 691 2137 Congregctionunr
711 2057 914 2117 Rornanorum
940 2055 958 2116 b
984 2055 1021 2116 D.
1045 2056 1139 2118 Bouix

175 2141 272 2204 relatis
286 2144 340 2220 (De
359 2145 522 2228 Episcopo,
539 2153 612 2206 tom.
634 2149 672 2219 1,
693 2163 724 2226 p.
740 2147 821 2220 330).
839 2143 930 2206 Porrd
941 2144 992 2222 jus
1009 2143 1140 2208 tribucre

175 2249 236 2294 non
249 2233 364 2296 videtur
374 2235 529 2316 Episcopis
539 2233 707 2296 fucultatem
721 2251 887 2313 congruens
901 2233 1071 2314 assignandi
1083 2235 1140 2296 nisi

174 2337 210 2382 cx
224 2321 362 2384 beneficii
383 2323 560 2404 parochialis
582 2323 728 2385 fructibus
744 2341 752 2382 τ
768 2321 850 2384 unde
865 2322 971 2384 meritd
989 2321 1140 2386 dubibrtur

174 2429 212 2471 on
227 2409 284 2472 ittae
304 2411 469 2476 oblationes
489 2413 606 2475 valeant
626 2412 770 2494 assignari
790 2410 907 2474 vicariis
925 2430 980 2493 pro
994 2417 1138 2494 congrue.

174 2499 248 2561 Vide
261 2503 392 2563 rationes
405 2520 460 2584 pro
474 2509 633 2578 ciconus,
649 2520 698 2584 op.
715 2505 751 2563 b.
765 2500 860 2563 Bouix
872 2500 987 2584 (ictu),
997 2503 1048 2584 qui
1063 2503 1142 2566 solu·

174 2589 285 2650 tionem
299 2590 388 2674 huJus
400 2589 673 2655 dubiidoetioribus
684 2591 838 2674 relinquit.

214 2685 301 2742 lose.
324 2681 416 2743 Nobis
443 2688 545 2744 brnen
569 2681 687 2743 videtur
708 2682 790 2762 qudd
818 2679 967 2746 sententia
989 2680 1143 2747 offinnuns

174 2771 266 2852 possit
275 2773 338 2834 tutd
347 2769 384 2832 ed
394 2771 511 2854 proxim
525 2769 646 2833 reduci:
657 2788 728 2832 nuni
741 2771 833 2833 Conc.
845 2771 991 2849 trident,
1002 2787 1075 2836 sess.
1088 2777 1139 2851 st,

173 2879 239 2942 cup.
265 2863 301 2936 6,
326 2860 475 2942 Episcopo
497 2858 636 2922 concedit
660 2867 695 2923 ut
719 2859 813 2922 valeat
839 2859 1065 2940 «GondJ'utoros
1089 2869 1142 2926 out

174 2971 189 3010 s
214 2949 339 3011 vicarios
359 2967 413 3031 pro
440 2957 576 3031 tempore
602 2948 766 3031 deputare,
790 2955 967 3032 partemque
989 2950 1140 3014 fructuum

174 3061 188 3098 n
213 3037 318 3100 iisdem
333 3058 388 3121 pro
402 3037 560 3101 sufficienti
569 3038 647 3100 victu
658 3040 825 3120 assignare,
835 3038 880 3102 uel
892 3037 984 3102 olitcr
990 3039 1143 3120 procidere
1261 3071 1262 3074 ¹

172 3150 188 3188 s
208 3128 311 3211 possit.
327 3149 343 3187 n
360 3131 405 3191 Ex
423 3129 534 3209 quibus
553 3129 767 3210 posterioribus
784 3127 900 3206 verbis,
915 3127 1033 3191 videtur
1054 3146 1142 3211 posse

173 3217 273 3299 colligi
287 3217 369 3299 qubd
382 3219 549 3300 Episcopus
562 3217 657 3280 valcat
668 3219 757 3280 etiarn
772 3219 925 3294 assignare
938 3217 1143 3282 emolumenta

172 3328 241 3390 quse
258 3325 319 3369 non
339 3314 440 3370 essent
458 3323 494 3370 ex
519 3306 666 3369 fructibus
679 3307 834 3379 beneficii,
855 3325 892 3370 uc
904 3305 1031 3390 proinde
1051 3308 1143 3370 etiarn

173 3398 339 3460 oblationes
358 3413 450 3478 supro
468 3397 647 3458 enuntiatus.
669 3396 777 3458 Habito
795 3413 869 3476 ergo
889 3404 925 3459 ut
945 3395 1050 3458 sabens
1073 3398 1143 3460 vere

173 3486 319 3569 probabili
348 3485 494 3548 sententie
520 3483 688 3547 affirmante
703 3532 722 3562 ,,
747 3484 889 3547 standum
915 3486 972 3549 erit
996 3485 1142 3550 decisioni

173 3575 330 3726 Episcopi,
358 3573 384 3636 si
409 3573 580 3656 huiusmodi
605 3573 772 3638 oblationes
795 3575 927 3660 assignet
949 3574 1066 3636 Viccrio
1086 3591 1142 3660 pru

175 3681 289 3744 congru
311 3709 318 3726 .
