2586 3988
214 245 253 310 ld
432 260 569 311 utubtts
589 261 691 311 nortus
711 261 794 308 runrs
816 259 962 308 csuoumr.

214 377 324 442 negare
349 359 451 443 plures
475 365 613 423 auctores
637 377 758 440 mugnae
780 357 983 431 auctoritatis,
1009 355 1099 418 iuter⁴
1112 376 1192 439 quos

214 447 327 511 Bened.
345 451 412 510 xlv
426 447 510 526 (lust.
526 453 577 526 60,
590 457 624 509 n⁰
641 453 685 528 l);
703 445 823 508 Cardin.
835 449 928 522 Luca,
939 447 1040 508 lleroti
1054 447 1189 527 (Pr-alep.

214 537 308 616 §50),
319 537 425 610 Bouix.
444 535 489 612 lde
502 537 681 619 Principiis,
697 555 727 618 p.
744 537 830 614 372),
847 535 919 616 quia
936 535 1036 617 praxis
1051 535 1193 596 tribuna·

213 625 288 712 lipm
303 633 333 689 et
343 627 618 710 congregationum
628 641 840 700 romanarum,
851 625 935 686 ltotao
949 641 1060 704 nempe
1071 631 1101 685 et
1113 621 1192 685 tlon·

213 721 326 796 greget.
339 715 794 794 Concilii,satisdemonstratS.
811 712 988 774 Pontificem
1003 710 1192 774 nullomodo

213 804 394 881 consentire,
411 822 467 866 nec
480 805 582 882 urile,
598 821 655 866 neo
670 803 814 884 legaliter,
829 799 1100 863 consuctudinibus
1113 817 1187 862 con·

213 893 311 953 trariis
326 893 451 954 Concilii
464 891 601 955 trident.
617 891 755 954 decretis.

252 983 286 1042 In
304 981 389 1043 Bulld
408 981 491 1043 enim
509 981 733 1044 confirmatoria
754 979 880 1042 Consilii
894 978 1003 1042 dicitur
1023 999 1030 1039 :
1050 999 1066 1036 u
1083 979 1193 1041 Decer-

213 1091 228 1128 s
254 1075 360 1132 nentes
375 1069 572 1134 nihilominus
588 1070 706 1132 irritum
721 1075 750 1130 ct
764 1069 867 1144 inane,
882 1067 906 1130 si
921 1085 1008 1130 secus
1024 1067 1187 1149 superbis,

213 1179 228 1216 n
253 1159 270 1218 i
288 1177 463 1240 quoquam,
479 1159 583 1241 qutvis
597 1159 789 1235 auctoritate,
804 1157 934 1219 scienter
951 1156 997 1218 rel
1016 1156 1191 1238 ignoranter

215 1267 230 1304 u
253 1247 414 1328 contigerit
428 1248 577 1310 attentari.
597 1272 609 1306 r
801 1315 805 1326 .
1103 1313 1108 1318 .

253 1337 327 1397 ltcm
349 1335 379 1397 in
402 1335 489 1399 Bulld
507 1337 551 1399 Pii
570 1337 627 1415 tv,
651 1337 688 1399 ln
705 1336 866 1418 principiis
883 1335 1001 1396 :irrita
1021 1333 1191 1418 nulliusque

214 1423 324 1486 valoris
337 1425 639 1488 declaranturomnia
656 1426 783 1507 «vigore
797 1425 1192 1507 privilegiorumexemptio

217 1537 232 1570 n
255 1532 349 1589 num,
365 1522 435 1586 etc,
453 1523 481 1576 et
495 1515 621 1578 aliarum
640 1531 893 1596 quarumcunque
908 1513 1070 1594 gratiarum
1089 1512 1192 1590 huius·

218 1625 232 1658 a
254 1602 354 1679 modi,
377 1610 444 1684 post
460 1603 489 1664 id
510 1609 630 1685 tempus
657 1621 719 1684 quo
741 1603 905 1664 concilium
927 1601 1061 1682 obligare
1080 1602 1188 1682 coepit,

215 1689 331 1752 uincta
360 1698 390 1752 et
417 1698 499 1772 gesta
526 1691 754 1772 quomodolibet
781 1691 892 1754 tuerint
920 1697 950 1752 et
976 1690 1008 1750 in
1036 1697 1190 1771 posterum

215 1799 231 1837 o
259 1779 342 1840 fient.
365 1803 380 1838 a

258 1890 273 1926 u
293 1871 391 1950 Erga,
407 1871 448 1932 ait
462 1873 497 1932 D.
511 1870 605 1932 Bonis
622 1869 673 1947 (id.
691 1889 723 1950 p.
740 1871 825 1948 379),
841 1869 898 1932 hoc
913 1869 978 1949 ipso
992 1867 1075 1949 qudd
1091 1868 1191 1948 aliqua

215 1979 230 2016 u
255 1959 597 2022 consuctudocontmria
611 1958 648 2019 sit
661 1957 789 2020 decretis
798 1956 998 2033 Tridentinis,
1013 1957 1119 2018 saltem
1133 1956 1190 2018 du-

214 2068 230 2107 r
254 2045 339 2108 bium
349 2055 393 2108 est
405 2067 442 2109 an
453 2047 793 2109 habeatconsensumS.
808 2045 972 2118 l‘ontilrcis,
983 2044 1014 2106 in
1025 2063 1086 2126 quo
1096 2044 1191 2107 dubio

214 2155 230 2196 a
254 2135 386 2216 possidet
404 2135 450 2198 lex
472 2135 632 2197 Trident...
658 2136 776 2216 Ergo...
800 2133 1018 2196 recurrendum
1037 2141 1082 2196 est
1104 2134 1142 2196 ad
1157 2136 1188 2196 S.

217 2247 233 2282 >r
256 2223 364 2285 Sedem
378 2247 393 2283 u
413 2243 469 2306 pro
476 2224 667 2306 exemptione
678 2223 821 2305 legitimi.
835 2227 973 2284 Attamen
991 2222 1071 2284 idem
1088 2229 1192 2286 auctor·

215 2311 332 2374 videtur
355 2312 436 2375 aliud
461 2313 589 2376 suasisse
613 2313 645 2372 in
669 2331 723 2374 suo
744 2316 841 2375 Tract.
860 2311 908 2388 (du
933 2311 1020 2374 Cone.
1041 2313 1190 2394 provinc,
1281 2329 1282 2374 l

215 2419 246 2482 p.
258 2403 327 2477 505)
338 2448 345 2472 ,
358 2401 409 2463 ubl
420 2402 461 2463 ait
472 2401 611 2483 quaedam
624 2400 742 2462 decreta
751 2399 918 2482 disciplima
926 2399 1190 2464 Concilii'lrident.

215 2489 247 2550 in
270 2489 500 2552 desuetudinem
523 2489 660 2565 venisse,
685 2495 737 2551 aut
758 2490 848 2552 etiem
864 2507 1022 2571 nunquam
1043 2487 1135 2552 luisse
1150 2490 1188 2554 ed

215 2578 332 2658 praxim
347 2576 469 2640 reducta
484 2577 514 2638 in
530 2577 639 2654 Gallie,
657 2596 717 2639 non
737 2580 824 2640 secus
838 2596 873 2640 ac
888 2579 918 2638 in
934 2577 1000 2640 aliis
1012 2578 1192 2660 regionibus

216 2665 247 2726 in
266 2665 377 2746 quibus
390 2664 614 2748 promulgatum
633 2665 688 2728 luit
701 2666 874 2746 hujusmodi
894 2665 1063 2730 Comitium
1082 2688 1090 2728 ι
1107 2687 1190 2749 quar-

216 2769 287 2818 nam
302 2755 361 2816 sint
376 2755 425 2815 illa
438 2751 558 2816 decreta
568 2755 775 2836 nonexplicat.
794 2757 904 2818 ductor
914 2755 1053 2820 Proelcct.
1070 2753 1105 2817 S.
1118 2755 1190 2818 Sul-

213 2842 289 2924 pitr'i
311 2841 545 2924 probabiliorem
569 2861 690 2924 quoque
714 2842 803 2905 habet
825 2845 1004 2906 sententiam
1030 2863 1098 2924 quae
1121 2844 1191 2907 dicit

215 2931 303 3013 posse
317 2931 454 3011 abrogari
469 2930 687 2994 consuetudine
702 2931 968 3013 quaedamdecreta
986 2933 1110 2994 Consilii
1125 2935 1182 2996 Tri·

218 3020 288 3081 dent
302 3022 346 3096 (n⁰
362 3021 422 3098 tt).

258 3111 326 3170 145.
347 3109 489 3180 3⁰0uoad
501 3109 961 3189 abrogationemconsuetudinis
965 3111 1120 3193 perclinm
1129 3132 1190 3174 ccu-

216 3197 592 3272 suetudtnemronnurinm,
602 3207 845 3262 certumesteam
856 3199 920 3261 beri
936 3217 1034 3280 posse,
1045 3207 1075 3262 et
1089 3200 1120 3262 iu
1134 3201 1190 3264 hoc

219 3305 306 3363 casu,
321 3287 345 3348 si
360 3295 466 3367 agatur
479 3285 516 3348 de
531 3287 749 3351 consuetudine
760 3288 940 3370 prenterjus,
959 3286 1066 3350 suflicit
1080 3287 1191 3352 decen·

218 3376 301 3438 nium
312 3395 320 3452 ;
331 3377 403 3456 quia
414 3393 474 3436 non
490 3371 645 3437 videturS.
660 3377 796 3439 Pontifex
811 3377 1039 3460 plusrequuere
1048 3379 1191 3460 temporis

216 3462 1193 3549 addestruendambujusmodiconsuetudinem,quimiultrequi·

217 3554 307 3615 situm
321 3552 359 3614 ad
373 3551 454 3612 illam
470 3551 656 3613 statuendam
668 3573 675 3629 ;
687 3555 711 3615 si
722 3557 792 3616 vcrd
806 3563 911 3634 agatur
925 3554 962 3616 de
972 3555 1191 3618 consuetudine

216 3637 402 3718 triumplu,
430 3638 539 3699 iterum
564 3636 650 3701 multi
672 3642 735 3699 llll.
760 3639 944 3704 decennium
967 3639 1191 3724 requiramus
