2588 3994
509 227 594 274 usura
615 228 732 276 rutulus.
1054 217 1108 280 ttt

133 313 188 374 lica
203 313 373 394 dogmatos
383 316 515 380 Concilio
528 319 703 380 Tridentino
717 319 851 395 delinita,
861 339 934 382 sess.
948 324 998 396 23,
1010 329 1107 386 canl

132 409 162 464 et
175 406 195 465 8
211 422 219 463 τ
236 403 363 467 alterum
378 413 438 468 est:
457 427 472 464 a
485 407 516 469 Si
531 409 599 488 quis
612 407 738 484 dixerit,
754 427 806 469 eos
820 409 937 489 quince
950 409 988 471 ab
1002 413 1109 473 Eccle-

131 513 147 552 n
172 493 290 555 siastict
299 501 329 557 et
338 495 485 557 canonici
494 503 638 578 potestate
652 499 708 558 rite
718 496 859 567 ordinati,
873 516 928 560 nec
937 499 1107 578 missisunt,

131 603 146 640 u
173 582 227 644 sed
241 583 363 646 aliunde
378 585 522 664 veniunt,
537 586 687 668 legitimos
700 603 766 650 esse
780 585 879 664 verbi,
894 593 923 648 et
937 605 1108 652 sacramen·

131 693 146 730 s
170 678 274 736 torum
288 674 459 750 ministros,
472 675 630 738 anathema
645 677 692 738 sit.
708 698 724 736 n

177 783 194 820 a
214 764 337 844 ltaque,
356 763 456 845 inquit
473 765 577 828 Deroti
592 767 602 844 (
616 765 668 829 lib.
686 769 719 840 l,
735 766 781 829 tit.
798 771 825 838 2,
843 767 861 848 ξ
875 767 924 848 6),
939 773 972 830 ut
986 767 1110 850 Episco·

132 875 148 911 n
174 871 231 934 pus
241 857 271 914 et
278 851 395 917 ordinis
409 851 556 918 hahentet
565 854 782 936 jurisdictionis
796 863 984 939 potestatem,
996 865 1117 922 utram.

132 963 147 1000 s
173 961 235 1024 que
248 941 358 1005 habere
374 942 482 1020 debet,
498 943 612 1007 scilicet
623 951 653 1008 et
666 943 886 1007 ordinationem
903 951 932 1007 et
944 945 1109 1028 legitimam

133 1053 149 1090 u
174 1031 351 1094 missionem
371 1052 426 1115 per
446 1051 539 1116 quam
560 1034 588 1096 ei
609 1034 800 1116 assignentur
820 1034 953 1110 subditi,
978 1035 1009 1095 in
1034 1054 1110 1118 quos

134 1143 149 1178 n
175 1121 337 1202 imperium
352 1130 499 1186 exerceat.
515 1146 530 1182 a

176 1209 491 1275 Alterumautemcst:
511 1234 526 1270 u
541 1211 570 1274 Si
586 1211 782 1294 quisdixeriu
795 1212 960 1294 Episcopos
974 1212 1025 1294 qui
1040 1231 1109 1275 auc·

134 1324 150 1361 n
173 1301 292 1362 toritate
307 1303 433 1363 Romani
449 1300 603 1364 Pontificis
623 1309 839 1378 assumuntur,
862 1319 924 1364 non
948 1319 1014 1364 osse
1032 1301 1109 1384 legi-

133 1413 149 1448 »
173 1390 265 1453 timos
287 1395 317 1452 et
335 1409 419 1454 ueros
434 1389 618 1472 Episcopos,
643 1391 696 1452 sed
720 1390 899 1472 figmentum
917 1389 1106 1469 humanum,

134 1503 150 1540 n
174 1479 334 1542 anathema
343 1481 390 1542 sit.
402 1503 418 1540 n
430 1479 606 1544 Undeidem
614 1479 853 1558 Conciliumtib„
867 1499 933 1562 cap.
945 1482 974 1557 d)
990 1481 1107 1542 statuit:

139 1592 154 1629 u
173 1571 235 1631 llos
249 1570 302 1652 qui
315 1569 524 1634 tautummodo
538 1570 678 1651 'apoputc
693 1576 744 1632 aut
758 1569 891 1632 saeculari
907 1575 1061 1650 potestate,
1074 1589 1108 1631 ac

135 1681 150 1716 n
174 1660 349 1740 magistratu
359 1661 452 1722 uocati
463 1666 491 1722 et
502 1660 626 1722 instituti
640 1659 677 1722 ad
687 1659 960 1721 haececclesiastica
974 1657 1108 1720 ministe-

136 1770 150 1806 ι
174 1749 220 1808 ria
234 1747 401 1811 exercenda
417 1748 602 1817 ascendunt,
626 1755 656 1810 et
678 1748 729 1822 uui
748 1767 782 1810 ea
805 1748 926 1824 proprio
943 1747 1108 1809 temeritato

138 1844 154 1882 n
178 1822 234 1883 sibi
250 1832 386 1900 sumunt,
400 1843 506 1888 omues
517 1847 576 1889 non
590 1829 729 1892 Ecclesiae
742 1831 905 1906 ministros,
921 1832 972 1892 sed
988 1833 1070 1894 iures
1081 1840 1111 1896 et

137 1928 154 1970 ι
178 1908 310 1970 latrones
325 1929 378 1990 per
391 1911 501 1974 ostium
517 1933 576 1975 non
596 1915 745 1996 ingressos
763 1919 915 1980 habendos
925 1937 1000 1980 esse.
1017 1941 1032 1977 n

177 2001 248 2061 26⁹2.
272 2001 397 2070 Quaerit.
415 2003 444 2062 1ο
458 2004 566 2066 Utrum
582 2005 821 2069 Ecclesiaetribui
834 2007 925 2086 possit
937 2007 1107 2087 iurisdictio

138 2088 261 2166 proprie
274 2087 379 2150 dicta?
402 2087 434 2152 V.
446 2101 501 2152 art.
516 2097 554 2154 ot
569 2092 701 2172 Spllobi,
717 2095 746 2154 in
763 2095 821 2156 tum
838 2096 924 2158 tomi.

177 2175 334 2255 Negtrunt
347 2173 470 2256 quidem
481 2176 609 2238 etetiam
620 2195 703 2238 nunc
717 2183 828 2256 negant
837 2177 938 2258 plures
948 2179 1108 2262 jurisperiti

137 2263 313 2336 seculares,
330 2265 367 2326 ed
380 2263 462 2346 quod
477 2263 640 2341 iurisdictio
653 2265 772 2346 proprie
787 2265 865 2328 diota
880 2269 1046 2328 trecessario
1062 2270 1108 2330 in-

135 2351 238 2416 cludat
244 2352 300 2434 jus
313 2353 494 2416 coercitionis
509 2361 646 2426 externe,
659 2355 743 2434 juxta
758 2354 855 2436 legem
872 2354 896 2417 C
897 2355 929 2416 ui
936 2355 1108 2437 jurisdictio

134 2439 169 2506 ff.
184 2442 219 2504 de
232 2441 375 2506 iuridici.
392 2444 497 2522 Porro,
513 2444 665 2525 inquiunt,
680 2443 814 2506 Ecclesia
825 2443 883 2507 hoc
891 2443 945 2524 jus
958 2445 1108 2506 coercitio-

134 2533 182 2594 nis
192 2551 254 2595 non
262 2532 404 2614 possidet.
416 2533 475 2596 Sed
485 2531 699 2596 altirmandum
709 2535 788 2596 certe
796 2541 854 2610 est3
867 2552 937 2595 nam
944 2533 997 2595 etsi
1010 2535 1108 2597 liccle

134 2623 179 2686 sia
193 2641 257 2686 non
270 2620 378 2686 habeat
384 2623 439 2706 jus
452 2621 634 2685 coercitionis
646 2623 689 2685 sic
703 2623 886 2686 intellectum
903 2622 983 2704 quod
1002 2623 1107 2686 habeat

134 2717 313 2793 potestatem
339 2711 367 2775 ui
398 2711 643 2796 apprehendendi
668 2731 722 2796 per
753 2713 883 2794 seipsam
910 2731 1034 2795 corpora
1061 2715 1106 2776 vol

135 2799 236 2878 bona,
253 2819 315 2865 non
337 2801 404 2865 ideo
418 2809 520 2864 tamen
535 2801 577 2862 illi
591 2800 700 2864 desunt
717 2801 818 2864 media
831 2801 958 2882 cogendi
973 2802 1106 2865 subditos

137 2889 174 2954 ad
193 2889 465 2973 obtemperandum
482 2911 489 2953 ι
506 2891 572 2953 illos
588 2892 669 2952 euim
690 2899 787 2973 potest
806 2909 913 2972 cogere
931 2909 985 2973 per
1007 2893 1103 2973 priua-

138 2979 251 3042 tionem
263 2977 414 3044 bonorum
428 2980 643 3064 spiritualium,
659 2980 837 3062 denegando
857 2988 1042 3043 sacramenta
1055 2989 1106 3044 aut

136 3066 318 3152 sepulturam
333 3069 582 3148 ecclesiasticam,
607 3069 764 3157 spoliando
777 3069 932 3133 beneficiis
952 3077 980 3131 ct
1000 3069 1105 3134 officiis

135 3155 361 3240 ecclesiasticis,
386 3159 475 3222 variis
497 3159 633 3222 censuris
654 3158 812 3242 plectendo
839 3167 896 3221 etc.
925 3159 1012 3226 Unde
1034 3160 1105 3222 dicit

134 3339 199 3396 etc.;
212 3334 343 3402 Leqneux,
353 3335 433 3397 110533
445 3335 535 3389 iterum
543 3335 620 3387 Bouix
628 3376 634 3394 ,
642 3337 670 3388 de
679 3337 809 3402 Capitulis,
818 3351 842 3404 p.
853 3337 941 3398 tinet
949 3339 976 3388 de
984 3339 1101 3400 Peracto,

133 3423 159 3474 p.
171 3406 227 3468 ott,
238 3407 281 3460 uhi
293 3407 353 3458 dicit
364 3414 509 3474 potestatem
522 3408 665 3460 cottlerendi
679 3407 796 3458 beneficia
810 3407 834 3456 in
844 3407 970 3473 Episcopis
983 3423 1031 3458 rien
1046 3424 1103 3473 per-

134 3479 212 3530 tinere
221 3479 250 3530 ad
262 3479 469 3546 jurisdictionem.
483 3479 517 3529 lta
531 3479 603 3530 etiem
616 3479 714 3529 videtur
725 3479 926 3538 sentirellevoti,
940 3478 972 3527 lib
993 3479 1016 3538 l,
1029 3478 1065 3527 tit.
1078 3479 1101 3538 2,

135 3549 148 3618 fl
162 3552 184 3602 l.
198 3551 227 3602 lit
242 3551 321 3602 iuhoc
331 3566 405 3602 sensu
418 3552 449 3603 de
460 3551 609 3619 quibusdam
625 3551 721 3613 officiis,
734 3567 790 3616 ug.
804 3550 834 3601 dc
846 3547 999 3614 Theolcgali,
1014 3547 1103 3597 dicitur

135 3621 201 3689 quid
214 3637 264 3675 nou
276 3621 366 3675 habea
375 3621 582 3691 jurisdictionem.
