2574 3994
191 210 249 269 ote
412 224 550 270 neruine
571 225 672 270 nortus
691 219 773 270 runis
793 223 939 270 otnonrnr.

553 501 701 569 CAPUT
726 501 791 568 Ill.

248 665 288 714 llll
312 665 508 717 cessnrtoltn
531 669 571 718 ET
595 666 826 717 nssrnluuloltss
855 665 1110 720 wulsntcrtuttts

546 765 809 815 uectusltstlce.

613 927 693 991 nul.
718 929 739 992 l.

341 1063 379 1110 nc
399 1063 572 1109 cusslrrons
592 1064 820 1111 Junrsorcrronrs
841 1063 1009 1111 ostentu.

231 1203 300 1264 too.
323 1201 396 1274 Quae
417 1201 549 1263 diximus
568 1202 600 1264 in
626 1203 850 1284 prolegomenis
873 1203 912 1266 de
933 1201 1161 1266 mentioned

192 1291 357 1353 cessatione
370 1291 584 1373 rescriptorum
598 1291 713 1370 (nt-76)
728 1299 759 1354 et
773 1291 997 1372 privilegiorum
1011 1292 1162 1372 (lou-172)

192 1381 368 1462 applicanda
378 1381 503 1443 veniunt
514 1381 673 1444 cessationi
683 1381 899 1460 iurisdictionis
908 1380 1061 1460 delegate.
1079 1379 1163 1443 Suffi·

192 1470 232 1532 cit
245 1488 318 1550 ergo
331 1477 365 1532 ut
379 1489 474 1550 peuce
486 1473 603 1532 tentum
617 1470 667 1532 hlc
677 1469 853 1550 adjiciemus
870 1489 877 1530 :
950 1479 951 1482 ’

233 1563 263 1620 l⁰
273 1561 339 1620 Non
349 1565 444 1620 cesset
452 1557 620 1637 jurisdictio
635 1578 688 1641 per
698 1559 953 1622 renuntiationem
967 1558 1095 1639 delegati
1107 1557 1163 1620 nisi

192 1652 343 1728 acceptata
357 1645 446 1708 luerit
465 1665 484 1708 a
503 1648 658 1730 superiore
678 1667 685 1708 :
709 1649 750 1709 itn
768 1667 836 1728 cap.
860 1647 954 1724 Licet,
975 1645 1009 1708 de
1025 1646 1160 1716 Proeto„

193 1735 225 1796 in
239 1739 295 1796 6⁹:
322 1755 337 1793 u
359 1735 441 1798 Licet
458 1735 483 1797 is
503 1737 555 1817 qui
578 1743 753 1817 procurator
775 1736 938 1798 instituitur
961 1735 999 1797 nb
1023 1735 1163 1812 absente,

193 1845 207 1880 n
232 1821 341 1884 dixerit
358 1842 391 1886 se
411 1823 491 1886 nolle
505 1825 657 1905 suscipere
676 1824 869 1901 irrendetum,
891 1822 1037 1905 quamdiu
1058 1823 1166 1885 consti-

193 1934 207 1968 ι)
232 1919 320 1974 tuens
333 1912 366 1973 in
379 1915 416 1974 ed
435 1914 596 1994 perstiterit
615 1912 785 1992 uoluntate,
807 1913 907 1994 ipsum
923 1919 1077 1993 aceeptore
1091 1911 1167 1974 vele

193 2023 208 2058 »
233 2001 295 2077 bit,
319 2000 573 2083 quandocumque
595 2001 735 2083 placebit.
760 2001 863 2062 ovid.
884 2002 916 2063 S.
935 2001 1022 2084 sig„
1042 2000 1095 2062 lib.
1127 2005 1165 2077 l,

194 2093 309 2152 n0198.

232 2176 1168 2260 llll.—PNonrequiriturcenseutrevocetiojurisdictionis

114 2325 118 2332 .
194 2265 337 2346 delegate
349 2267 482 2329 obtineat
495 2267 650 2342 ellectum3
666 2267 748 2330 unde
763 2267 866 2330 Clerus
881 2267 1070 2338 Gallicanus,
1085 2283 1168 2328 enno

196 2361 288 2430 litio,
304 2356 457 2419 damnavit
470 2363 646 2438 sequentem
661 2355 898 2438 propositionem
914 2374 922 2415 τ
942 2377 958 2415 n
976 2357 1010 2416 ln
1030 2355 1191 2416 ministro.

193 2469 208 2504 n
234 2445 421 2508 Poenitentiae
435 2446 597 2526 requiritur
614 2444 790 2526 approbatio
807 2443 973 2522 ordinarii,
988 2461 1058 2524 quae
1071 2448 1169 2524 potest

193 2557 209 2594 n
234 2535 370 2612 lindiam,
385 2533 438 2597 sed
456 2553 517 2596 non
532 2535 663 2596 revocari
678 2534 744 2595 sine
757 2535 885 2595 cause.»

234 2627 303 2685 492.
321 2657 360 2668 —
373 2626 405 2685 3⁰
419 2623 578 2685 Revocetio
599 2641 661 2684 non
675 2623 753 2703 parit
769 2621 910 2683 ellectum
926 2619 983 2682 nisi
999 2619 1170 2681 notificetur

194 2709 345 2790 delegato,
361 2718 526 2774 constater
540 2729 607 2794 cap.
624 2710 775 2788 Auditol,
790 2709 824 2772 de
840 2709 946 2771 Hectit.
957 2707 1030 2790 spol.
1041 2726 1053 2768 .·
1067 2707 1170 2779 «Ouia

195 2823 209 2860 n
236 2817 296 2860 non
311 2799 515 2863 intelleximus
537 2819 594 2863 nec
620 2799 745 2880 intelligi
769 2798 892 2872 debuit,
920 2803 954 2860 ut
981 2801 1171 2858 revocaretur

195 2909 211 2948 ι
237 2886 317 2968 quod
329 2906 382 2968 per
394 2907 448 2949 ros
462 2887 573 2951 luctum
592 2896 670 2951 esset
682 2887 857 2949 auctoritate
872 2885 1037 2947 litterarum
1053 2890 1169 2946 nostre-

195 2999 211 3037 ι
234 2993 303 3037 rum
318 2975 494 3056 (priorum),
510 2977 705 3054 mundamus,
719 2983 869 3057 quatenus
883 2974 1061 3036 sententium
1074 2989 1169 3052 quarn

195 3087 211 3123 n
230 3064 403 3147 protulistis
430 3073 498 3126 onte
530 3066 725 3146 posteriorum
754 3064 924 3126 litterarum
955 3061 1169 3144 receptionem,

196 3176 212 3214 o
236 3153 378 3215 occasione
392 3153 520 3234 ipsorum
530 3155 697 3215 nullatenus
711 3172 845 3216 revocure
860 3150 988 3212 tentetis.
1002 3172 1017 3208 o

235 3245 305 3305 493.
338 3242 460 3313 Quaerit.
482 3245 590 3305 Utrum
617 3249 647 3304 et
668 3251 817 3323 quatenus
841 3237 1008 3320 iurisdictio
1033 3235 1169 3315 delegate

196 3337 292 3394 cesset
299 3336 485 3412 permortem
493 3329 619 3412 delegati
631 3377 638 3410 ,
653 3339 705 3394 aut
714 3349 768 3412 per
777 3331 843 3410 ejus
857 3326 1170 3410 quemlibetmutotio·

196 3420 327 3591 neffeip.
339 3510 407 3572 lem
422 3525 528 3589 supra,
538 3505 689 3587 loquendo
698 3505 737 3567 de
750 3503 917 3586 Privilegiis
930 3505 1010 3582 (tlt)
1020 3549 1027 3579 ,
1038 3501 1174 3562 ἀίκιῐηιιε

197 3598 279 3681 qudd
293 3597 317 3660 si
331 3596 523 3680 privilegium
537 3595 574 3656 sit
587 3593 756 3676 personale,
770 3600 868 3658 cesset
876 3609 930 3675 per
940 3599 1068 3653 mortem
1077 3589 1173 3670 privi-
