2546 3992
477 300 563 346 nmen
583 298 700 350 rnrnus.
893 261 896 266 ¹
1001 285 1057 348 501

126 401 159 457 2·
174 393 340 456 scribenda
361 401 408 457 est
425 403 526 458 entem
551 397 722 462 authentico
739 397 915 460 visitationis
937 396 1062 474 relatio,

87 501 157 566 quae
171 483 384 546 convenienter
396 483 492 565 redigi
508 486 617 566 poterit
628 534 636 564 ,
643 487 729 566 juxte
741 486 964 549 observationes
982 485 1063 566 ejus·

87 571 160 636 dem
174 571 210 632 D.
229 571 338 646 Bcuix,
352 571 409 647 ib„
422 592 453 655 p.
466 577 515 637 39.

129 664 161 723 3·’
184 659 288 733 Quoad
306 662 376 723 verd
391 661 588 726 caeremonies
605 663 638 725 in
655 662 825 727 visitatione
846 661 1063 740 observandus,

88 749 156 812 vide
168 747 359 831 Pontificcle,
378 756 461 831 perte
475 753 509 828 33
525 757 556 814 et
569 753 685 830 Bouix,
701 751 755 828 it„
772 771 801 834 p.
818 755 924 815 tro-m.
989 789 992 798 ‚

131 841 201 902 915.
215 872 253 884 -
263 840 296 899 4⁰
306 839 336 900 Si
346 839 487 901 Visitatcr
497 859 558 902 non
569 841 607 902 sit
615 841 680 923 ipse
688 843 866 923 Episcopus,
877 839 930 903 sed
942 839 1066 920 Presby-

91 934 137 990 ter
150 933 202 988 eut
214 927 367 990 Diaconus
381 925 419 988 ab
438 929 503 1010 ipso
518 928 690 1010 deputatus,
704 930 769 993 deri
782 929 895 993 debent
908 929 1014 991 litterae
1027 927 1066 990 ab

92 1015 240 1098 Episcopo
255 1016 366 1098 quibus
385 1023 503 1079 constet
525 1018 625 1100 ipsum
647 1021 844 1082 constitutum
861 1017 953 1082 fuisse
966 1017 1066 1079 visite-

92 1110 215 1168 torem:
246 1123 315 1186 qnae
344 1104 449 1166 litterae
471 1105 504 1166 in
528 1125 713 1189 unoquoque
734 1106 802 1170 loco
822 1105 969 1170 visitando
997 1109 1067 1167 sunt

93 1191 239 1273 legendae.
262 1192 342 1254 Telis
355 1193 497 1255 Visitetor
518 1196 657 1257 omittere
677 1195 767 1258 debct
789 1215 857 1278 quae
876 1200 1013 1276 spectent
1028 1193 1066 1256 ud

93 1281 276 1361 Dignitatem
289 1279 505 1343 Pontificelem.
522 1283 558 1342 V.
576 1281 690 1359 Bonis,
706 1282 761 1358 iu,
776 1302 808 1364 p.
822 1286 873 1346 43.

133 1374 165 1431 5⁰
186 1367 387 1449 impedientes
407 1369 618 1447 visitatorem,
650 1371 816 1453 quominus
840 1389 929 1434 suum
953 1389 1066 1434 munus

94 1457 268 1540 adimpleat,
283 1461 628 1521 excommunicationem
640 1460 705 1541 ipso
712 1461 779 1539 jure
789 1461 958 1530 incurrunt,
967 1462 992 1522 si
1004 1478 1068 1522 mo-

95 1547 148 1609 niti
165 1565 226 1609 non
242 1547 429 1627 resipiscent.
445 1549 594 1626 Ferraris,
610 1560 641 1611 νο
651 1548 793 1626 Victore,
806 1568 839 1610 nr
852 1549 1068 1626 cusuppressa

133 1640 202 1700 916.
215 1671 255 1683 -
268 1637 419 1698 6⁰Praeter
426 1637 564 1699 victualia
572 1657 628 1720 pro
635 1657 667 1701 se
677 1643 708 1700 et
716 1638 788 1704 suis.
797 1645 827 1700 et
834 1641 956 1720 quidem
966 1640 1067 1700 mode-

95 1729 159 1788 rata
165 1731 196 1788 et
205 1725 349 1807 frugalia,
361 1725 434 1786 nihii
448 1725 527 1788 ultre
537 1727 678 1790 Visitctor
690 1731 787 1808 potest
800 1728 920 1810 exigere
929 1737 980 1790 aut
990 1727 1065 1789 reci·

97 1831 168 1896 pere
182 1815 307 1892 (concii.
325 1814 473 1892 Trident,
488 1834 561 1878 sess.
582 1820 638 1896 m,
653 1835 721 1898 cap.
741 1819 778 1894 3,
793 1815 828 1880 de
841 1816 973 1898 reform).
991 1815 1067 1879 Vide

97 1903 154 1965 elin
167 1903 246 1966 circe
259 1903 338 1966 hanc
354 1905 614 1986 procurationem,
630 1904 710 1988 opud
725 1903 820 1967 Bouix
830 1951 838 1982 ‚
850 1905 894 1968 De
902 1905 1065 1988 Episcopo,

98 2009 127 2071 p.
140 1996 179 2053 44
193 1998 222 2054 et
231 1997 285 2068 tim
301 1991 380 2074 apud
391 1993 540 2070 Ferraris‚
551 1992 764 2075 ibid.;etopud
773 1994 941 2070 Reiffenst.‚
950 1999 1064 2076 persi,

99 2078 151 2142 nn.
167 2085 204 2159 3,
222 2083 264 2142 tit.
280 2085 339 2157 39,
356 2089 388 2142 n·
405 2085 455 2143 49.

137 2170 223 2231 Circa
236 2186 383 2250 expensas
396 2169 518 2250 qrrendc
525 2171 691 2252 Episcopus
705 2171 863 2233 Dioecesim
875 2171 1016 2234 lustretur
1029 2174 1067 2235 ad

99 2257 329 2319 ministrandum
353 2255 543 2320 solummodo
561 2259 803 2322 confirmationis
825 2265 1065 2335 sacramentum,

99 2346 165 2408 vide
179 2345 306 2408 dicende
320 2348 411 2424 (990).

138 2439 295 2498 tiit-7⁰
309 2458 324 2494 u
334 2435 499 2517 Episcopus
508 2436 539 2497 in
548 2435 714 2499 visitatione
722 2435 811 2499 debet
817 2436 964 2514 celeriter,
975 2455 1068 2518 quan-

100 2546 114 2584 ι
138 2526 203 2586 tirm
217 2542 265 2586 res
274 2524 414 2606 postulet,
423 2523 661 2605 seexpedire‚ne
670 2525 776 2588 visitati
786 2532 946 2607 graventur
959 2544 1069 2608 expen-

99 2635 115 2671 ι
139 2613 178 2674 sis
190 2634 197 2674 ι
207 2613 251 2675 sic
260 2613 373 2693 pluries
384 2615 415 2676 S.
427 2614 537 2694 Congr.
550 2613 674 2676 Concilii
685 2662 692 2690 ‚
704 2621 733 2676 et
742 2615 894 2696 signanter
904 2613 935 2676 in
948 2617 1066 2694 Boiam,

100 2723 115 2759 s
141 2707 178 2762 id
192 2701 257 2764 deo.
276 2705 372 2778 1654,
389 2703 420 2764 in
434 2705 494 2783 qut
507 2702 637 2765 decrevit
649 2703 688 2765 sd
701 2707 760 2765 2²:
777 2703 954 2787 Episcopum
967 2703 1068 2768 debere

99 2811 197 2852 resse
226 2797 389 2852 contentum
415 2789 450 2852 de
475 2789 622 2852 moderato
643 2791 775 2874 equitatu
802 2799 832 2853 et
851 2791 1022 2873 samnitum
1038 2801 1068 2856 ct

100 2902 116 2938 s
140 2879 178 2941 ad
200 2883 264 2942 3²:
288 2879 434 2943 Celeriter
459 2879 656 2941 visitationem
676 2899 734 2943 esse
755 2879 956 2944 absolvendam
976 2889 1006 2944 et
1029 2883 1070 2946 od

101 2991 116 3030 r
140 2977 221 3031 aetus
237 2977 390 3031 extraneos
411 2988 468 3030 noo
481 2987 538 3030 esse
556 2967 766 3032 divertendum.
782 2971 962 3041 »Ferraris‚
979 2971 1065 3050 ibid,

102 3068 135 3121 n·
149 3064 198 3121 77.
215 3061 257 3120 lta
278 3057 369 3120 enim
379 3056 470 3120 hebet
483 3073 549 3119 can.
567 3057 651 3120 Inter
665 3057 798 3135 Coetera,
812 3077 903 3123 causa
915 3063 968 3140 10,
984 3081 1015 3143 q.
1030 3065 1063 3126 3:

104 3231 114 3260 ι
133 3209 260 3262 Generrux
270 3212 389 3273 pourront
398 3221 424 3257 ss
436 3207 496 3258 inire
506 3207 659 3272 representet
671 3214 726 3259 tous
738 3209 773 3259 les
785 3215 904 3278 comptos,
917 3212 1032 3279 registres
1043 3221 1068 3266 st

100 3299 115 3330 ο
131 3279 286 3336 inventsires
296 3281 321 3328 et
332 3276 426 3330 vtritisr
435 3277 501 3328 i'dtet
513 3278 543 3328 de
554 3277 576 3328 ie
588 3279 673 3331 coisse.
684 3278 809 3346 L'Eveque
817 3296 904 3346 pourrc
917 3297 1066 3336 commerun

5 3349 6 3352 ’
104 3373 115 3398 s
132 3349 303 3402 Commisseire
315 3363 378 3415 pour
388 3349 487 3398 essister
499 3363 529 3397 en
541 3364 586 3399 son
599 3365 655 3399 nom
669 3365 700 3399 eu
710 3357 807 3417 compte
818 3353 922 3412 eunuch
935 3355 994 3404 meis
1006 3357 1026 3404 si
1039 3371 1067 3408 ce

105 3442 115 3470 ι
133 3419 303 3473 Commisscire
315 3425 353 3470 est
363 3426 433 3470 autre
445 3419 520 3484 qu'un
528 3420 725 3482 crans-vinnm,
738 3421 755 3472 it
767 3438 799 3474 ns
811 3438 899 3488 pourm
909 3424 961 3475 rien
972 3427 1067 3476 ordon-

105 3511 116 3541 ι
134 3507 178 3543 ner
193 3505 235 3541 sur
247 3491 270 3541 ie
285 3495 397 3556 compte,
410 3489 471 3540 mais
482 3490 619 3542 seulement
632 3491 728 3543 dresser
744 3493 928 3558 preces-rerba!
944 3511 989 3546 sur
1001 3497 1067 3548 i'e'tut

106 3563 163 3613 »de
182 3562 203 3612 le
220 3561 331 3627 fabrique
352 3568 376 3611 et
395 3576 437 3612 sur
453 3559 487 3610 ies
505 3561 653 3612 sournitures
664 3569 689 3613 et
707 3564 886 3628 repererimus
906 3563 978 3628 taire,
992 3573 1065 3617 stc·

107 3633 166 3696 nuic
190 3639 271 3683 eutem
290 3639 401 3698 poterent
412 3632 469 3682 olim
488 3631 599 3697 Episcopi
612 3633 769 3698 prescribere
786 3633 809 3685 in
823 3635 927 3686 decursu
945 3635 1065 3689 visitatio·

108 3705 150 3764 re's,
165 3703 255 3756 dicitur
266 3703 289 3753 in
302 3704 387 3754 Edicto
397 3704 468 3756 1695,
478 3703 537 3754 Vide
550 3703 681 3774 bequeux,
695 3716 724 3752 n⁰
736 3703 788 3755 318.
