2586 3988
502 284 721 334 raonroournt.
1081 275 1098 331 7

117 409 132 448 s
154 389 396 452 simulacrorum
414 394 445 452 et
460 387 809 470 sanguineetsutiocoto.
827 386 1050 466 n(1lct.lpost.
1067 402 1093 444 c.

118 481 164 540 15.
177 498 206 540 v.
223 484 265 542 28
279 487 308 542 et
322 481 390 556 29.)
402 477 578 542 Videadhuc
590 477 685 561 Epist.
698 476 761 539 lad
774 473 905 538 Timoth.
921 492 949 537 c.
965 475 1014 536 tt.
1026 491 1054 534 v.
1068 465 1103 524 iil

116 573 142 628 et
158 585 187 629 c.
204 571 235 628 3.
253 587 283 630 v.
296 573 327 630 ἓ.

155 657 281 720 Probat.
320 662 352 720 2⁰
390 657 540 739 expressis
574 647 813 722 delinitionibus.
843 657 956 716 Preter
990 650 1099 716 concil.

116 745 267 822 Florent.‚
277 747 323 810 sic
333 745 462 809 habetur
474 747 505 808 in
515 753 625 810 sessi.
637 757 705 810 can.
717 751 735 807 'l
748 743 861 807 Concil.
872 741 1006 806 Trident.
1022 761 1029 802 :
1045 743 1099 804 oSi

118 856 132 891 n
156 833 227 915 quis
241 835 356 899 dixerit
379 835 540 917 baptizatos
559 835 671 897 liberos
690 853 756 897 esse
777 833 815 895 ab
835 831 978 895 omnibus
992 837 1101 892 sanctae

119 946 133 980 s
157 924 307 987 Ecclesiae
320 925 528 1007 praeceptis...
540 925 581 986 ita
595 931 627 987 ut
641 944 677 987 ea
691 924 848 986 observare
863 939 925 984 non
941 925 1100 982 teneantur

121 1036 134 1070 o
157 1014 219 1074 nisi
226 1013 427 1096 sesatisponte
435 1013 497 1074 illis
506 1013 678 1076 submittere
689 1013 844 1082 coluerint,
856 1008 1097 1073 anathemasitn

161 1103 248 1166 Bulla
264 1105 423 1168 Auctorem
437 1101 509 1186 fidei
525 1103 568 1165 sic
588 1103 679 1164 habet
692 1111 725 1162 n⁰
740 1106 778 1163 l:
798 1099 995 1181 ol‘ropositio
1020 1095 1099 1160 affir-

120 1213 135 1250 »
159 1209 252 1254 mans
275 1191 397 1254 abusam
418 1191 483 1271 sore
504 1190 692 1253 auctoritatis
715 1189 874 1260 Ecclesice,
901 1185 1100 1268 transferendi

121 1301 135 1338 r
159 1281 252 1342 illam
271 1279 355 1344 altri
377 1280 488 1342 limites
508 1279 650 1343 doctrin-ce
671 1299 783 1340 moram
805 1287 833 1340 et
847 1297 910 1339 cam
924 1274 1099 1338 extendendo

121 1391 135 1428 r
158 1369 200 1432 od
212 1390 264 1432 res
278 1370 439 1432 exteriores
458 1377 488 1432 et
505 1371 633 1452 pervim
654 1366 796 1448 enipendo
817 1366 850 1428 id
870 1365 946 1447 qaod
965 1365 1099 1446 pendetci

122 1481 136 1516 a
157 1459 351 1541 persuasione
370 1469 400 1522 et
421 1458 527 1534 corde,·
550 1461 611 1519 tiam
632 1459 721 1520 etiam
748 1455 841 1518 mattd
863 1455 960 1515 minias
982 1453 1022 1513 ad
1038 1473 1098 1514 eom

122 1569 137 1605 a
157 1550 337 1630 pertinere,
354 1549 472 1630 ccipere
481 1568 537 1632 per
550 1548 609 1608 vim
628 1547 802 1609 exteriorem
821 1543 1024 1626 subjectionem
1041 1543 1100 1603 suis

123 1659 138 1694 n
162 1635 786 1711 decretis:Quatenusindeternrinatisillis
801 1633 909 1708 verbis,
923 1631 1100 1694 eetendendo

124 1747 139 1784 a
162 1721 1098 1800 odrcsectcriores,notetrelutabusumauctoritatisllcclcsice,

124 1837 140 1873 n
165 1833 256 1878 usum
269 1817 334 1895 ejus
349 1815 502 1898 potestatis
515 1816 671 1897 acceptasti
685 1815 759 1890 Dec,
772 1812 890 1894 qutusi
906 1817 975 1873 sunt
989 1817 1017 1872 et
1032 1812 1100 1892 ipsi-

125 1925 140 1962 r
166 1911 229 1966 met
244 1905 379 1987 Apostoli
394 1905 425 1968 iu
437 1904 596 1986 disciplina
609 1903 755 1966 exteriore
764 1899 974 1964 constituendi
987 1906 1016 1962 et
1030 1919 1098 1962 san-

125 2015 142 2052 s
167 1994 275 2056 cienda
292 1994 601 2066 z-taerettca-Que
615 1999 698 2074 parte
712 1992 845 2054 insinuat
858 1990 1022 2052 Ecclesiam
1038 2009 1099 2052 non

126 2104 143 2140 a
167 2081 278 2145 haliere
293 2083 500 2146 auctoritatem
516 2081 711 2162 subjectionis
728 2081 790 2144 suis
805 2079 932 2142 decretis
946 2079 1100 2160 exigendae

127 2195 143 2230 o
167 2173 252 2234 aliter
274 2191 367 2253 quam
390 2191 444 2254 per
467 2171 567 2234 medie
591 2191 659 2253 quae
685 2170 857 2252 pendenti
884 2169 1096 2252 persuasione3

128 2283 143 2320 n
167 2263 317 2342 quatenus
332 2260 467 2324 intendat
489 2259 654 2323 Ecclesiam
667 2279 723 2320 non
737 2259 841 2321 labere
860 2257 996 2320 collatam
1008 2257 1068 2318 sibi
1081 2258 1098 2320 d

131 2369 144 2408 s
167 2351 227 2411 Deo
239 2357 410 2434 potestatem
424 2369 479 2410 non
492 2349 583 2412 solim
596 2347 749 2430 dirigendi
756 2368 814 2430 per
827 2346 980 2410 comitiam
994 2354 1023 2408 et
1035 2367 1100 2408 saa·

130 2439 271 2512 usiones,
299 2439 458 2502 sedetiam
477 2437 604 2522 jubendi
621 2457 677 2521 per
701 2437 795 2520 lepos,
818 2455 852 2498 oc
879 2433 975 2496 devios
999 2445 1099 2498 conte·

129 2549 143 2585 n
167 2549 315 2611 croceoque
329 2529 474 2590 entem'om'
480 2528 599 2610 jndicio
612 2525 821 2589 occaludrilms
830 2523 926 2607 paenis
939 2523 1096 2601 coercendi,

129 2639 143 2674 a
167 2627 254 2699 atque
267 2617 396 2700 copendi.
408 2653 448 2664 ·-
457 2617 596 2680 Inducens
611 2616 643 2678 in
655 2625 780 2698 systema
795 2614 871 2676 alitis
883 2611 1053 2676 mennatum
1066 2623 1099 2676 ut

127 2727 143 2764 n
167 2707 350 2768 haereticum.
373 2729 389 2765 a

171 2795 278 2858 Afferri
289 2797 413 2878 insuper
427 2803 549 2878 possent
558 2795 806 2878 inprobationem
818 2795 978 2857 innumera
989 2813 1098 2859 monu-

129 2894 230 2947 menta
245 2885 412 2948 traditionis
423 2883 644 2975 ecclesiastice.
660 2884 736 2948 Vide
751 2885 857 2961 Bouir,
872 2881 906 2946 de
920 2885 1095 2967 Principiis,

129 2993 159 3056 p.
177 2978 229 3038 lot
245 3023 252 3053 ,
269 2982 326 3038 etc.

170 3111 218 3170 tl.
243 3107 413 3190 Propositio
435 3114 478 3171 2¹.
500 3141 541 3157 -
561 3109 694 3171 Potestas
724 3108 875 3172 condendi
896 3109 978 3192 leges
1006 3131 1098 3195 quam

131 3197 264 3260 Ecclesia
285 3197 374 3260 habet
389 3216 451 3260 non
472 3197 567 3260 oritur
581 3199 599 3260 i
612 3200 807 3262 concessione
821 3199 993 3282 principum
1008 3223 1099 3267 saccu-

129 3282 253 3362 larium,
273 3286 590 3365 sedtsoloDeoveait‚
602 3293 632 3349 et
645 3289 1095 3372 estsupremaetindependens.

167 3413 291 3475 Probari
311 3419 408 3496 potest
426 3413 612 3496 argumentis
631 3418 668 3476 1³
682 3415 895 3496 propositionis
924 3423 953 3478 et
976 3437 1098 3499 insuper

129 3501 213 3564 Brevi
229 3503 273 3564 Pii
288 3505 326 3564 vl
336 3503 373 3566 ad
385 3503 505 3566 Cardia.
517 3502 769 3586 liupeiucaldium
785 3508 822 3568 l0
832 3511 919 3567 mart.
937 3509 1025 3580 lana,
1037 3525 1098 3586 quo

128 3591 287 3674 reprobata
307 3591 362 3656 suit
380 3593 558 3655 Constitutio
578 3593 672 3654 civilis
692 3593 768 3654 Cleri
788 3593 940 3674 gallicani,
960 3592 1010 3654 ubi
1028 3594 1098 3656 dicit

129 3677 292 3748 Pontifex:
317 3702 333 3740 o
355 3681 491 3760 Netuini,
512 3681 565 3768 qui
587 3681 752 3746 catholicus
774 3689 841 3758 est,
869 3681 1006 3764 ignotum
1032 3699 1098 3740 esse
