2506 3984
179 193 238 252 618
401 208 542 257 nunnus
561 207 663 255 renus
682 207 763 254 renis
784 206 933 254 mnonrcr.

179 324 194 362 υ
218 309 248 364 et
267 304 400 375 Ouatuor
425 307 634 386 temporum,
656 303 915 378 Remi-rectionis,
941 300 1155 374 Ascensionis,

178 413 195 450 ι
219 393 422 466 Pentecosten,
444 393 584 474 Corporis
598 391 725 466 Christi,
743 391 967 473 Assumptionis
982 392 1019 452 B.
1043 393 1087 453 nt.
1112 393 1156 461 l'.,

179 501 194 540 ι
218 480 362 543 Omnium
377 482 443 557 SS.,
459 491 488 543 et
509 481 674 542 Natiuitatis
689 481 829 558 Domini,
844 486 972 543 testetur
984 478 1129 542 decisum
1143 483 1158 540 l

179 590 195 629 s
218 570 249 631 S.
269 569 302 632 C.
322 569 415 632 Gcnc.
431 571 583 647 Ferraris,
604 569 658 644 ib,
683 577 716 630 n⁰
732 573 814 630 76.»
839 569 956 646 Bouix,
972 567 1020 630 De
1036 567 1156 650 Cupis,

179 677 308 810 plbbl.
330 746 412 808 Licet
433 745 540 808 ultimo
562 745 629 808 loco
651 746 804 826 provisus,
828 744 896 828 cogi
919 763 982 806 non
1006 744 1105 806 debet
1124 744 1159 806 sd

178 835 354 898 obeundum
368 853 481 897 munus
493 833 617 896 Diaconi
626 839 657 896 et
670 833 867 910 Subdiuconi,
879 835 1083 915 qudcumque
1092 851 1159 895 con
1203 903 1204 906 Ἴ

178 923 336 986 suetudine
351 923 572 985 nonobstante.
587 925 630 984 lto
644 924 675 986 S.
688 924 836 1006 congreg.
848 922 923 996 Bit,
937 921 1023 1005 apud
1038 921 1159 984 Gerdel
1203 999 1204 1004 ἵ

180 1012 231 1072 lini
245 1059 252 1087 ,
269 1021 302 1072 n⁰
316 1015 407 1074 2464.

218 1101 296 1160 Dum
319 1101 398 1162 intre
421 1099 579 1162 ecelesiam
602 1100 675 1172 (non
698 1106 800 1176 extre,
827 1099 918 1162 etiam
943 1099 1159 1176 infirmorum)

178 1187 262 1250 cudit
274 1188 499 1266 confessiones,
517 1188 564 1252 rel
579 1189 611 1250 in
629 1188 839 1252 confessionali
854 1195 1011 1270 expectat,
1028 1189 1055 1248 si
1070 1207 1159 1250 scoe-

178 1277 249 1340 dere
272 1278 387 1340 soleant
406 1279 585 1360 poenitentes
606 1278 648 1357 (S.
665 1279 759 1360 song.
780 1277 886 1352 Conc,
901 1295 950 1359 ep.
968 1279 999 1338 S.
1016 1278 1158 1358 Lignror,

179 1365 231 1427 lib.
247 1373 284 1440 l,
307 1367 440 1447 n0131),
457 1386 511 1450 pro
525 1367 662 1450 presenti
677 1365 833 1430 habendus
846 1366 936 1428 estin
951 1365 1067 1440 choro,
1085 1385 1159 1448 pro-
1213 1409 1214 1412 κ

178 1456 385 1532 cessionibus,
401 1455 556 1537 exequiis,
578 1463 635 1518 etc.
659 1453 743 1517 ldeur
765 1454 928 1517 dicendum
948 1453 986 1516 de
1000 1453 1159 1516 Canonico

178 1563 269 1624 quem
279 1543 963 1628 EpiscopusedsupplendumPoenitentisrium
973 1542 1158 1624 impeditum

178 1632 351 1713 deputaret,
367 1641 396 1696 et
410 1641 538 1713 uterque
553 1633 684 1695 lucretur
697 1632 960 1694 distributiones...
977 1631 1076 1694 Bouix
1091 1679 1100 1708 ,
1116 1633 1159 1694 ue

180 1721 291 1800 Cupit„
309 1741 340 1804 p.
359 1724 436 1797 l28;
453 1722 595 1794 FerrariS,
612 1732 641 1784 v⁰
657 1721 834 1790 Canonr'eru,
853 1727 908 1784 art.
924 1725 963 1796 9,
979 1729 1012 1782 n⁰
1026 1724 1080 1782 82.
1213 1715 1214 1722 '

219 1811 284 1869 b'on
295 1809 437 1890 praecedit
449 1809 530 1886 eliis,
543 1811 686 1892 quianon
697 1809 988 1891 estDignitssldem
998 1817 1044 1870 est
1053 1809 1158 1872 dicen·

178 1895 251 1956 dum
264 1896 303 1960 de
316 1897 507 1980 Theologali,
525 1917 587 1960 non
602 1899 738 1962 obstante
757 1900 907 1962 contraria
920 1897 1157 1962 consuetudine.

178 1985 330 2062 Ferraris,
345 1996 375 2048 v⁰
392 1987 565 2064 Canonieus,
584 1987 638 2064 ib.,
654 1998 687 2049 n⁰
702 1994 752 2049 ll.

218 2077 306 2138 1205.
330 2077 588 2140 Poenitentiarium
615 2076 726 2157 eligere
752 2083 782 2138 et
808 2076 963 2138 instituere
988 2074 1028 2136 sd
1053 2075 1157 2137 solum

177 2163 361 2246 Episcopum
382 2167 512 2247 pertinet
533 2173 616 2227 extra
640 2166 753 2227 ltaliam
772 2171 802 2227 et
831 2163 947 2226 lnsulos
967 2163 1153 2243 adjacentes

177 2252 219 2314 Its
232 2254 366 2317 decisum
381 2274 399 2316 a
413 2257 444 2318 S.
461 2255 493 2316 C.
510 2253 600 2316 reiert
613 2255 765 2331 Ferraris,
784 2253 839 2328 id,
855 2265 890 2314 n⁰
904 2257 954 2316 53.

218 2343 248 2404 Si
262 2343 467 2408 consessiones
479 2343 583 2406 audire
594 2349 722 2418 recuset,
734 2341 833 2424 puniri
844 2349 940 2424 potest
954 2341 992 2404 ab
1001 2341 1158 2424 Episcopo

177 2429 340 2508 (Ferraris,
355 2431 410 2509 il,
427 2444 460 2494 n⁰
474 2435 533 2510 75).
551 2431 709 2503 Quomodo
722 2439 794 2492 tunc
808 2432 975 2512 Episcopus
987 2430 1158 2513 procedere

177 2517 299 2596 debeat,
314 2520 381 2582 vide
395 2539 464 2602 quae
477 2519 585 2582 dicturi
600 2537 707 2582 sumus
720 2518 759 2580 de
771 2519 944 2602 Tbeolcgali
958 2521 1071 2598 (22l6).

217 2609 248 2668 Si
262 2615 346 2672 vacet
358 2607 491 2672 officium
505 2607 719 2671 Poenitentiarii
735 2615 871 2690 tempore
886 2627 948 2690 quo
960 2615 1044 2670 vocnt
1059 2607 1157 2672 Sedes

177 2697 378 2778 Episcopalis,
395 2698 463 2759 novi
477 2696 690 2759 Poenitentierii
705 2696 810 2760 electio
820 2703 850 2759 et
862 2697 1155 2777 collatioedl’apsm

177 2792 308 2864 spectat,
331 2804 388 2847 nec
410 2787 552 2848 reservari
574 2783 663 2848 debet
676 2785 778 2848 tuturo
798 2785 959 2867 Episcopo.
975 2785 1051 2847 Vide
1073 2787 1157 2850 deci·

177 2889 244 2934 surn
258 2891 276 2934 n
290 2875 321 2935 S.
338 2874 447 2956 Congr.
464 2875 570 2950 Conc,
586 2873 665 2957 apud
680 2875 831 2950 sensns,
846 2873 901 2950 il,
917 2883 951 2935 n⁰
964 2878 1014 2937 50.

218 2965 304 3024 tubo.
327 2965 386 3038 An,
402 2962 433 3024 in
447 2965 586 3045 praesenti
601 2970 679 3025 stetu
688 2963 891 3026 scelestarum
898 2961 1011 3038 Gelliae,
1022 2964 1061 3025 sit
1073 2963 1155 3026 obli·

176 3051 255 3132 gatio
276 3049 406 3112 habendi
423 3049 709 3115 Poenitentiarium'l
723 3083 763 3098 -
776 3050 852 3114 Vide
866 3050 994 3114 dicende
1012 3050 1091 3114 intre
1112 3051 1155 3114 de

175 3137 346 3218 'l'beologali
359 3143 469 3219 (2206).

215 3229 273 3289 Pro
296 3225 352 3290 blo
378 3231 480 3290 nostru
503 3227 658 3311 provincii
679 3228 881 3292 dvenionensi
905 3229 951 3294 sio
971 3227 1099 3292 babetur
1119 3229 1153 3295 iu

175 3315 289 3380 concil.
307 3319 401 3380 Aren.
415 3321 491 3380 1849
503 3322 548 3398 (p.
563 3323 630 3397 bil:
650 3319 1027 3381 «Institunturdononious
1040 3320 1155 3381 eutSs·

173 3426 190 3454 ι
215 3403 321 3467 cerdos
334 3405 575 3468 Poenitentiarius
588 3408 651 3469 relo
670 3416 699 3468 et
713 3408 836 3468 scientie
850 3408 986 3488 pollens,
1001 3407 1072 3488 qui,
1095 3415 1163 3482 sta*i

175 3513 189 3550 r
214 3493 284 3554 tutis
308 3491 435 3570 diebus,
458 3493 585 3572 excipiat
613 3493 748 3556 fidelium
770 3493 990 3568 confessiones,
1015 3502 1044 3556 et
1070 3490 1158 3558 vium'

175 3601 190 3636 u
214 3579 331 3640 facilem
357 3581 470 3660 aperiet
484 3581 520 3642 iis
534 3581 585 3659 qui
610 3591 751 3658 peccota.
775 3600 905 3658 quorum
930 3582 1080 3644 absolutio
1105 3591 1154 3648 est
