2546 3992
191 295 250 357 su
409 312 547 361 unnunas
567 315 669 362 nonus
687 315 769 364 sunm
788 313 934 362 canonici.

229 405 424 474 Multaadhuc
434 418 534 475 essent
545 409 672 475 dicenda
682 412 761 474 circa
774 409 930 493 synodum
943 409 1162 488 dioecesanam;

190 497 241 560 sed
251 497 289 560 de
303 499 346 561 eis
358 499 415 579 legi
431 507 555 582 possunt
568 503 717 564 Garantus
731 500 841 562 Proris
853 498 1019 560 dioecesonre
1027 498 1165 580 Syracu

190 586 297 662 Bouix,
313 586 357 650 De
370 589 525 671 Episcopo,
541 595 605 652 tom
618 597 648 666 2,
664 609 695 672 p.
711 593 781 667 317,
800 595 870 664 etc.;
887 594 916 650 et
930 587 1050 650 cardin.
1067 589 1164 651 Gom·

189 681 252 750 set,
267 675 448 758 Exposition
461 677 509 740 des
517 677 676 762 principes,
688 685 759 754 etc,
775 694 809 739 n⁰
822 680 893 752 323,
907 685 964 738 etc.

229 767 297 826 916.
314 768 348 827 ln
358 766 462 843 Gallia,
475 767 559 846 juxta
568 768 664 849 legem
675 767 848 850 organicam
860 769 908 844 (13
918 766 1048 848 germin.
1059 783 1098 826 an
1109 767 1159 844 X),

191 853 272 914 nnita
289 855 427 934 Synodus
440 855 608 919 dioeoesnnn
627 857 730 919 haberi
744 863 841 940 potest
855 857 921 918 sine
940 855 1082 937 expressa
1096 854 1162 917 Gu-

191 942 285 1004 bemii
299 943 428 1008 licentis.

629 1107 650 1191 5
667 1109 718 1172 Vl.

354 1249 400 1313 De
420 1249 587 1334 lepislotiod
606 1251 818 1334 Episcoporum
827 1256 982 1334 potestate.

227 1410 373 1472 sun-r
382 1411 482 1473 Potest
495 1411 671 1493 Episcopus,
682 1412 771 1474 etiam
780 1416 863 1473 extra
872 1408 1040 1491 synodum,
1048 1413 1157 1472 statuta

189 1499 318 1560 condere
338 1498 397 1560 vim
417 1499 491 1580 legis
508 1499 662 1576 habentia,
682 1500 772 1562 etiam
794 1500 851 1562 sub
871 1501 961 1579 poena
984 1515 1158 1560 excommu-

191 1587 345 1649 nicationis
359 1595 388 1649 st
401 1588 466 1650 aliis
481 1607 489 1648 ε
505 1587 562 1650 hoc
575 1596 690 1650 certum
704 1595 762 1664 cst,
779 1595 808 1651 et
825 1609 840 1647 s
855 1605 965 1659 nemo,
980 1586 1059 1648 salva
1076 1583 1153 1658 fide,

189 1697 204 1734 ι
229 1676 325 1756 inquit
340 1677 451 1738 Bened.
473 1679 539 1740 XIV
562 1678 620 1758 (ne
639 1677 729 1759 Spu,
751 1677 802 1738 lib.
828 1679 878 1754 13,
900 1693 967 1757 cap.
995 1679 1029 1753 t,
1051 1693 1085 1736 nr
1106 1675 1154 1754 3),

112 1747 125 1780 '¹
188 1784 204 1823 ι
227 1772 324 1846 potest
343 1764 583 1842 iurisdictionem
610 1767 669 1828 illis
692 1767 870 1848 (Episcopis)
892 1763 1064 1844 abjudicare
1086 1781 1155 1826 suas

188 1873 203 1912 u
227 1869 296 1914 oves
310 1853 426 1932 iegibus
434 1853 617 1936 astringendi
629 1855 739 1936 quibus
753 1856 957 1936 obtemperare
968 1860 1120 1934 soporatur.
1136 1875 1151 1912 a
1262 1875 1263 1884 ¹

189 1939 262 2002 Vide
272 1944 361 2002 etiam
375 1941 428 2012 ii„
440 1961 507 2024 cap.
522 1947 553 2016 1,
570 1956 604 2006 n⁰
615 1949 643 2006 1.
660 1945 773 2006 Statuta
786 1951 887 2006 autem
894 1940 1153 2025 Episcopalianon
1262 1957 1263 1969 ³

186 2031 322 2110 expirant
335 2039 431 2094 morte
446 2031 580 2113 ipsorum
596 2053 604 2096 ε
619 2034 678 2096 hoc
691 2033 779 2096 etiam
793 2039 838 2095 est
850 2039 983 2108 certum,
999 2030 1024 2092 si
1045 2037 1153 2093 statuta

186 2118 246 2180 sint
259 2119 378 2182 condita
393 2121 424 2182 in
439 2121 572 2202 Synodo.
588 2124 619 2185 Si
634 2123 704 2184 vend
718 2121 778 2184 sint
794 2128 876 2183 extra
890 2119 1046 2202 Synodum
1060 2118 1151 2197 edita,

185 2209 309 2288 quaestio
322 2211 639 2274 controvertitur-v.
652 2210 764 2274 Bened.
778 2211 856 2286 XIV,
867 2209 912 2272 De
925 2207 1003 2292 Syn.
1014 2207 1150 2286 Dioeces,
1261 2291 1262 2296 ἵ

185 2295 237 2358 lib.
253 2301 281 2368 5,
300 2317 366 2381 cap.
381 2305 412 2376 1,
427 2309 461 2361 n⁰
474 2305 504 2362 3.
522 2303 672 2378 Attamen,
688 2299 719 2362 in
734 2298 785 2362 lib.
803 2301 851 2372 13,
867 2316 933 2380 cap.
949 2301 980 2376 5,
997 2309 1031 2359 n⁰
1045 2301 1059 2360 1
1075 2298 1153 2378 eius·
1261 2299 1262 2337 ³

183 2384 253 2448 dem
267 2390 384 2470 operis,
400 2388 473 2452 dicit
489 2389 624 2452 Pontifex
645 2388 753 2451 melius
770 2389 880 2450 sentire
900 2405 952 2450 eos
971 2387 1024 2469 qui
1043 2405 1151 2470 perpe-

183 2478 319 2538 tuitatem
338 2477 474 2540 tribuunt
492 2479 606 2541 statutis
623 2477 855 2560 episcopalibus,
872 2476 957 2539 iactis
973 2481 1003 2538 et
1015 2477 1151 2557 promul-

183 2566 259 2645 gatis
277 2572 360 2628 extra
377 2566 530 2648 synodum,
547 2567 757 2629 auditotorum
777 2565 896 2628 consilio
916 2564 1062 2648 Capituli.
1086 2567 1151 2628 Imd
1260 2617 1261 2620 ,

182 2653 269 2716 Card.
284 2655 396 2738 Soglia,
410 2657 487 2721 lost.
496 2654 564 2736 jor.
575 2655 670 2739 prin,
686 2656 704 2736 ᾖ
717 2659 747 2731 5,
760 2675 790 2738 p.
809 2659 862 2733 13,
876 2654 956 2716 illam
971 2653 1151 2716 sententiam
1260 2661 1261 2690 ³

182 2743 437 2822 concremasset,
453 2763 510 2807 nec
524 2745 709 2808 mentionem
722 2743 792 2807 iacit
804 2742 843 2806 de
861 2741 1036 2806 necessitate
1049 2743 1149 2806 consi-

181 2829 255 2891 iium
270 2832 395 2913 Capituli
410 2833 600 2914 exquirendi.

220 2924 363 2983 ass-2⁰
374 2922 556 3004 Episcopum
566 2923 639 2986 nihil
648 2929 877 3006 statuereposse
890 2920 1055 3002 contraius
1067 2939 1149 2984 com-
1259 2937 1260 2942 ¹

180 3026 272 3072 mnne
283 3007 476 3072 manifestum
489 3017 553 3090 est;
568 3019 598 3074 et
611 3011 669 3076 hoc
680 3030 784 3075 verum
799 3017 844 3074 cst
855 3059 863 3090 ,
874 3011 928 3074 etsi
939 3011 1002 3091 iam
1017 3009 1148 3093 legitime
1259 3047 1260 3071 i

178 3098 386 3179 praescriptum
412 3097 502 3162 fuerit
522 3103 690 3182 contraius
708 3119 894 3165 commune:
913 3099 989 3163 ratio
1011 3105 1057 3163 est
1077 3101 1149 3181 quia

178 3185 382 3262 consuetudo,
403 3185 512 3252 debitis
524 3189 748 3253 conditionibus
767 3190 888 3266 uestita,
904 3193 1003 3270 potest
1024 3188 1146 3271 quidem

177 3273 321 3356 abrogare
335 3275 432 3360 legem
446 3279 535 3340 etiam
550 3279 770 3357 universalem
785 3278 838 3341 sed
855 3279 909 3342 nsi
923 3275 1059 3355 inferior,
1073 3295 1146 3342 con·

176 3385 192 3423 o
216 3365 366 3429 suetudini
389 3367 557 3449 Superioris
575 3367 633 3448 legi
651 3370 829 3448 contrarie,
844 3386 900 3431 suo
914 3367 1056 3449 peculiari
1087 3373 1146 3431 sta·
1258 3413 1259 3437 ,

175 3473 191 3511 n
214 3458 297 3529 tuto,
313 3455 390 3516 vires
403 3454 531 3533 adjicere
545 3455 631 3532 velit,
647 3455 844 3519 videbitne...
866 3456 1072 3519 auctoritatem
1090 3457 1144 3518 sibi

175 3563 190 3605 t
215 3561 355 3624 arrogare
374 3542 492 3604 delendi
513 3544 611 3623 legem
633 3545 823 3626 Superioris,
838 3545 920 3628 quod
934 3544 962 3607 ei
981 3543 1070 3606 licere
1084 3564 1143 3608 non

174 3639 354 3784 :lopptestm
369 3630 468 3711 inquit
481 3631 593 3694 Bened.
608 3631 1012 3714 Haudproculinde,
1027 3651 1093 3716 sap.
1109 3639 1142 3716 8,
