2588 3994
175 221 231 282 llb
394 237 532 281 ulnulas
552 236 654 282 rorrus
674 236 757 281 runis
778 235 926 283 canonici.

172 333 258 396 Sedis
271 336 416 396 Romanae
435 331 529 394 libere
547 331 690 395 discussae
712 329 809 396 luere.
824 335 862 395 ut
875 331 948 396 hinc
970 338 1066 396 enam
1080 340 1152 394 sunt

172 422 231 486 illa
245 422 324 486 malla
337 427 367 486 et
381 421 524 485 insidiose
538 426 762 504 posteavooatae
777 422 941 485 Libertates
955 419 1128 485 Gallicanae.

623 587 698 669 en.

175 725 220 790 De
234 721 428 807 Prapmatnct
448 723 553 788 Caroli
582 725 646 788 VII
656 733 685 786 et
699 723 880 788 Concordoto
893 721 1015 788 leonem
1031 727 1063 791 X
1072 727 1154 789 inter

476 829 507 884 et
524 823 713 886 Franciacum
727 823 748 886 I
761 823 847 885 inito.

215 971 285 1032 alt.
309 967 506 1031 conciliabuli
522 967 701 1032 Basileeusis
714 973 867 1050 tempore,
881 969 1052 1031 convocatis
1067 967 1152 1030 Bitu·

176 1058 246 1122 ricae
266 1057 402 1120 acarolo
423 1058 474 1118 vll
488 1056 663 1139 proceribus
685 1057 871 1134 Nobiliacus,
887 1058 1019 1121 Praelatis
1036 1063 1066 1118 el
1086 1057 1155 1138 qui-

176 1147 306 1210 busdam
327 1146 393 1208 aliis
414 1145 538 1209 secundi
560 1145 675 1208 ordinis
694 1147 932 1225 Ecclesiastico,
955 1147 1063 1209 selecta
1084 1151 1157 1208 sunt

177 1235 290 1319 praelati
305 1235 496 1300 conciliabuli
510 1235 645 1310 decreta,
667 1236 777 1317 quibus
791 1240 854 1299 Rex
868 1237 1035 1299 efformavit
1049 1238 1157 1298 llecre

177 1333 243 1389 tum
257 1374 265 1398 ‚
281 1345 362 1389 anno
378 1329 471 1402 llas,
487 1323 569 1407 quod
584 1325 776 1408 Propmotieo
789 1327 913 1389 Sanctio
931 1332 1070 1389 vocatum
1080 1324 1153 1403 luit,

164 1411 265 1495 'cujus
274 1416 410 1479 executio
424 1415 618 1497 parlamentis
632 1413 686 1476 luit
701 1415 851 1478 mandata.

219 1507 252 1568 ln
264 1507 312 1567 illa
324 1506 509 1586 Pragmatica
520 1503 915 1586 problelratursuperioritas
929 1504 1053 1568 concilii
1066 1523 1157 1587 gene-

180 1595 250 1656 ralis
264 1613 354 1676 supra
367 1597 496 1675 Papam;
513 1593 674 1654 electiones
692 1594 911 1676 Episcoporum
925 1600 955 1658 et
969 1595 1157 1674 Dignilatum

180 1686 242 1744 tlrn
256 1682 287 1744 in
309 1683 452 1766 Capitulis
466 1685 558 1764 quarn
573 1682 604 1742 iu
621 1684 810 1745 monasteriis
824 1684 889 1746 lieri
904 1684 1158 1766 praecipiebantur

181 1769 349 1834 secundnm
368 1771 487 1851 regulas
504 1771 581 1850 juris
599 1771 739 1852 antiqui:
763 1772 944 1835 tollebantur
959 1773 1156 1854 generaliter,

180 1878 252 1922 cum
274 1858 455 1942 quibusdam
484 1866 586 1922 lemen
609 1860 853 1941 exceptionibus,
877 1862 1105 1925 Reservationes
1128 1869 1160 1926 ct

181 1949 388 2030 Expectativae.
414 1947 449 2011 V.
466 1967 515 2031 ap.
532 1948 654 2023 Andre,
671 1958 700 2010 v⁰
714 1952 936 2033 Prupmotr'pne.

222 2041 290 2099 als.
309 2037 658 2118 snppressaanudouco
665 2039 1156 2122 XlPragmalict‚postregismor-

182 2133 242 2188 tem
257 2128 430 2208 ipsatamen
438 2127 554 2204 revixit,
569 2127 813 2190 doneodamnala
825 2127 913 2191 luerit
928 2127 1159 2192 irrevocabiliter

184 2217 214 2277 in
230 2216 363 2278 Concilio
376 2217 568 2278 lateranensi
584 2219 624 2286 V,
642 2223 671 2278 et
686 2235 739 2298 per
753 2217 975 2281 concordatum
989 2219 1158 2282 LeonemX

183 2305 299 2368 interet
312 2307 505 2368 Franciscum
519 2308 533 2368 1
547 2306 673 2382 initum,
690 2307 780 2369 luerit
793 2315 917 2370 mutata.

216 2397 257 2456 dn
276 2394 334 2458 hoo
353 2402 455 2490 aplem
475 2395 662 2458 Concordato
679 2396 781 2478 plures
802 2396 926 2480 quidem
947 2397 1168 2479 dispositiones

185 2484 378 2565 Pragmaticae
388 2491 509 2546 servatae
519 2483 602 2546 luere
619 2503 626 2544 :
644 2503 755 2566 nempe
766 2505 834 2568 quae
848 2487 880 2548 in
896 2487 950 2548 ista
964 2486 1077 2549 sancita
1093 2485 1158 2548 lue-

185 2581 256 2636 runt
268 2573 306 2634 de
319 2573 571 2635 reservationibus
585 2573 665 2634 eirca
679 2573 840 2652 beneficiam
865 2576 945 2638 cirea
967 2575 1159 2637 collationem

184 2661 401 2723 beneficiorum
416 2662 454 2723 ab
463 2661 650 2738 Ordinariis3
666 2663 820 2742 ciroajura
835 2664 1064 2745 gradualorum3
1080 2664 1160 2728 eirca

184 2749 322 2811 ordinem
332 2751 513 2813 servandum
523 2752 554 2812 in
569 2751 835 2833 appellationibus,
850 2761 908 2817 etc.
925 2754 984 2818 Sed
995 2755 1026 2816 in
1041 2753 1160 2817 duobus

184 2838 375 2920 potissimirm
395 2839 494 2902 dillert
512 2842 528 2902 a
549 2841 735 2922 Pragmatius
755 2843 1001 2907 Concordatum:
1025 2848 1055 2905 1⁰
1079 2845 1161 2907 Loco

185 2927 367 2990 electionum
386 2929 605 3011 Episcoporum
620 2938 650 2992 et
672 2931 882 3012 Praelatorum,
903 2933 1044 2996 tribuitur
1065 2935 1155 3013 Regi,

190 3033 257 3080 tosu
278 3019 442 3096 vacantia,
463 3019 514 3098 jus
541 3020 741 3100 praesentandi
764 3023 795 3084 S.
823 3022 977 3101 Pontifici,
1002 3023 1080 3084 intra
1109 3039 1161 3086 sex

186 3125 324 3185 menses,
339 3107 493 3171 doctorem
501 3127 554 3170 seu
565 3109 749 3172 licentiatum
759 3111 864 3190 injure
873 3112 918 3174 vel
926 3112 1092 3194 theologia,
1107 3113 1159 3195 qui

188 3197 315 3277 attigerit
328 3197 434 3262 saltem
453 3217 569 3260 annum
587 3203 624 3260 Ἡ
647 3205 676 3261 el
697 3198 786 3262 luerit
799 3199 872 3262 alias
891 3201 1018 3264 idoneus
1039 3201 1094 3280 (lit.
1118 3203 1159 3283 3).

186 3290 218 3347 2⁰
232 3285 336 3358 Quoad
350 3293 489 3364 annates,
506 3306 573 3369 quae
584 3289 688 3350 saltem
703 3288 848 3371 implicite
861 3297 1077 3354 conservantur
1089 3308 1160 3356 cum

187 3373 368 3458 quibusdam
381 3375 664 3440 modificationibus.

227 3465 403 3528 Execulioni
419 3465 556 3529 mandari
569 3467 650 3530 haud
664 3468 761 3549 poluit
774 3469 995 3532 concordatum
1016 3470 1074 3532 nisi
1093 3477 1162 3552 post

187 3555 296 3644 mullas
310 3555 515 3637 oppositiones
534 3575 571 3618 ex
593 3561 677 3638 parte
697 3555 967 3622 Parlamenlorum.
989 3558 1056 3622 Vid.
1075 3558 1156 3626 Hist.

187 3645 222 3708 de
238 3643 366 3728 I'Eplise
380 3644 502 3720 Gallie„
517 3644 568 3708 liv.
584 3649 643 3725 ol,
663 3653 694 3709 et
710 3647 939 3730 Specirncnjar.
955 3648 1159 3713 Ecclesiastic.
