2546 3992
223 241 281 306 536
442 256 581 306 uenuste
599 259 701 307 mnus
721 259 803 306 auru
824 257 970 307 canonica

222 382 238 418 c
262 357 316 441 qui
329 362 414 422 certo
425 355 493 422 loco
506 375 570 422 non
584 364 629 420 est
641 358 824 442 adscriptus,
839 358 878 422 ab
891 359 1042 443 Episcopo
1055 379 1114 426 suo
1127 363 1201 430 invi·

223 471 238 508 c
262 453 312 510 tus
322 447 444 510 retineri
458 465 521 510 non
535 453 647 530 potest,
659 467 697 511 ne
711 450 730 510 e
745 449 799 510 sut
808 447 931 512 dioecesi
940 448 1077 512 discedat
1086 459 1116 514 et
1128 455 1198 516 alibi

223 535 436 618 »parochiam
462 537 617 620 accipiat:
640 537 807 621 adscriptus
833 539 919 618 vero,
950 540 1074 604 retineri
1103 551 1200 626 potest

222 645 239 684 u
264 625 417 688 invitus.»

266 717 353 777 1008.
377 712 437 776 Sed
461 713 500 777 ab
527 713 584 778 late
606 714 754 778 sententia
772 713 927 781 discedere
949 725 1052 801 postea
1071 721 1135 784 visa
1155 731 1199 785 est

225 805 254 866 S.
274 804 385 884 Congr.
399 803 534 866 concilii.
549 805 584 866 ln
597 807 688 867 causa
701 803 783 868 enim
792 804 960 878 Nucerino,
975 811 995 870 5
1008 815 1086 891 sept.
1103 813 1195 887 l8l8,

226 894 256 954 ln
271 895 332 973 qut
346 892 490 974 agebatur
509 891 547 954 de
567 893 703 956 seculari
720 893 892 974 sacerdote,
912 895 950 958 ad
967 897 1090 960 titulum
1104 901 1195 980 patri·

225 981 320 1042 monii
335 979 493 1058 ordinato,
508 979 561 1062 qui
575 981 751 1062 professoris
764 981 921 1066 theologie
934 1003 1046 1048 munus
1059 987 1196 1069 explebe.

226 1069 258 1131 in
272 1072 326 1130 sul
340 1068 479 1142 dioecesi,
495 1069 621 1151 quique,
635 1069 676 1134 ob
690 1069 873 1136 insufficiens
890 1073 1055 1152 salarium,
1069 1077 1199 1138 transire

226 1157 319 1220 voluit
333 1157 372 1219 ad
386 1155 475 1218 aliam
488 1156 658 1236 dioecesim,
673 1166 704 1222 et
716 1159 791 1238 huc,
806 1181 868 1224 non
882 1163 1018 1226 obstante
1033 1166 1200 1227 commina-

225 1247 308 1310 tione
321 1247 359 1308 ab
372 1245 521 1329 Episcopo
540 1246 617 1310 iacta
636 1266 734 1331 poenae
754 1251 960 1333 suspensionis
980 1253 1047 1334 ipso
1059 1252 1138 1316 lacto
1152 1255 1199 1316 in-

178 1378 180 1380 -
226 1334 402 1409 currendos,
418 1339 522 1398 revera
534 1337 713 1400 commeavit
724 1385 732 1414 ,
743 1341 899 1421 sequentia
912 1340 1004 1404 dubia
1017 1343 1050 1404 S.
1064 1344 1199 1426 Congre-

227 1425 339 1508 gationi
367 1425 520 1508 proposita
546 1425 651 1489 luere:
677 1448 695 1488 ι
722 1432 752 1492 ll
782 1431 829 1491 An
851 1437 1036 1512 preceptum
1057 1432 1200 1516 Episcopi

227 1537 243 1573 n
266 1515 447 1578 Nucerini...
463 1514 501 1577 sit
514 1515 792 1580 observandum‘l...
818 1522 849 1579 2⁰
869 1521 917 1580 An
938 1525 1055 1583 constet
1074 1520 1113 1583 de
1131 1523 1199 1586 irri-

227 1625 243 1662 n
268 1604 425 1683 gulositate
438 1603 559 1666 incursa
573 1607 590 1666 lt
604 1606 839 1688 presbytero'l...
855 1625 910 1671 seu
923 1610 1022 1692 potius
1035 1609 1073 1673 sit
1087 1629 1199 1674 consu-

228 1715 243 1751 r
268 1691 391 1754 lendum
413 1693 607 1755 Sanctissimo
620 1713 675 1776 pro
697 1695 920 1778 dispensatione
928 1699 982 1762 ⁴l...
998 1701 1030 1762 S.
1045 1703 1197 1785 Congreg.

228 1803 243 1840 a
268 1780 625 1862 respondilradprimum
636 1829 645 1859 ,
658 1783 1023 1863 affirmative,dumm0do
1030 1791 1199 1874 Episcopus

227 1891 243 1927 c
269 1867 472 1949 provideat...
496 1873 681 1951 congrua...
705 1877 933 1954 sustentatione;
948 1878 987 1940 ed
1007 1880 1197 1952 secundum.

228 1978 244 2018 c
268 1957 442 2020 affirmative
463 1955 502 2022 ad
522 1960 651 2040 primam
673 1970 806 2045 partem,
825 1972 854 2027 et
866 1965 1086 2030 consulendum
1102 1971 1199 2034 Sanc·

228 2068 244 2106 a
268 2045 382 2108 tissimo
396 2064 450 2128 pro
464 2047 687 2124 absolutione...
711 2059 778 2134 post
797 2053 927 2117 reditum
942 2055 981 2118 ad
1001 2054 1157 2120 dioecesim
1171 2069 1201 2121 et

229 2155 244 2196 a
268 2135 390 2217 petitam
403 2136 522 2198 veniam
536 2136 574 2198 ab
586 2139 854 2222 EpiscoporVide
864 2142 895 2205 in
904 2143 1011 2207 eodem
1021 2163 1113 2209 seusu
1122 2147 1200 2212 duas

229 2223 301 2286 elias
323 2223 538 2288 declarationes
562 2227 698 2305 ejusdem
719 2231 879 2314 congreg.¹
910 2237 950 2296 26
972 2235 1038 2316 jan.
1064 2239 1143 2300 1833
1169 2247 1201 2302 et

231 2313 342 2376 lldeo.
359 2317 513 2396 l822,ap.
532 2315 626 2378 Bouix
640 2317 705 2398 lib„
721 2338 752 2402 p.
764 2324 837 2397 283,
852 2326 935 2401 ere).

269 2402 356 2468 Unde
377 2401 467 2465 hodie
482 2403 573 2466 etiem
587 2422 650 2468 non
666 2407 806 2491 adscripti
821 2413 940 2475 servitio
959 2411 1087 2494 alicujus
1100 2414 1199 2480 eccle-

230 2491 296 2568 siae,
311 2497 437 2553 autnon
452 2489 595 2555 hebentes
608 2493 789 2560 beneficium
803 2501 991 2582 personalem
1004 2502 1200 2570 residentiam

229 2581 367 2661 exigens,
388 2598 450 2642 non
468 2579 607 2645 videntur
626 2602 733 2665 posse,
752 2587 844 2651 inrito
864 2590 1029 2673 Episcopo,
1043 2593 1061 2655 d
1074 2592 1201 2659 dioecesi

230 2668 388 2732 recedere:
403 2667 479 2731 ratio
499 2687 565 2732 csse
586 2670 703 2736 videtur
724 2676 794 2757 quia
813 2676 986 2754 huiusmodi
1004 2679 1104 2744 cleriei
1117 2732 1124 2756 ,
1139 2687 1199 2748 etsi

229 2773 291 2820 non
300 2757 778 2839 adscriptiluerintseruitioullius
787 2766 1047 2845 ecclesiae,saltern
1056 2770 1199 2855 adscripti

229 2853 391 2908 censentur
404 2845 680 2928 servitiodioecesis,
691 2855 838 2934 procujus
851 2857 1023 2922 necessitate
1031 2859 1078 2922 rel
1090 2859 1200 2924 saltem

230 2934 353 2998 utilitate
366 2934 404 2997 ad
417 2934 537 2997 ordines
551 2936 635 3000 luere
648 2943 777 3021 promoti
791 2961 799 3004 r
819 2945 939 3008 nonnisi
953 2947 1036 3009 enim
1049 2967 1105 3031 pro
1117 2951 1201 3014 utili-

228 3027 289 3086 tate
302 3022 493 3100 dioecesim„
508 3027 673 3106 praesertim
683 3029 715 3091 in
724 3031 828 3112 Gellia,
840 3033 878 3097 ad
891 3035 1011 3100 ordines
1024 3037 1201 3122 elericipro·

230 3117 388 3173 moventur
409 3117 440 3173 et
465 3117 633 3193 promoveri
654 3117 765 3182 debent
786 3140 824 3184 ex
845 3125 978 3189 Concilio
997 3126 1079 3190 Trid.
1104 3145 1199 3212 supra

230 3199 329 3278 (1003)
343 3199 444 3262 relato.
457 3202 490 3261 ln
501 3199 558 3264 hoc
567 3221 658 3267 sensu
669 3212 864 3288 pronuntiant
879 3215 991 3278 Statula
1001 3229 1110 3282 nostroe
1122 3217 1199 3284 dioe·

230 3287 307 3350 cesis
314 3287 531 3352 valentinensis
543 3293 582 3371 (v.
598 3293 736 3370 ordonn..
748 3318 779 3382 p.
794 3305 875 3384 3ll).

271 3379 318 3439 An
331 3383 450 3451 summ,
465 3378 558 3443 invito
580 3383 746 3467 Episcopo,
767 3390 867 3454 clerici
887 3399 917 3456 et
938 3393 1060 3476 parochi
1079 3395 1199 3464 valeant
1262 3421 1263 3424 ¹

230 3465 407 3546 religionem
425 3465 557 3547 ingredi,
576 3472 781 3551 expendemus
794 3479 826 3542 in
840 3479 915 3544 libro
929 3487 1083 3566 sequenti,
1094 3487 1198 3554 ubido

235 3551 321 3616 Statu
334 3553 469 3635 relipr'oso
482 3557 687 3639 (rulo-nuel).

272 3645 358 3702 1000.
382 3641 508 3720 Quosne
522 3644 716 3710 rubat'diurio:
729 3654 805 3714 Cium
818 3655 884 3719 sine
897 3657 1001 3724 litteris
1012 3665 1197 3732 testimonia·
