2586 3988
466 271 686 328 monstrosam.
726 281 729 292 ·
1021 264 1060 326 11

122 379 167 446 Ile
182 381 346 466 Rescriptis
354 381 479 462 justitiae
491 381 605 445 dictum
616 381 671 444 luit
685 399 786 463 supra,
803 390 836 442 η’
850 384 901 444 18.

124 483 176 543 113.
201 479 350 551 Oueeritur
371 483 405 541 3⁰
426 479 499 552 Quis
519 479 613 561 possit
634 478 680 541 vel
703 497 766 540 non
789 479 883 560 possit
903 477 1064 560 impetrata

88 569 277 644 Rescriptum
292 567 424 650 papale?

127 659 219 739 Resp.
235 656 274 718 ad
289 661 353 718 1¹¹¹:
370 657 538 739 Omnisqui
550 658 762 740 nonexpresse
776 653 1063 738 prohibetursjure,

90 754 187 829 potest
207 747 369 828 impetrare
389 747 496 828 papale
522 749 723 829 Rescriptum.
748 747 790 808 111
813 745 1065 808 communitates

92 853 157 898 can.
173 835 243 897 Jom
258 854 333 896 nanc
347 839 386 898 28
399 842 505 917 quaest.
523 840 537 898 l
554 843 582 900 et
596 855 663 918 cap.
679 835 714 898 de
723 853 845 918 procur.
862 834 894 896 in
907 837 948 898 6⁰.

128 948 222 1028 Resp.
238 943 277 1006 ad
291 947 356 1006 2⁰¹⁰:
368 943 446 1006 lllud
459 945 619 1027 impetrare
628 964 690 1007 non
702 950 810 1028 potest,
822 963 879 1006 nec
888 962 943 1026 per
956 961 999 1022 se,
1010 962 1068 1006 nec

94 1034 280 1117 paralium,
307 1035 585 1096 exconimunicatus
610 1033 921 1096 excommunicatione
941 1033 1066 1113 majori,

95 1123 181 1185 marn
198 1123 261 1184 nori
275 1121 433 1200 vitandus,
448 1122 505 1184 nisi
520 1123 551 1184 in
565 1126 656 1185 causa
676 1121 1011 1198 excommunicationis,
1023 1120 1068 1184 vel

94 1211 303 1293 appellationis
317 1209 355 1272 ad
369 1229 456 1273 suam
469 1209 689 1274 defensionem.
699 1213 933 1273 ltncommunis.
950 1218 980 1272 et
989 1217 1069 1292 patet

93 1318 127 1361 ex
134 1319 204 1380 cap.
215 1299 348 1360 Dilectus
358 1303 409 1376 16,
420 1299 454 1360 de
461 1299 634 1382 Rescripta,
645 1297 698 1362 ubi
707 1301 896 1380 Rescriptum
905 1299 943 1361 ab
952 1317 1070 1360 excom·

94 1391 266 1466 manicata,
282 1389 707 1464 taciteexcommunicatione,
725 1389 919 1470 impetratum
932 1394 1070 1450 censetur

96 1476 307 1556 subreptitium
321 1483 351 1538 et
364 1476 477 1539 nullius
490 1477 617 1540 roboris.

132 1571 199 1635 Dixi
217 1577 248 1634 l·
262 1574 351 1635 ctiam
363 1593 420 1636 ooo
430 1573 665 1656 vitandos:quia
678 1573 766 1638 Bulla
779 1573 898 1651 lllaprtini
909 1575 934 1635 V
947 1571 999 1635 Ad
1009 1573 1070 1635 evi·

97 1661 204 1740 unda,
220 1667 302 1739 etc,
324 1680 386 1724 non
406 1662 534 1726 intendit
551 1663 821 1726 excommunicatis
844 1660 1071 1744 ‹promodoliliet

97 1751 266 1831 suffragari.
284 1751 326 1830 (S.
342 1752 419 1832 lig„
437 1751 505 1815 libr.
520 1757 552 1828 1,
565 1755 644 1830 1811.

134 1849 204 1910 Dixi
221 1852 254 1910 2⁰
270 1848 327 1912 nisi
351 1848 383 1910 in
403 1848 489 1910 causo
505 1847 828 1918 escommeaniccn'om'c,
847 1854 918 1925 eto,
933 1849 971 1912 ad
991 1869 1071 1912 neom

97 1935 309 2018 defensionem:
323 1955 395 1998 nam
404 1936 434 1998 hi
449 1935 510 2000 duo
519 1955 606 2000 casus
620 1938 760 2024 expresse
774 1937 964 2019 excipiuntur
977 1939 1070 2018 lcop.

97 2026 163 2107 Ipso
173 2027 249 2106 jure
261 2027 294 2087 in
308 2030 351 2088 θ’.
372 2028 463 2108 clpso
477 2027 545 2105 jure
559 2027 777 2108 rescriptum...
793 2044 856 2088 non
874 2025 980 2100 valeat,
996 2026 1020 2088 si
1035 2025 1074 2087 ab

95 2135 113 2172 1
139 2114 402 2176 excommunicato
422 2133 513 2196 super
539 2114 599 2177 alio
619 2132 711 2197 quam
731 2114 1072 2192 excommunicationis,

96 2225 113 2260 ι
135 2201 183 2265 rel
197 2202 407 2285 appellationis
420 2203 545 2266 articulo
554 2201 644 2266 uerit
657 2204 860 2284 impetratum.
876 2224 892 2262 ι

138 2311 180 2374 Ut
197 2315 299 2372 nutem
320 2317 443 2390 propter
461 2308 807 2372 excommunicationem
828 2325 891 2370 non
912 2308 974 2368 sint
993 2305 1076 2368 nulle

97 2399 270 2479 Rescripta,
285 2397 324 2460 de
339 2397 416 2479 stylo
435 2397 532 2461 curie
551 2415 703 2476 romanae,
724 2395 814 2459 hodio
832 2394 907 2458 solet
925 2395 1076 2477 plerisque

97 2485 265 2568 Rescriptis
279 2485 370 2548 inseri
384 2485 533 2549 absolutio
542 2482 909 2550 tcensunsaclccutelom.
919 2482 1075 2562 Reilienst,

100 2570 171 2636 lihr.
188 2577 218 2652 1,
234 2574 278 2635 tit.
295 2577 325 2649 3,
338 2583 372 2636 ιιο
386 2577 476 2637 33-51
491 2573 611 2638 ctinl'ra
621 2578 733 2654 (6510).

141 2675 195 2734 ol.
218 2671 339 2744 Quaerit.
356 2676 388 2734 1ο
403 2673 511 2737 Utrum
525 2673 594 2754 quis
608 2673 703 2755 possit
715 2672 875 2754 impetrare
886 2671 1076 2756 Rescriptum

102 2760 233 2844 proelio
256 2761 370 2842 absque
383 2761 450 2841 ejus
470 2761 591 2843 speciali
613 2761 774 2823 mandatnl
1047 2757 1051 2764 '

143 2853 234 2931 Resp.
250 2868 316 2912 esse
329 2849 579 2931 distinguendum
593 2851 670 2912 inter
686 2850 840 2933 Rescripta
854 2851 956 2932 gratiae
972 2855 1002 2911 et
1011 2849 1077 2929 jus·

100 2940 186 3002 titiee.
211 2939 249 3000 ut
275 2937 398 3020 quidem
422 2939 577 3020 Rescripta
600 2939 702 3019 gratiae
725 2957 811 3020 posse
829 2940 1001 3022 impetrari,
1023 2956 1078 3020 pro

102 3027 162 3092 elia
176 3027 414 3110 personacapaci
425 3027 491 3088 sine
505 3028 570 3106 ejus
584 3023 725 3088 mandato
735 3027 866 3110 speciali,
876 3028 1005 3090 latentur
1014 3045 1079 3109 pas·

101 3116 162 3180 tim
178 3119 240 3178 DD.
260 3123 327 3198 post
344 3117 480 3192 Glossam
495 3116 525 3178 in
539 3134 606 3197 cap.
618 3116 763 3179 ll'onaulli
776 3116 810 3176 ele
824 3117 996 3199 Rosci-iptio
1084 3187 1087 3192 ,

144 3217 289 3278 Econtra
302 3213 457 3296 Rescripta
466 3212 600 3294 jaotitioe
609 3222 754 3295 quantum
770 3220 815 3275 est
827 3213 865 3274 de
878 3215 977 3294 rigore
989 3214 1078 3294 juris,

104 3297 224 3367 seclusa
237 3303 388 3372 contraria
407 3302 637 3378 consuetudine,
658 3321 719 3393 non
735 3321 821 3394 posse
836 3321 890 3384 pro
910 3304 968 3364 alio
984 3305 1079 3384 impe·

103 3385 204 3461 irari,
229 3383 343 3466 amque
366 3384 432 3462 ejus
462 3382 604 3445 mandato
626 3383 770 3465 speciali,
793 3386 932 3466 expresse
955 3382 1080 3444 habetur

105 3473 196 3536 citato
214 3473 313 3556 eapite
326 3470 484 3535 Nonnulli.
508 3471 706 3554 Excipiuntur
724 3478 825 3534 tamen
848 3488 985 3554 personae
1006 3487 1079 3530 con·

106 3561 218 3644 junctae
231 3559 336 3644 quales
350 3567 421 3623 sunt
439 3559 539 3636 liberi,
555 3566 712 3643 parentes,
728 3559 848 3635 tratres,
863 3559 985 3632 aflines3
1009 3555 1081 3635 quia

107 3667 164 3732 pro
176 3647 287 3714 talibus
306 3649 478 3728 conjunctis
500 3647 674 3742 agerelicet
693 3647 805 3726 absque
823 3647 975 3718 mandato,
990 3643 1080 3706 dum·
