2496 3992
466 281 551 325 cinea
574 279 689 324 narnus.
993 263 1051 324 693

102 397 218 448 soricrum
228 401 284 446 arte
296 395 418 459 corrumpi
428 401 469 444 aut
478 395 602 444 obscurari
618 397 725 456 possunt.
742 421 772 432 ·-
783 394 849 453 Quod
862 395 960 455 Europa
975 396 1050 444 cbris-

102 469 168 519 tiana
179 469 293 518 barbaras
304 473 388 532 gentes
398 469 515 518 edouruit.
526 481 617 529 casuue
629 482 643 516 a
665 467 760 516 feritate
783 469 812 514 ad
827 469 1049 530 mansuetudinem,

103 540 302 604 estaperslitinne
318 542 347 588 ad
358 539 482 588 veritatem
499 539 624 588 traduxit:
638 540 701 600 quod
722 540 949 588 blabumelanorum
968 541 1050 588 incur-

103 613 183 662 siones
204 611 291 662 victrix
305 610 469 674 propulsavit:
484 611 548 672 qrrod
563 609 641 658 civilis
656 612 736 659 cultus
750 609 917 673 principatum
939 609 1046 667 retinuit,

102 689 127 734 et
143 685 174 732 ad
194 696 267 731 omno
282 684 357 731 decus
379 680 538 730 humanitatis
563 683 651 730 docem
680 695 707 732 se
727 683 919 744 elegisti-umque
939 683 1051 743 praebere

102 754 200 808 coeteris
217 753 342 804 cousuevit
354 769 359 804 :
373 754 438 816 quod
452 767 592 818 germanam
616 753 752 802 libertatem
767 768 872 814 eamque
889 753 1051 815 multiplicem

102 827 238 894 gratificata
252 824 348 888 populis
365 829 402 875 est
418 841 424 874 :
439 826 504 888 qued
529 826 656 888 corriplura
669 825 699 873 ad
717 825 872 876 miseriarum
887 824 999 872 solatium
1016 839 1052 873 sa-

102 897 255 964 pientissima
275 896 389 953 instituit,
405 897 459 946 sine
474 897 639 946 controversia
652 909 770 960 magnam
792 897 864 945 debet
879 897 987 959 gratiam
1000 896 1052 945 reli·

102 970 180 1034 pieni,
200 983 272 1032 quam
298 968 329 1017 ad
348 971 425 1016 tantm
439 982 479 1018 res
497 971 668 1029 suscipiendas
682 969 770 1016 habuit
782 967 920 1031 auspicem.
936 969 965 1015 ad
981 967 1052 1030 perli-

103 1042 203 1091 ciendas
217 1039 372 1103 adjutricem.
385 1065 414 1076 -
425 1039 569 1089 mansissent
582 1041 688 1101 prolecto
699 1041 785 1089 eadem
799 1041 870 1090 berra.
888 1039 909 1088 si
924 1038 1052 1101 utriusque

103 1113 228 1176 poteslatis
242 1111 373 1161 concordia
395 1111 526 1160 mansisset
542 1127 549 1162 ι
565 1111 707 1174 majoraque
726 1115 850 1174 expectari
862 1112 918 1174 jure
933 1117 1050 1174 proterant,

104 1185 125 1234 si
136 1184 282 1244 auctoritati,
295 1183 315 1231 si
340 1182 488 1246 magdalene.
504 1181 525 1230 si
551 1183 660 1232 consiliis
677 1184 790 1232 Ecclesiae
807 1183 899 1244 majore
920 1189 1051 1232 esseleuur

104 1255 152 1306 lide
166 1255 610 1317 perseverantiaqueobtemperatum.
631 1255 695 1303 lllud
708 1259 773 1303 enim
785 1267 910 1318 perpetuae
926 1255 988 1317 legis
1002 1256 1053 1304 ins·

105 1335 141 1376 tar
152 1329 291 1377 habendum
307 1330 351 1380 est.
365 1327 429 1387 quud
441 1329 482 1375 lvo
497 1327 657 1374 Carnutensis
670 1328 700 1374 ad
712 1327 820 1374 Peselrali
830 1342 852 1374 ru
875 1329 895 1375 ll
912 1328 1051 1377 lentilleem

105 1399 236 1448 maximum
252 1399 402 1461 prescripsit
420 1414 425 1448 :
445 1399 531 1446 edum
547 1411 649 1460 regnum
660 1403 685 1446 et
701 1401 864 1446 sacerdotium
878 1399 939 1448 inter
951 1413 977 1449 se
992 1415 1052 1448 cen-

104 1471 213 1529 veuiunt‚
227 1473 289 1519 bene
306 1470 398 1534 regitur
407 1471 522 1526 anundus,
538 1471 607 1518 lleret
619 1480 643 1518 et
653 1469 783 1519 fruetificat
795 1472 912 1519 Ecclesia.
928 1473 986 1520 Cum
997 1487 1052 1521 vcro

104 1543 169 1592 inter
185 1543 367 1598 sedisecrrlunt,
378 1555 427 1590 non
444 1545 539 1590 tantum
554 1554 636 1601 parvae
653 1555 693 1590 res
713 1556 761 1590 uon
782 1547 903 1602 creseunt,
920 1544 1051 1592 sedetiam

104 1629 200 1678 magne
212 1629 251 1662 res
260 1612 432 1662 miserabiliter
445 1613 601 1662 dilabuntur¹
618 1627 643 1663 o.

134 1689 180 1736 Sed
204 1685 338 1749 peruiciosa
360 1685 403 1734 illa
426 1699 455 1734 ae
470 1685 620 1747 deploranda
645 1699 727 1734 rerum
747 1699 865 1734 novarum
891 1687 979 1742 studia,
998 1702 1052 1748 ques

104 1759 241 1810 saeouloxrt
254 1757 360 1806 excitate
375 1761 439 1814 sunt
459 1771 514 1805 eum
533 1755 637 1818 primum
653 1757 796 1820 religionem
814 1758 973 1807 christianam
990 1759 1052 1808 mis-

104 1834 220 1884 cuissent,
233 1843 288 1877 ruox
302 1828 407 1877 naturali
418 1829 523 1890 quodam
537 1827 625 1878 itinere
636 1828 666 1876 ad
675 1830 865 1892 philosophiam,
879 1831 1052 1894 apbilcscplria

103 1905 134 1952 ad
151 1915 236 1950 crateres
259 1899 338 1950 civilis
363 1900 544 1949 communitatis
559 1901 658 1949 ordines
672 1905 845 1961 pervenerunt.
872 1901 904 1948 Ex
924 1903 969 1950 lroe
987 1903 1054 1951 reiut

103 1975 170 2024 iente
180 1972 311 2034 repetenda
326 1971 370 2020 illa
383 1971 520 2019 recentiora
532 1971 658 2020 effrenatae
667 1972 786 2020 libertatis
799 1974 888 2031 capita.
900 1973 1015 2021 nimirum
1027 1974 1053 2022 iu

103 2043 217 2093 maximis
228 2041 457 2104 perturbationibus
471 2041 595 2101 superiore
615 2042 706 2090 saeculo
721 2042 858 2104 excogitata
875 2043 897 2090 in
922 2045 1053 2104 medioque

103 2114 235 2179 proposita.
248 2111 351 2174 perinde
360 2125 388 2160 ac
405 2110 524 2172 principia
538 2114 563 2159 et
572 2111 729 2160 fundamenta
741 2113 799 2160 novi
810 2112 880 2173 jnris,
892 2116 956 2175 quod
968 2122 992 2162 et
1010 2116 1054 2162 luit

103 2191 174 2236 antea
190 2187 308 2248 ignolum.
326 2186 351 2231 et
368 2196 382 2230 a
401 2183 457 2244 jure
476 2195 523 2230 non
542 2182 621 2230 solum
638 2183 778 2243 christiano,
794 2184 836 2232 sed
860 2184 933 2232 eliam
946 2187 1053 2236 naturali

104 2259 157 2320 plus
170 2270 217 2304 una
235 2270 268 2304 ex
286 2259 355 2316 parto
371 2253 499 2316 discrepat.
516 2279 543 2290 -
561 2254 648 2302 Eorum
666 2254 840 2317 principiorum
855 2255 915 2304 illud
930 2259 1054 2306 estmaxi·

104 2343 179 2380 inum.
197 2341 282 2375 omnes
294 2325 413 2384 homines,
430 2325 637 2386 quemadmodum
652 2339 740 2388 genere
756 2333 891 2389 naturaque
908 2327 999 2377 similes
1018 2329 1053 2377 in·

106 2398 259 2462 alligentur,
273 2397 307 2446 ila
321 2411 406 2459 reapse
421 2411 475 2446 esse
498 2396 523 2444 in
540 2396 638 2446 actione
661 2397 716 2447 vitas
731 2397 796 2446 inter
816 2413 842 2446 se
857 2412 928 2461 pares
944 2416 950 2448 :
966 2415 1053 2449 unum·

105 2471 342 2533 quemquoilaesse
365 2467 402 2516 sui
425 2466 496 2529 juris.
525 2471 552 2516 ut
577 2469 644 2518 nulle
669 2469 740 2517 modo
758 2467 902 2518 sitallerius
917 2472 1053 2520 auctoritati

104 2541 226 2590 obnoxius
240 2546 246 2586 t
260 2541 369 2600 cogitare
392 2541 423 2588 de
439 2553 466 2588 re
494 2539 605 2601 qualibet
626 2553 682 2602 quae
696 2539 763 2600 velit,
785 2555 858 2603 agere
872 2542 938 2602 quod
960 2543 1051 2602 lubeat,

103 2613 180 2663 libere
193 2626 263 2676 posse
273 2627 279 2660 τ
291 2611 428 2674 imperandi
439 2612 494 2660 aliis
504 2612 544 2675 jos
561 2613 648 2661 essein
662 2612 761 2662 nemine
784 2613 825 2660 llis
839 2611 971 2662 internata
982 2616 1053 2663 disei-

104 2685 176 2749 pliuis
190 2683 477 2747 societate,prineipatus
494 2698 544 2733 iton
560 2689 597 2733 est
621 2683 668 2736 nisi
683 2685 765 2746 populi
778 2685 902 2738 veluntas.
920 2686 971 2748 qui,
988 2693 1014 2736 ut
1028 2688 1053 2736 in

103 2757 141 2806 sui
155 2757 233 2819 ipsius
247 2756 363 2805 uniceesl
377 2760 504 2819 potestate.
524 2755 559 2804 ita
577 2755 724 2818 sibimetipsi
740 2757 808 2806 selus
823 2757 926 2820 imperat
941 2771 948 2816 ;
964 2759 1050 2821 deligit

103 2835 193 2878 autem.
206 2827 295 2890 quibus
305 2842 330 2876 se
341 2827 485 2888 committat,
502 2828 536 2876 ila
552 2833 633 2877 tamen
648 2832 676 2877 ut
687 2828 783 2891 imperii
797 2841 844 2877 nen
858 2834 905 2878 lam
914 2829 963 2892 jus,
980 2845 1053 2892 quam

104 2914 192 2950 munus
209 2901 235 2947 in
250 2913 293 2948 ees
307 2899 445 2958 transierat,
462 2899 536 2961 idque
550 2913 593 2948 suc
606 2899 889 2950 nominecxcreendum.
913 2903 940 2950 lu
955 2903 1053 2951 silentio

101 2971 167 3034 jacet
181 2970 314 3020 dominatio
327 2971 420 3030 divina,
443 2985 491 3020 nnn
507 2985 578 3020 secus
599 2985 628 3020 ac
646 2971 684 3021 vel
696 2973 759 3020 lteus
773 2975 817 3020 aut
831 2972 912 3020 nullus
926 2979 1001 3032 esset,
1013 2979 1055 3023 aut

103 3043 203 3093 humani
214 3041 312 3105 generis
328 3042 469 3092 societatem
494 3043 556 3090 nibil
572 3047 667 3093 curaret
680 3057 687 3102 3
702 3043 739 3092 sel
762 3043 874 3092 hemines
898 3043 948 3094 sive
962 3045 1054 3108 singuli

104 3115 156 3165 sire
165 3113 249 3163 sociati
264 3113 324 3162 nibil
336 3115 384 3162 beo
394 3114 524 3167 deberent.
545 3115 584 3164 vel
605 3113 756 3178 principatus
766 3115 868 3179 cogitari
885 3121 967 3180 pessel
977 3117 1052 3177 ullus,

103 3183 174 3246 eujus
186 3199 235 3234 nnn
250 3183 275 3232 in
290 3187 338 3233 lleo
350 3185 402 3247 ipso
417 3199 505 3235 causas
523 3191 548 3236 et
562 3186 598 3236 ris
614 3191 638 3236 et
652 3186 782 3236 auctoritas
804 3191 853 3235 tela
870 3187 983 3237 resideat.
1004 3189 1053 3246 Quo

103 3258 184 3316 mode,
195 3259 222 3304 ul
232 3255 386 3320 perspicitur.
403 3261 441 3306 est
465 3259 601 3320 respublica
617 3258 678 3308 nibil
694 3257 759 3306 uliud
780 3257 825 3306 uisi
842 3259 957 3322 nrapistm
968 3265 992 3309 et
1005 3275 1053 3324 gu-

102 3328 274 3380 bernatrixsur
288 3328 418 3377 multitude
432 3341 439 3378 ε
455 3343 560 3391 eumque
577 3331 683 3393 populus
699 3331 809 3379 emnium
821 3330 914 3392 jurium
925 3331 1053 3393 omnisque

102 3399 230 3465 potestatis
254 3401 345 3449 lentem
366 3399 389 3448 iu
405 3413 431 3450 se
443 3399 496 3462 ipso
520 3401 645 3451 continere
662 3402 770 3460 dicatur,
786 3415 938 3464 consequeus
957 3402 1011 3460 erit,
1028 3408 1054 3451 ut

133 3609 155 3656 l.
169 3609 200 3666 llp
216 3617 337 3656 mxxxttrr.
