2570 4006
467 302 553 354 arura
575 307 691 358 arruns
1018 298 1076 364 titt

105 425 123 464 a
146 403 366 508 susbscriptione
375 413 697 492 pratirsinediiatione
710 420 937 502 imponendam.
950 424 1006 488 suh
1015 445 1076 508 poe·

104 513 122 552 s
147 513 193 594 ms
206 503 235 558 et
250 503 387 562 censuris
402 504 548 567 incudem
560 505 681 570 decreto
694 513 845 574 contentis
856 513 1070 596 approbetur.»

107 582 265 683 (t'tdeiicet
282 593 548 665 excommunicat,
571 596 788 662 combustionis
808 601 956 666 librorum
969 612 1074 669 contra

103 670 199 772 dictas
215 678 454 758 praescriptiones
468 683 695 765 impressorum,
706 699 736 752 et
748 691 868 756 mulctae
878 691 1072 776 pecuniaria.

27 804 29 808 .
104 759 527 846 viden'reiecturum-,cot
542 778 945 860 1005;etconc.m·ident.,.
958 785 1072 869 sessi.)

106 871 121 909 r
142 849 205 915 ttae
221 852 285 936 tege
298 864 328 916 rt
339 850 513 924 conditione
528 863 639 940 addita,
656 872 691 929 ut
702 869 954 946 esenrpiumirbri
965 871 1074 954 impri-

100 960 117 998 r
142 942 244 1004 mendi
261 944 465 1010 authenticum
481 962 510 1012 et
527 970 620 1018 manu
634 959 764 1020 auctoris
775 959 981 1041 subscriptum
993 961 1073 1042 apud

98 1046 115 1085 r
139 1031 338 1096 examinator.
348 1046 513 1100 remaneat.
526 1041 654 1114 »Quoad
668 1061 801 1124 excom,
811 1045 947 1130 V.G.rtp.
961 1049 1028 1114 Sed.
1046 1050 1069 1118 L

131 1131 201 1189 tta.
225 1125 302 1188 Huic
315 1129 426 1208 regulae
440 1131 466 1192 X
480 1127 579 1192 addita
593 1129 650 1192 tuit
662 1130 829 1194 observatio
843 1150 975 1213 sequens
982 1133 1069 1210 jussu

95 1214 254 1278 Alexandri
269 1217 356 1297 Papae
371 1217 421 1278 vu
444 1235 452 1278 τ
472 1239 488 1278 u
500 1219 650 1299 Urgentes
664 1219 695 1279 in
709 1220 793 1282 Statu
807 1219 877 1281 Sedi
891 1219 1070 1302 Apostolicae

93 1304 223 1368 mediate
236 1303 282 1367 rel
296 1303 469 1369 immediate
482 1305 635 1384 subiecto,
651 1325 714 1368 non
729 1315 854 1390 possunt
868 1308 1068 1372 transmittere

93 1390 216 1456 iihrnsa
239 1412 271 1456 sc
293 1393 475 1475 compositos
495 1395 565 1456 aiibi
580 1395 814 1477 imprimendos,
839 1397 905 1459 sinit
927 1399 1065 1478 expressa

92 1481 318 1564 approbatione,
333 1483 408 1544 etin
422 1483 550 1566 scriptis,
565 1484 809 1548 Eminentissimi
822 1501 858 1548 ao
871 1483 1069 1548 Reverendis·

91 1571 160 1633 simi
176 1572 212 1632 D.
229 1569 392 1634 cardinalis
415 1573 600 1636 sanctissimi
623 1573 745 1636 Domini
768 1573 867 1636 Nostri
890 1573 1021 1646 Vicarii,
1040 1579 1071 1638 ot

91 1659 225 1742 Magistri
243 1660 326 1724 Sacri
349 1660 469 1734 Palatii,
495 1662 520 1724 si
541 1661 573 1724 in
595 1662 695 1740 Urbe;
719 1663 744 1725 si
763 1664 834 1725 verb
854 1668 937 1725 extra
956 1661 1070 1726 Urbem

91 1749 233 1826 existant,
249 1750 315 1812 sine
329 1749 476 1814 Ordinarii
490 1751 546 1814 ioci
561 1751 652 1820 iilius.
668 1752 731 1815 sire
745 1750 784 1814 ab
797 1751 845 1814 his
858 1751 1070 1834 deputatorum

91 1838 230 1902 facultate
243 1845 274 1902 et
286 1838 406 1902 licentia
418 1840 501 1922 operi
512 1840 676 1923 infigenda.
687 1861 703 1900 u
716 1839 785 1903 Vid.
799 1841 907 1920 Bouix,
918 1839 962 1904 De
977 1838 1070 1904 Curid

93 1927 235 2004 Romana,
250 1947 282 2010 p.
299 1932 373 2004 him
388 1934 418 1990 et
432 1927 476 1991 De
492 1929 648 2012 Repulor,
662 1936 685 1992 t.
698 1933 734 2006 2,
749 1949 781 2012 p.
800 1933 868 1994 ttt.

136 2039 152 2078 n
173 2019 231 2080 Eos
244 2018 330 2093 verb,
345 2017 397 2098 qui
411 2016 529 2080 libellos
542 2019 764 2101 manuscriptos
777 2020 916 2101 suigaut,
932 2018 989 2082 nisi
1000 2023 1069 2084 anta

91 2128 108 2167 a
131 2105 291 2170 examinati
302 2106 479 2188 probatique
487 2106 608 2181 fuerint,
620 2107 728 2170 iisdem
737 2108 835 2188 poenis
844 2108 951 2187 subjici
959 2107 1069 2171 debera

91 2217 107 2254 u
129 2194 304 2276 judicarunt
320 2197 420 2257 Patres
436 2195 590 2276 deputati,
612 2195 723 2277 quibus
745 2195 957 2278 impressores3
973 2197 1067 2278 etqui

93 2309 108 2343 u
133 2301 186 2346 eos
198 2283 357 2346 habuerint
370 2289 399 2346 et
413 2284 560 2366 legerint,
575 2284 634 2346 nisi
647 2291 786 2348 auctores
799 2283 997 2367 prodiderint,
1012 2302 1068 2366 pro

93 2397 108 2435 u
133 2373 304 2436 auctoribus
330 2372 507 2436 habeantur.

132 2463 238 2544 »ipsa
259 2463 330 2525 verb
356 2461 530 2542 huiusmodi
554 2463 701 2526 librorum
727 2461 864 2546 probatio
891 2461 923 2522 in
950 2461 1069 2542 scriptis

93 2575 108 2611 n
132 2550 231 2628 detur,
246 2557 276 2614 et
290 2551 321 2614 in
330 2549 428 2614 ironte
442 2550 508 2614 iibri
519 2552 565 2615 vel
579 2553 681 2636 scripti
694 2552 741 2614 vel
752 2551 888 2633 impressi
899 2549 1068 2613 authentice

93 2663 108 2700 r
133 2646 285 2723 appareat,
301 2639 497 2723 probatioque
508 2647 538 2704 et
547 2659 674 2705 examen
683 2659 719 2704 ac
729 2647 837 2704 caetera
851 2639 942 2721 gratis
956 2637 1039 2701 fiant.

133 2733 203 2792 tts.
225 2751 242 2789 a
266 2729 432 2807 Praeterea,
448 2729 480 2792 in
499 2730 626 2812 singuiis
642 2729 811 2793 civitatibus
824 2736 855 2791 et
871 2726 1065 2804 dioecesibus,

93 2843 108 2879 u
133 2819 242 2882 domus
256 2819 302 2881 vei
316 2818 385 2896 ioci,
400 2817 451 2880 ubi
464 2837 513 2882 ars
529 2819 721 2900 impressoria
735 2825 905 2887 exercetur,
921 2824 951 2879 et
963 2815 1069 2880 biblio·

93 2930 108 2966 n
133 2908 227 2971 thccae
237 2908 383 2970 librorum
397 2907 682 2990 venalium,saepius
692 2906 1021 2988 visitenturapersonis
1029 2905 1068 2968 ad

93 3021 109 3058 u
134 2997 164 3060 id
175 2995 355 3080 deputandis
368 2995 407 3058 ab
420 2997 570 3078 Episcopo
577 2996 638 3058 sive
652 2997 718 3076 eius
731 2996 849 3058 Vicario
859 3043 867 3067 ‚
878 3003 968 3077 atque
977 2995 1069 3058 etiam

93 3109 109 3146 r
134 3086 172 3148 ah
191 3086 369 3167 inquisitore
383 3084 531 3148 haereticae
545 3085 716 3167 pravitatis,
731 3091 764 3146 ut
783 3084 857 3146 nihil
875 3101 982 3146 eorum
999 3101 1069 3164 qua

94 3197 109 3236 r
134 3173 350 3258 prohibentur,
365 3181 417 3236 aut
426 3174 616 3256 imprimatur
625 3179 678 3236 aut
689 3172 836 3236 vendatur
848 3179 900 3236 aut
913 3171 1067 3236 habeatur.

134 3285 150 3323 u
174 3266 286 3328 Omnes
299 3263 370 3326 verb
380 3262 491 3325 iihrarii
503 3268 533 3324 et
541 3263 730 3344 quicumque
739 3261 885 3324 librorum
900 3261 1070 3326 venditores

95 3376 111 3412 n
135 3351 264 3415 habeant
287 3352 318 3414 in
332 3353 396 3414 suis
410 3351 597 3415 bibliothecis
611 3350 743 3414 indicem
757 3351 903 3414 librorum
917 3350 1069 3412 renalium

97 3462 111 3505 a
135 3457 212 3522 quos
225 3441 352 3512 habant,
369 3458 441 3504 oum
455 3439 674 3524 subscriptione
687 3439 834 3504 dictarum
849 3455 1067 3522 personarum,

95 3552 111 3590 a
135 3547 193 3594 nec
206 3529 281 3592 aiios
294 3529 386 3593 iihros
398 3529 543 3606 habeant,
558 3537 610 3594 aut
631 3529 776 3603 vendant,
801 3535 854 3592 aut
875 3531 1069 3608 quacumque

95 3641 111 3682 r
135 3617 389 3694 rationetradant,
408 3619 474 3680 sine
487 3617 794 3682 licentiteorumdcm
807 3615 1068 3698 deputandorum,

94 3729 111 3770 r
135 3705 194 3771 sub
206 3709 297 3783 punt
309 3707 480 3769 amissionis
493 3706 639 3770 librorum
653 3713 684 3769 st
696 3706 762 3768 aliis
775 3703 897 3767 arbitrio
906 3703 1068 3786 Episcopo·

234 3811 245 3855 ¹
933 3807 972 3868 Β
