2586 3988
474 225 697 274 enotabantur.
1050 209 1090 272 89

107 329 256 390 Secusest
268 328 301 388 in
315 325 472 408 rescriptis
481 327 614 406 iustitiae,
630 346 698 409 quae
708 343 770 389 non
780 325 920 390 vitiantur
934 347 1000 411 ipso
1009 328 1088 408 jare3

107 415 159 478 sed
175 417 321 480 duntaxat
331 433 392 497 ope
407 417 612 498 exceptionis,
629 424 661 478 ut
678 423 844 480 constater
858 436 925 500 cap.
940 417 979 480 Si
993 427 1090 480 cirtem

106 513 135 568 et
156 523 225 588 cap.
251 504 427 588 Plerumque
452 509 500 576 23,
524 504 559 568 de
576 505 749 587 descriptis.
769 505 853 570 unde
876 525 1033 588 processus
1061 507 1090 569 ri

108 595 232 657 illorum
249 594 357 672 lactus,
372 593 489 658 validus
503 601 558 664 est,
574 595 630 658 nisi
646 595 833 658 adversarius
846 595 884 658 de
897 597 1091 680 subreptione

108 684 246 768 ipsorum
261 685 403 768 excipiat.
427 684 513 747 Ratio
531 683 713 766 disparitatis
736 686 815 747 inter
835 687 978 767 rescripta
990 687 1092 768 gratiae

107 779 137 835 ct
154 775 303 857 rescripta
320 775 464 854 justitiae,
480 774 620 856 estquod
638 793 692 857 per
705 775 804 857 priora
820 775 920 838 statim
931 775 981 854 J'us
995 775 1091 858 irnpe-

106 864 200 926 tranti
214 864 390 946 acquiratur
403 870 432 925 et
445 861 621 926 difficilioris
630 865 691 927 sint
704 863 939 946 impetrationis;
950 863 1024 926 dinn
1039 883 1093 946 per

107 953 294 1033 posteriora,
310 951 428 1014 nullum
441 951 491 1031 jus
503 951 591 1014 datur
612 953 802 1036 impetranti,
822 952 875 1016 sed
896 954 1092 1016 committitur

108 1045 228 1104 uotum
248 1042 382 1124 cognitio
404 1041 516 1122 negotii
541 1041 631 1104 certis
650 1041 802 1121 judicibus
824 1041 985 1124 delegatio,
1011 1042 1092 1106 unde

111 1127 229 1194 faritius
242 1129 464 1196 conceduntur.
481 1129 565 1192 nude
579 1129 679 1214 qudd,
695 1131 817 1212 quando
830 1131 1015 1195 adversarius
1029 1151 1091 1194 non

110 1221 239 1302 excipit,
260 1220 353 1302 judex
377 1218 512 1302 procedit
533 1219 572 1283 de
593 1221 749 1284 communi
772 1222 904 1302 partium
928 1239 1089 1286 consensu.

111 1308 306 1393 (Reiffenst.,
321 1309 362 1371 ib.
376 1311 531 1386 troam).

147 1403 202 1462 st.
212 1401 335 1473 (iurarit.
350 1403 413 1463 10⁰.
424 1401 532 1462 Utrum
543 1398 697 1482 subreptio
707 1398 887 1480 contingens
897 1399 928 1460 in
939 1401 1093 1483 unaparte

110 1490 251 1573 rescripti
266 1489 369 1573 plures
382 1487 521 1550 habentis
535 1495 648 1570 partes,
666 1487 747 1552 vitiet
757 1488 877 1551 totum?

149 1579 245 1660 Rosp.
263 1577 295 1641 Si
309 1577 464 1660 subreptio
479 1595 541 1638 non
557 1575 612 1641 luit
625 1575 745 1656 dolosa,
761 1577 813 1640 sed
829 1596 881 1660 per
891 1577 1092 1660 ignorantiam

109 1667 156 1729 rel
180 1667 422 1751 simplicitatem,
444 1685 505 1729 non
526 1665 610 1728 vitiat
633 1673 750 1744 totum,
775 1667 827 1728 sed
846 1666 928 1729 illam
949 1666 1094 1732 duntaxat

110 1763 229 1836 partem
239 1757 390 1838 cujusluit
402 1773 502 1820 causa.
516 1757 558 1818 lto
565 1757 777 1818 communiter.
790 1756 820 1818 Si
831 1755 1010 1833 subdolose,
1026 1777 1093 1839 pro·

111 1843 243 1909 babillus
262 1853 325 1922 est,
349 1845 450 1928 inquit
470 1843 645 1924 tteillenst.,
664 1845 760 1908 vitiari
780 1851 877 1909 totum
891 1846 1090 1928 rescriptum,

110 1951 148 1996 er
162 1952 231 2016 cap.
246 1935 297 1998 cit.
314 1934 414 2018 Super
427 1933 550 1997 litteris.

152 2025 232 2087 Sunt
245 2032 347 2088 tamen
362 2031 500 2087 auctores
517 2024 570 2107 qui
591 2023 697 2088 dicunt
716 2029 788 2088 tunc
800 2023 898 2086 vitiari
917 2029 1014 2086 totum
1028 2045 1092 2088 res·

110 2115 244 2196 criptum
262 2113 456 2177 solummodo
472 2115 503 2175 in
518 2113 643 2195 partein
658 2117 718 2195 qut
734 2113 788 2176 luit
805 2114 959 2196 subreptio
976 2112 1089 2177 dolosa.

111 2205 153 2266 lta
165 2203 300 2266 Sancbea
312 2209 342 2266 et
357 2205 510 2284 baymann
519 2202 632 2280 (netu,
645 2202 687 2264 ib.
704 2206 863 2282 tlt-177).

42 2359 46 2366 ,
152 2297 204 2356 62.
228 2294 349 2366 Quaerit.
391 2296 452 2354 tr.
483 2294 592 2356 Utrum
619 2292 760 2354 vitientur
794 2295 937 2375 rescripta
971 2291 1093 2375 quando

113 2383 270 2464 subreptio
284 2381 431 2464 contingit
443 2381 524 2444 circa
537 2399 659 2445 causam
675 2398 737 2444 non
748 2382 904 2462 motivam,
915 2381 969 2445 sed
983 2380 1093 2464 impul-

113 2473 211 2535 sivam
225 2471 369 2534 tantbm?

154 2563 251 2624 Causa
264 2560 399 2643 rescripti
421 2562 531 2624 malloo
548 2578 602 2624 seu
615 2559 792 2643 principalis
809 2566 855 2623 esi
868 2561 940 2640 illa,
956 2561 1016 2645 qud
1032 2580 1093 2624 non

112 2653 272 2723 existente,
288 2651 370 2732 Papa
383 2651 565 2733 rescriptum
577 2669 639 2712 non
649 2649 839 2728 concederet,
854 2651 900 2713 rel
910 2652 1016 2714 saltem
1031 2669 1093 2714 non

112 2741 173 2803 nisi
184 2739 321 2802 restricte
334 2747 364 2802 et
374 2739 431 2803 sub
444 2744 534 2803 certis
546 2738 789 2816 limitationibus3
804 2758 895 2803 causa
904 2743 974 2804 vero
989 2740 1095 2823 impal-

112 2830 178 2892 siva
193 2847 248 2891 seu
264 2828 494 2892 secundariacst
506 2848 552 2902 ea,
564 2832 624 2910 qut
639 2846 700 2891 non
711 2829 868 2908 existente,
878 2829 1094 2894 concederetur

111 2917 308 3000 rescriptum,
325 2918 462 2999 quamvis
481 2935 543 2982 non
558 2925 620 2980 tam
635 2915 733 2980 facile.

153 3009 247 3089 Resp.
269 3007 431 3088 Sulueptio
458 3013 510 3070 aut
530 3005 666 3089 obreptio
689 3005 869 3090 contingens
894 3009 975 3072 circe
998 3008 1094 3072 solam
1170 3011 1174 3016 '

111 3115 231 3158 oausam
244 3093 433 3178 impulsivam
453 3115 516 3158 non
537 3097 620 3158 vitiat
632 3095 787 3178 rescripta.
813 3098 934 3162 Constet
954 3117 991 3162 ex
1005 3101 1094 3162 variis

112 3185 267 3268 capjuris
277 3203 346 3266 quae
356 3185 671 3248 citanturbiteitlenst.
682 3183 873 3262 (retemtas
884 3189 1093 3266 etl86)‚ratio

112 3274 196 3358 quod
211 3275 250 3337 ad
262 3271 445 3336 validitatem
456 3275 591 3356 rescripti
607 3273 756 3338 sufficiant
770 3284 900 3358 potestas
917 3286 946 3341 ot
957 3279 1094 3341 voluntas

113 3383 150 3427 er
165 3372 250 3447 parte
264 3363 474 3439 concedentis;
492 3365 581 3446 porrb
595 3362 705 3427 adsunt
718 3364 783 3428 brec
796 3366 963 3442 duo,dum,
979 3367 1094 3429 remota

115 3453 310 3536 subreptione
334 3453 367 3516 in
390 3457 482 3518 causa
505 3453 689 3536 impulsiva,
715 3455 796 3536 Papa
823 3455 1001 3519 concederet
1029 3471 1093 3515 res-

115 3544 256 3625 criptum.

152 3637 202 3698 63.
223 3636 271 3697 Ex
284 3631 375 3697 dictis
391 3629 551 3697 deducitur
570 3635 728 3715 responsio
742 3634 782 3696 ad
798 3651 904 3697 casum
917 3649 979 3713 quo
992 3631 1093 3712 plures
