2506 3984
459 233 544 282 tura
565 231 682 280 runos.
1001 213 1058 274 aad

121 353 138 389 n
162 335 195 394 Ξ·
218 331 391 396 Consedere
412 332 523 394 litteras
550 331 793 395 dimissorias'ad
810 333 949 411 ordines,
973 339 1058 397 extra

76 439 95 481 a
122 437 227 484 casum
246 441 307 503 quo
320 421 489 504 Episcopus
510 421 541 484 in
564 421 688 484 remotis
712 420 888 502 regionibus
909 429 1054 486 versetur.

121 511 180 572 »3⁰
190 511 224 572 ln
234 511 358 574 materia
373 509 554 586 beneficiali,
565 529 602 574 ea
615 529 683 592 quae
696 515 769 573 sunt
776 527 869 574 morae
877 509 1060 574 liberalitatis

77 620 94 659 r
122 603 153 661 et
168 603 285 681 graue,
300 599 347 662 vel
362 601 493 682 speciem
507 598 619 662 habent
636 599 824 662 alienationis
836 619 844 675 ;
858 617 895 662 ac
913 599 1057 679 proindd;

78 707 95 746 n
122 687 189 750 sine
203 688 323 770 speciali
338 687 502 766 mandato,
523 705 584 750 non
598 695 694 769 potest
708 687 853 750 beneficia
868 686 1058 766 conferre...,

78 783 95 834 'a
122 776 192 856 quia
206 777 324 840 collatio
338 777 514 840 beneficii...
525 776 720 839 donationem
733 775 935 859 quamdam...
944 775 1057 858 sapit...

79 885 96 922 a
122 867 188 926 Non
208 871 306 948 potest
332 865 479 929 beneficia
500 866 688 948 supprimere
706 872 759 928 aut
778 863 869 927 simul
889 865 996 940 unire,
1011 865 1058 928 vel

80 975 95 1010 a
122 953 212 1016 lactas
226 955 356 1018 uniones
371 973 528 1018 revocare:
545 973 616 1016 nam
630 954 696 1017 haec
716 953 818 1016 omnia
832 953 965 1036 speciem
979 951 1057 1016 refe-

79 1064 94 1098 »
121 1049 193 1104 runt
205 1042 430 1106 alienationis...
451 1044 558 1124 Neque
580 1043 798 1106 beneficiorum
813 1041 1057 1123 resignationes,

79 1153 94 1188 a
120 1137 183 1193 tam
206 1131 380 1213 simpliciter
399 1133 493 1213 quim
517 1137 665 1193 excausa
688 1131 918 1212 permutationis
942 1130 1057 1210 lactas,

79 1241 95 1278 a
120 1219 293 1295 admittere;
305 1221 451 1301 quoniam
465 1237 572 1282 eorum
586 1219 730 1282 admissio
743 1220 869 1300 requirit
882 1224 1058 1299 potestatem

80 1331 96 1365 n
121 1307 339 1380 destituendi„
355 1307 475 1371 Vicario
494 1307 631 1370 Genereli
644 1353 652 1384 ,
667 1307 733 1369 sine
752 1307 873 1388 speciali
893 1307 1056 1386 mandato,

79 1415 183 1458 onon
205 1403 465 1478 competentem...
497 1400 543 1458 An
571 1402 672 1458 autem
699 1395 836 1458 vicarius
864 1395 1056 1459 Generalis...

79 1507 95 1543 n
120 1486 214 1568 possit
227 1491 423 1569 praesentatos
440 1488 457 1548 a
471 1485 606 1568 patronis
625 1484 781 1546 instituere
798 1490 828 1546 et
854 1483 966 1546 electos
983 1503 1057 1548 con-

80 1596 95 1634 r
120 1574 257 1654 firmare,
269 1573 305 1637 lis
314 1581 359 1637 est
372 1575 451 1638 inter
464 1575 619 1650 doctores;
634 1572 688 1635 sed
700 1572 797 1654 uirgis
811 1579 931 1654 recepta
940 1572 1058 1635 videtur

80 1686 95 1722 n
119 1663 222 1746 opinio
244 1681 313 1746 quae
328 1663 466 1740 Vicario,
482 1663 575 1726 solius
597 1662 746 1744 generalis
769 1660 903 1724 mandati
925 1661 1054 1740 virtute,

80 1773 95 1811 n
119 1752 289 1817 facultatem
311 1752 415 1833 (banc)
436 1754 535 1816 inesse
556 1751 707 1814 affirmat:
727 1751 875 1814 institutio
895 1755 925 1812 et
948 1751 1058 1814 contir-

81 1863 97 1900 n
122 1843 213 1904 matio
227 1860 289 1905 non
303 1841 486 1906 liberalitatis
500 1848 530 1905 et
547 1841 661 1924 gratiae,
677 1839 730 1903 sed
747 1839 931 1904 necessitatis
949 1845 980 1901 et
990 1841 1055 1920 jua-

81 1950 96 1989 n
120 1930 190 1994 titire
203 1935 274 1994 sunt
290 1937 385 1995 actus.
401 1954 417 1993 o
435 1933 485 1996 Sic
497 1931 609 2014 pariter
622 1932 794 2012 Fagnanus,
810 1927 891 2012 apud
905 1931 942 1990 D.
958 1928 1055 1992 Bouix

81 2019 135 2098 (De
148 2020 260 2098 ludia,
274 2027 349 2082 lom.
371 2023 401 2096 l,
424 2039 473 2103 ap.
495 2021 575 2100 439),
599 2026 684 2100 putat
704 2018 857 2081 Vicarium
878 2017 1056 2080 Generalem

80 2126 167 2190 posse
181 2109 295 2191 absque
314 2108 434 2190 speciali
457 2107 600 2170 mandato
619 2105 794 2188 parochiam
812 2104 948 2168 conferre
962 2106 1056 2169 electo

81 2195 112 2261 in
126 2216 287 2273 concursu,
307 2204 450 2279 tanquam
470 2197 566 2278 magis
585 2195 715 2272 idoneo,
732 2197 803 2276 quia
821 2195 865 2256 sic
883 2193 995 2256 electus
1005 2195 1056 2274 jus

80 2288 260 2369 acquisitum
274 2285 375 2349 habet:
391 2286 576 2348 contrarium
590 2291 692 2345 tamen
706 2284 756 2345 alii
769 2289 873 2346 tenent
886 2299 957 2344 eum
967 2285 1052 2344 lictu.

124 2397 188 2437 u...
211 2375 344 2439 lllelioris
362 2383 441 2438 note
461 2376 524 2437 DD.
546 2375 680 2436 sentiunt
698 2373 854 2435 Vlcarium
876 2370 1055 2433 Generalem

79 2486 95 2525 r
120 2463 184 2528 sine
203 2464 325 2548 speciali
342 2463 505 2542 mandato,
519 2462 722 2526 dioecesanam
743 2460 902 2543 synodum
919 2457 1054 2522 indicere

80 2576 95 2614 r
119 2561 149 2618 et
161 2555 312 2618 celebrare
327 2571 388 2616 non
403 2571 501 2636 posse.
518 2575 533 2612 r

119 2645 172 2707 His
187 2643 298 2708 Bened.
315 2645 382 2706 lllV
391 2643 548 2724 sequentia
561 2640 699 2704 addenda
712 2647 799 2704 sunt:

119 2734 253 2796 vicarius
271 2731 444 2806 Generalis,
460 2730 575 2812 obmue
589 2729 710 2812 speciali
724 2727 886 2805 mandato,
902 2725 1054 2810 nequitde

80 2821 176 2884 causis
189 2821 398 2884 criminalibus
410 2837 603 2901 cognoscere,
617 2837 673 2880 nec
686 2821 909 2900 consequenter
922 2817 1054 2900 aliquem

81 2909 118 2972 ab
140 2909 245 2972 ordine
257 2957 265 2982 ,
279 2909 377 2972 officio
391 2915 444 2972 eut
462 2908 610 2970 beneficio
628 2907 781 2989 deponere
795 2907 883 2989 (Cap.
899 2905 984 2968 Licet
996 2953 1005 2982 ,
1019 2906 1054 2968 de

83 2999 184 3081 Officii
200 2997 323 3075 Vicani,
339 2997 371 3060 in
385 2997 443 3078 6⁰),
461 3014 561 3078 neque
583 2995 866 3077 excorporationem
881 3013 935 3058 seu
952 2995 1054 3056 Exeat

81 3087 189 3152 clerico
212 3086 390 3150 concedere.
411 3088 455 3148 lla
478 3087 625 3167 Fagnan,
654 3103 691 3148 ex
715 3103 780 3167 eap.
804 3083 1003 3167 Sipnifieusti,
1019 3081 1054 3145 de

84 3173 188 3258 Officio
201 3173 419 3246 Arrhidicroai.
437 3173 478 3237 η’·
492 3177 511 3236 2
525 3181 555 3238 et
567 3177 598 3250 3,
614 3172 695 3257 apud
708 3175 867 3255 Lequeux,
884 3191 917 3236 no
930 3176 1000 3235 236.

119 3267 193 3326 ltem
208 3263 321 3346 absque
339 3264 446 3326 eodem
467 3263 610 3326 mandato
631 3282 693 3326 non
710 3269 808 3345 potest
821 3261 1053 3324 Constitutiones

82 3351 1053 3436 synodalesmuaere,nequevisitationemdioecesisiaeere,neque

82 3442 236 3527 parochias
248 3449 300 3506 uut
313 3442 371 3504 alia
387 3439 533 3504 beneficia
546 3443 675 3524 erigere,
692 3459 792 3523 neque
806 3439 962 3521 imponere
980 3454 1053 3518 pen·

81 3533 197 3595 sionem
208 3547 294 3614 super
315 3530 470 3594 beneficiis
483 3531 514 3592 in
529 3531 648 3594 casibus
660 3531 810 3612 Episcopo
820 3526 983 3610 permissis,
1002 3543 1053 3588 ne·

84 3639 142 3704 que
153 3620 456 3686 ecclesiasdirutesin
468 3619 543 3684 eliae
554 3619 715 3683 viciniores
727 3618 869 3681 ecclesias
877 3614 1048 3688 treusierre,
